1858 3126
318 158 420 205 460
530 190 535 194 ·
736 158 971 202 GEORGII
1002 159 1348 207 PACHYMEms
1383 197 1387 204 .
1423 199 1425 201 .

319 277 399 321 λεις
423 272 552 325 δῆλος
578 271 752 327 γίνεται,
790 274 857 315 καὶ
889 273 935 316 τὸ
956 271 1109 323 πένθος
1140 274 1278 331 σφίσιν
1297 275 1586 333 αἴρεταιμέγα.
1622 284 1625 286 ’
1657 276 1770 332 ὅμως

267 349 296 382 C
321 342 364 382 δὲ
382 340 448 382 καὶ
470 344 817 396 παρακαλοῦνται’
828 342 1029 395 βασιλέως
1060 342 1313 397 πέμψαντος.
1382 345 1489 400 πλὴν
1505 345 1599 400 ἀλλ’
1618 343 1769 400 Ἀμού-

315 425 403 463 ριος
439 408 506 469 καὶ
546 406 677 457 οὕτως
712 410 1060 454 καθυπεστέλλετο
1081 443 1096 464 ,
1142 410 1217 454 οὐκ
1245 410 1338 454 οἶδα
1369 412 1446 456 εἴτε
1477 413 1553 456 τὸν
1577 413 1661 457 ἀπὸ
1693 418 1766 457 τοῦ

314 480 581 532 Χαρμπαντᾶ
605 475 740 534 φόβον
768 478 860 536 (τὰς
889 479 967 535 γὰρ
985 484 1059 522 τοῦ
1091 479 1270 537 ἀδελφοῦ
1291 482 1514 532 συνθεσίας
1529 482 1675 537 {tafroc
1692 500 1766 538 τη-

315 552 398 602 ρεῖν
425 544 591 600 ἤθελεν)
624 545 681 589 ἔτι
707 544 763 596 ὥς
800 547 903 597 εἰκὸς
929 545 1219 605 ὑφορώμενος,
1264 549 1340 592 εἴτε
1372 549 1446 606 τὴν
1474 549 1555 593 ἀπὸ
1571 547 1800 610 staura-{1055

314 613 518 668 εὐμένειαν
535 613 904 670 προσποιούμενος,
942 619 1008 659 καὶ
1034 617 1201 671 πέμψας
1223 617 1310 675 ᾔτει
1337 618 1508 672 βασιλέα
1527 618 1575 661 τὸ
1591 622 1768 680 ‘roiano-3

313 687 456 737 ταμῶν
476 680 694 738 μεσόγαιον
711 683 789 727 ἀνὰ
811 683 1016 742 Σάγγαριν
1026 719 1038 737 ,
1076 684 1336 742 Μεσονήσιον
1353 685 1509 742 ε’τῦμως
1528 686 1774 741 ὠνομασμέ-ρ

312 769 404 804 νον,
443 751 514 808 ἐφ’
534 746 644 810 ᾧπερ
662 760 747 802 τοῖς
771 755 889 803 ἰδίοις
913 753 1238 810 οἷκηθησόμενον
1264 761 1351 804 τοῖς
1378 755 1489 806 ἐντὸς
1517 757 1693 799 οἰκοῦσιν
1713 757 1773 805 εἷς.

314 819 499 878 φυλακὴν
519 821 661 863 κέοιτο.
731 821 836 864 ἀλλὰ
859 826 941 865 τῶν
971 821 1168 866 τοιούτων
1199 823 1297 874 τέως
1318 824 1627 881 ἇνηρτημένων,
1663 825 1768 875 τινὲς

265 897 296 931 D
318 893 399 933 τῶν
431 889 580 931 ἐκείνου
610 888 706 932 κατ’
738 889 945 945 οὖλαμοῦς
975 891 1224 941 διεκθέοντες
1260 893 1384 936 κακὸν
1424 890 1644 950 ἂπάντημα
1667 891 1824 939 ‘Pto-10

313 958 450 1013 μαίοις
478 958 533 1013 εἷς
561 957 759 1014 τρυγητὸν
793 960 941 1010 ἐξιοῦσι
969 964 1061 1003 ,τῶν
1094 960 1407 1016 ἀτημελημὲνων
1437 959 1655 1016 κτημάτων
1685 962 1767 1018 ἓγί-
1828 1017 1839 1021 -

313 1043 445 1070 νοντο.
513 1020 620 1081 ἦσαν
639 1026 718 1083 γὰρ
736 1028 925 1071 ἐντεῦθεν
943 1029 995 1070 τὰ
1021 1027 1227 1084 πρόστιμα
1258 1034 1340 1073 τῶν
1353 1027 1770 1087 ,ἕαλωκότωνφωρῶν

311 1094 503 1152 ἄντικρυς
524 1092 753 1149 πρόστιμα,
792 1098 827 1139 εἶ
842 1101 917 1152 γῆν
933 1096 984 1151 ’ἢν
1004 1097 1072 1140 διὰ
1091 1096 1261 1153 σπάθης
1285 1096 1506 1153 ἐκτήσαντο
1525 1100 1667 1141 ἐκεῖνοι
1685 1115 1768 1141 πα-

311 1170 416 1206 τοῒεν
441 1165 508 1206 καὶ
531 1163 583 1206 τὰ
610 1165 750 1221 σφίσιν
776 1166 820 1207 ἐκ
850 1165 1030 1220 πολέμου
1049 1164 1339 1222 ,περιγεγονότα
1357 1167 1627 1223 καρπίζοιντο.
1697 1165 1767 1223 διά

314 1249 376 1275 τοι
397 1236 530 1275 ταῦτα
551 1234 618 1275 καὶ
636 1233 824 1288 μαχητὰς
851 1232 1124 1288 μισθούμενοι
1146 1234 1362 1292 ἅνθρωποι
1381 1234 1693 1289 ἀποτολμῶντες
1713 1236 1766 1279 τοὶ
1779 1246 1821 1281 15

261 1306 294 1340 Ε
319 1299 536 1356 θαλάσσης
558 1301 673 1357 ἐγγὺς
697 1303 985 1358 ἐπιχειροῦντες
1007 1303 1252 1358 δρέπεσθαι,
1289 1297 1337 1346 οὗ
1357 1305 1430 1357 μὲν
1457 1301 1687 1358 ηὖστόχονν
1700 1306 1775 1358 καὶ,

310 1369 596 1426 ἀπεκέρδαινον
607 1402 620 1422 ,
657 1370 708 1412 τὰ
731 1375 898 1414 πλεῖστα
919 1370 959 1413 δ’
980 1369 1232 1427 ἐσφάλλοντο
1253 1373 1319 1414 καὶ
1338 1370 1602 1428 ἐσφάττοντο.

446 1439 531 1482 Καὶ
552 1442 684 1481 ταῦτα
700 1438 775 1493 μὲν
797 1439 911 1490 ἐκτὸς
929 1444 1002 1494 τῆς
1021 1441 1337 1484 Κωνσταντίνου
1353 1435 1617 1499 ἓπρᾶττοντο,
1653 1439 1766 1492 ε’ντός

307 1581 349 1604 ex
373 1569 451 1604 aula
472 1570 595 1614 legatis
618 1570 807 1616 significata
830 1583 892 1626 per
915 1571 1071 1607 civitates
1093 1575 1169 1616 est,
1206 1572 1330 1607 luctum
1362 1573 1489 1618 passim
1510 1572 1682 1616 ingentem
1703 1571 1766 1606 de*-

306 1614 517 1650 clarantibus
540 1617 700 1662 satrapis,
724 1628 808 1662 quos
831 1622 1031 1662 imperator,
1055 1618 1233 1652 destinatis
1256 1618 1299 1652 ad
1322 1625 1589 1664 unumquemque
1611 1616 1767 1653 sui‘t'alis'

307 1660 549 1707 interpretibus
571 1662 697 1704 officii,
729 1663 893 1704 consolari
925 1663 1112 1698 humaniter
1143 1665 1284 1698 studuit.
1330 1664 1410 1698 illud
1442 1667 1522 1697 tuuc
1538 1668 1615 1698 ‘non
1637 1664 1766 1699 incom-

306 1707 403 1741 mode
425 1710 563 1752 praeter
585 1719 678 1752 spem
702 1708 854 1752 contigit,
877 1709 1058 1750 Amurium,
1081 1721 1178 1755 quem
1202 1709 1273 1743 sola
1297 1709 1444 1743 Cazauis
1465 1707 1657 1744 reverentia
1678 1718 1766 1755 pau-

306 1752 408 1787 lulum
441 1758 542 1787 antea
570 1765 758 1798 repressum
790 1754 878 1787 haud
913 1766 1018 1788 vanus
1048 1760 1122 1788 erat
1153 1759 1260 1788 metus
1293 1767 1334 1789 eo
1354 1755 1488 1790 sublato
1509 1755 1697 1790 rediturum
1719 1755 1765 1798 ad

306 1798 496 1844 ingenium,
519 1799 688 1833 continere
713 1811 788 1834 sese
811 1803 921 1834 tamen
944 1805 980 1834 et
1003 1801 1096 1846 pacis
1119 1801 1323 1835 voluntatem
1347 1812 1429 1845 prae
1453 1812 1492 1835 se
1513 1802 1624 1844 ferre,
1647 1800 1721 1835 sive
1743 1812 1766 1844 a

309 1845 518 1890 earmpauta
540 1844 669 1887 timuit4
692 1845 749 1891 qui
771 1845 964 1880 foederibus
987 1858 1008 1880 a
1032 1847 1168 1880 Cazaue
1193 1847 1302 1880 fratre
1333 1845 1424 1882 initis
1445 1845 1553 1888 (inter
1574 1845 1663 1893 qua'e
1684 1846 1766 1888 nota

307 1895 385 1926 erat
410 1901 483 1925 cum
506 1890 711 1937 imperatore
735 1891 931 1936 conventio)
953 1897 1046 1926 stare
1070 1904 1108 1927 se
1129 1892 1216 1926 velle
1239 1892 1492 1937 declaraverat,
1525 1891 1599 1939 sire
1618 1890 1771 1972 impera-'⁴

308 1935 393 1971 toris
417 1936 559 1981 gratiam
589 1937 632 1972 ad
663 1948 742 1972 suos
764 1937 828 1971 sibi
850 1937 935 1971 fines
966 1938 1078 1972 utilem
1101 1938 1288 1974 affectavit.
1334 1938 1446 1973 missis
1467 1937 1651 1984 hic'igitur
1682 1939 1772 1983 egi?

309 1983 354 2016 tis
377 1983 420 2016 ab
443 1982 649 2062 imXeratore
671 1983 770 2028 petiit
791 1983 929 2017 concedi
952 1983 1016 2018 sibi
1039 1983 1185 2030 propriis
1200 1985 1479 2030 frequentandam
1500 1980 1639 2018 coloniis
1652 1973 1772 2018 laten-s

310 2039 440 2062 amnam
463 2040 483 2063 a
530 2028 708 2075 Sangarim
731 2029 812 2072 (hoc
836 2033 889 2063 est
911 2034 1037 2064 terram
1059 2030 1148 2064 inter
1170 2030 1309 2064 flumina
1331 2030 1542 2071 conclusam,
1567 2040 1666 2076 quam
1689 2028 1773 2064 M‘ess'

309 2073 478 2108 sonesium
511 2086 553 2108 ex
586 2087 626 2110 eo
654 2075 845 2118 nominant,
880 2075 969 2121 quod
1002 2076 1111 2110 media
1133 2075 1223 2109 inter
1245 2087 1351 2122 aquas
1373 2075 1604 2122 undecumque
1627 2070 1775 2120 fluentis

309 2119 454 2153 amnium
476 2120 570 2154 velut
590 2121 698 2154 insula
722 2120 904 2165 cingitur),
939 2132 1036 2167 quam
1069 2121 1134 2155 sibi
1156 2121 1295 2168 suisque
1327 2114 1543 2156 habitandalm
1576 2126 1616 2155 ae
1640 2121 1766 2164 ''custo‘-

309 2164 464 2198 diendam
488 2166 627 2200 attribui
650 2166 825 2212 addicique
847 2166 984 2201 volebat
1014 2168 1056 2202 ab
1082 2169 1243 2212 Augusto.
1288 2178 1403 2202 verum
1424 2168 1558 2212 interim
1581 2167 1665 2200 dun·
1681 2165 1766 2199 haec

308 2210 455 2244 indeciso
490 2212 601 2246 adhuc
631 2215 781 2246 tractatu
816 2212 984 2258 pendent,
1016 2213 1150 2259 quidam
1184 2225 1226 2247 ex
1258 2213 1355 2247 huius
1388 2212 1508 2247 castris
1539 2208 1764 2259 manipulatim

307 2266 573 2300 quoquoversum
604 2262 821 2292 excurrentes
844 2259 1011 2293 hostiliter
1041 2260 1214 2293 irruebant
1235 2259 1270 2293 in
1293 2259 1480 2298 Romanos,
1508 2257 1650 2290 istarum
1670 2255 1764 2290 velut

306 2300 508 2335 indutiarum
540 2303 663 2338 fiducia
695 2303 846 2337 revisere
879 2316 980 2339 ausos
1015 2305 1169 2350 antiquas
1203 2305 1301 2338 sedes
1359 2302 1431 2337 uasi
1461 2302 1506 2336 ad
1526 2302 1762 2336 racemandum

306 2351 386 2391 post
408 2347 630 2391 vindemiam,
666 2353 703 2383 et
735 2349 764 2382 si
787 2349 869 2395 quid
892 2362 912 2383 e
946 2351 1014 2384 suis
1037 2351 1113 2384 olim
1135 2351 1282 2395 ipsorum
1306 2361 1343 2383 re
1368 2359 1406 2382 us
1424 2346 1628 2393 praedonum
1651 2348 1764 2381 avari-

306 2391 389 2425 tiam
414 2392 576 2436 fugisset,
609 2394 689 2426 inde
721 2395 968 2439 sublegendum.
1015 2397 1076 2430 hos
1099 2396 1149 2428 illi
1173 2395 1430 2440 comprehensos
1451 2391 1590 2426 statutis
1612 2392 1647 2426 in
1669 2393 1765 2427 fure·

307 2436 424 2482 poenis
446 2437 697 2472 inexorabiliter
720 2439 931 2483 plectebant:
959 2442 1086 2474 furtum
1111 2440 1195 2474 enim
1219 2439 1299 2484 ipsis
1323 2439 1502 2471 videbatur
1524 2449 1600 2472 esse
1623 2438 1773 2472 manife-'

307 2488 415 2524 stum,
448 2483 568 2516 tollere
591 2483 772 2529 quidquam
797 2495 838 2518 ex
862 2490 956 2519 terra
981 2498 1080 2530 quam
1104 2486 1166 2530 ipsi
1190 2496 1270 2519 ense
1296 2495 1336 2518 ac
1356 2483 1445 2517 bello
1468 2483 1638 2528 propriam
1662 2484 1765 2518 fecis-

308 2533 408 2570 sent,
442 2528 494 2562 cui
527 2529 674 2562 victores
706 2529 920 2572 insisterent,
954 2531 1048 2564 cuius
1079 2530 1153 2564 ideo
1185 2532 1314 2564 fructus
1346 2540 1459 2562 omnes
1481 2527 1554 2562 iure
1577 2528 1639 2562 sibi
1663 2540 1764 2575 quam

308 2573 435 2619 optimo
465 2574 633 2619 quaesitos
667 2575 918 2616 contenderent,
960 2575 1153 2620 servarique
1192 2580 1230 2608 ut
1260 2574 1400 2608 dominis
1432 2575 1578 2608 illibatos
1620 2585 1765 2620 aequum

310 2622 498 2654 censerent.
544 2620 608 2653 boc
640 2619 746 2652 nostri
778 2626 949 2664 comperto
981 2621 1212 2654 conducebant
1242 2619 1384 2664 privatis
1419 2619 1595 2666 stipendiis
1626 2621 1762 2662 milites,

311 2677 386 2699 cum
403 2665 524 2711 quibus
545 2668 757 2710 erumpentes
779 2664 814 2698 in
838 2665 913 2699 loca
935 2665 1134 2710 praesertim
1157 2665 1243 2698 mari
1263 2665 1373 2699 vicina
1393 2666 1507 2711 aliqua
1529 2679 1549 2699 e
1572 2666 1640 2700 suis
1656 2673 1764 2713 quon*

311 2711 386 2745 dam
409 2711 502 2756 agris
519 2722 702 2755 excerpere
724 2710 924 2757 tentabant,
958 2722 1199 2756 nonnumquam
1229 2710 1395 2756 feliciter,
1429 2714 1623 2758 plerumque
1651 2715 1763 2746 tamen

313 2756 455 2802 pessimo
478 2767 658 2791 successu:
681 2755 860 2809 intercepti
883 2756 1009 2802 quippe
1030 2756 1297 2791 trucidabantur.

402 2803 501 2838 Haec
530 2806 628 2838 extra
651 2801 974 2847 Constantinopolim
1010 2802 1147 2837 fiebant.
1193 2803 1284 2837 intra
1307 2803 1425 2838 urbem
1447 2814 1548 2849 porro
1571 2803 1678 2854 ipsam
1701 2813 1763 2849 pe·
