1820 3112
178 153 276 198 222
598 148 834 193 GEORGII
869 148 1222 193 PAGHYMERIS

177 265 295 310 τοῦτ’
320 263 502 321 ἀσφαλὲς
531 261 604 306 οὒκ
632 260 761 306 ἐδόκει
780 261 901 313 τέως·
940 261 1054 322 αὐτῷ
1075 263 1154 319 γὰρ
1174 261 1275 306 εἶναι
1295 266 1362 307 καὶ
1381 265 1554 316 ἐσαῦθις
1575 283 1648 320 με-

179 331 365 391 ταγνόντι
391 336 687 387 παραιτεῖσθαι
720 331 824 388 πρὸς
843 332 1042 386 βασιλέα,
1081 333 1148 374 καὶ
1174 330 1250 374 ὕπ’
1273 331 1478 394 ἀσφαλείᾳ
1496 339 1548 392 τῇ
1567 335 1648 377 302..

130 411 160 445 C
184 404 298 462 zvt'q,
337 401 421 444 ἔστι
450 402 474 443 δ
483 400 496 416 '
532 395 580 444 οὗ
616 402 684 443 καὶ
706 399 786 444 aim}
815 402 1024 458 μεγίσταις
1039 398 1227 456 χάρισιν,
1267 403 1325 452 εἷς
1339 409 1482 459 χεῖρας
1499 402 1649 446 ἑαυτὸν

180 471 402 528 ἐγχειρίζειν
432 475 520 519 τοῖς
544 470 649 527 πρὸς
680 470 752 513 τὸν
792 470 966 524 βασιλέα
997 469 1177 523 ἀξιοῦσι,
1229 471 1346 528 σφίσι
1373 471 1416 512 δ’
1451 469 1551 515 εἶναι
1577 471 1649 515 τὸν

179 542 365 583 κίνδυνον
389 538 572 596 ἄφυκτον
601 536 790 592 πάντως,
829 538 904 582 οὐκ
937 538 1097 594 ἔχουσιν
1117 537 1199 597 ὅπῃ
1218 538 1268 582 ἂν
1286 543 1370 583 τῶν
1390 543 1465 597 τῆς
1485 539 1683 598 &nequi-5

177 614 251 665 γῆς
267 606 404 653 τόπων
424 609 606 651 ἐκσταῒεν
626 610 695 651 καὶ
715 607 1008 665 ἀπερείσαιντο.

317 678 405 721 Καὶ
424 681 559 720 ταῦτα
581 678 654 732 μὲν
672 674 864 734 ὁρώντων
884 677 960 727 τὰς
979 680 1054 720 τοῦ
1073 674 1272 731 ἡγεμόνος
1289 676 1496 733 ἀναβολὰς
1517 675 1539 720 ὅ
1555 681 1652 727 νοῦς

183 747 257 791 οὔκ
286 745 364 798 ἔξω
394 750 478 789 τῶν
507 744 673 790 εἲκότων
701 745 983 801 ἀπεσχεδίαζε,
1031 747 1099 788 καὶ
1133 744 1174 788 ἔν
1204 744 1416 797 ὑπονοίαις
1445 747 1653 802 μεγίσταις

40 823 68 856 Ρ
94 824 158 859 151
185 816 306 860 ἐποίει
339 814 459 859 εἶναι·
531 814 654 873 (10)
691 812 894 870 ἑτέρωθεν
923 812 1031 858 καὶὸ
1058 816 1460 872 πρωτοβεστιαρίτης
1482 814 1531 859 τὸ
1551 818 1654 870 ξυμ-

183 884 308 929 πεσόν
341 884 455 940 παρὰ
489 887 629 927 πᾶσαν
662 884 807 928 ἐλπίδα
837 881 992 938 μαθών
1008 916 1022 936 ,
1069 888 1128 943 τῷ
1148 890 1315 938 βασιλεῖ
1327 881 1654 939 καθοσιούμενος
1667 893 1711 928 10

187 953 243 1004 ὥς
264 952 365 1011 παρ’
393 952 523 996 αὐτοῦ
543 953 746 1009 τιμηθείς,
775 952 816 996 ἐν
837 951 1049 1010 φροντίσιν
1075 947 1121 1007 ἦν
1141 954 1207 996 καὶ
1228 954 1318 1010 περὶ
1337 959 1423 1004 τοῖς
1441 952 1551 1003 ὅλοις
1567 954 1655 996 ἐδε-

187 1024 275 1066 δίει.
342 1025 422 1065 ποῦ
455 1023 535 1079 γὰρ
568 1020 669 1077 εἶχεν
695 1022 842 1072 ἐκεῖνος
873 1021 1204 1078 ἇναρριφθέντος
1233 1020 1434 1066 τοσούτου
1464 1020 1653 1066 κινδύνου

188 1091 291 1149 πρὸς
322 1088 445 1134 τόσον
471 1095 668 1148 στρατιᾶς
696 1090 933 1146 ἀντιστῆναι
951 1095 1140 1146 πλῆθοςς
1191 1093 1225 1134 εἴ
1253 1090 1297 1134 δ’
1319 1087 1392 1134 οὖν
1412 1090 1509 1134 ἀλλ’
1533 1093 1568 1134 εἲ
1588 1093 1657 1134 καὶ

189 1159 427 1216 συμπλοκὰς
447 1157 588 1203 ἐνενόει
606 1157 748 1215 μόλις,
786 1158 807 1202 ὅ
834 1164 932 1215 γοῦν
955 1160 1144 1203 ἐντεῦθεν
1161 1160 1347 1210 κίνδυνος
1365 1159 1480 1204 οὕπω
1498 1164 1656 1204 συστᾶ-

137 1242 166 1276 Β
190 1247 267 1274 σαν
289 1229 363 1285 τὴν
389 1230 480 1284 περὶ
510 1226 668 1273 τούτων
697 1227 852 1272 ἔννοιαν
871 1227 974 1272 ἔλυε.
1041 1230 1167 1285 χωρὶς
1187 1227 1266 1286 γὰρ
1290 1233 1374 1272 τῶν
1400 1229 1444 1272 ἐκ
1467 1232 1541 1284 τῆς
1556 1227 1714 1277 ‘Pto-,15

186 1301 338 1354 μα”ί”δος
367 1294 579 1352 δυνάμεων
592 1331 606 1350 ,
651 1297 698 1340 τὸ
730 1299 820 1354 περὶ
852 1299 1002 1340 ἐκεῖνον
1026 1297 1231 1354 Περσικὸν
1261 1295 1390 1352 μόνον
1418 1300 1486 1341 καὶ
1506 1298 1658 1349 ξενικὸν

190 1367 384 1425 ἀποχρῶν
406 1364 507 1410 εἶναι
529 1366 633 1425 πρὸς
653 1365 750 1416 τοὺς
772 1366 866 1423 περῖ
883 1366 1010 1410 αὐτὸν
1034 1368 1089 1416 εἷς
1106 1363 1374 1423 ἀνταγώνισιν
1393 1362 1516 1427 ᾤετο,
1554 1365 1660 1411 ὥστε

190 1437 295 1492 μηδ’
327 1435 560 1489 ὑποστῆναι
590 1433 764 1484 τούτους
795 1435 1003 1493 φανέντων
1030 1436 1202 1479 ἐκείνων.
1286 1434 1422 1486 ἄλλως
1446 1453 1490 1479 τε
1518 1436 1563 1479 δὲ
1593 1437 1662 1478 καὶ
1701 1445 1706 1450 “

193 1509 384 1563 φοβερῶν
415 1502 615 1547 τοιούτων
652 1502 893 1559 ἁψαμένους
924 1503 1099 1554 ἔκείνους
1127 1504 1231 1555 εἰκὸς
1263 1501 1363 1549 εἶναι
1389 1506 1457 1548 καὶ
1488 1502 1591 1563 ὑπὲρ
1611 1504 1660 1548 τὸ

190 1625 278 1660 sium
298 1625 516 1660 Chortatzes.
539 1624 619 1660 huic
637 1626 751 1671 patria
766 1625 906 1669 extorri,
927 1636 1073 1672 peregre
1090 1625 1259 1671 precario,
1282 1624 1371 1660 unde
1385 1623 1510 1658 nullum
1526 1625 1662 1670 pateret

191 1671 367 1717 effugium,
377 1671 526 1716 degenti,
537 1682 648 1705 acrem
660 1672 860 1706 admovebat
879 1683 992 1706 curam
1005 1672 1100 1706 nimis
1114 1671 1298 1706 verisimile
1315 1670 1501 1717 periculum
1519 1669 1662 1704 extremi

191 1729 255 1752 nec
279 1717 449 1752 evitabilis
472 1717 588 1759 exitii,
613 1717 663 1761 si,
687 1719 777 1763 quod
803 1729 942 1763 pronum
965 1719 1059 1752 tactu
1083 1722 1159 1752 erat
1181 1721 1217 1751 et
1241 1717 1323 1751 clam
1346 1716 1464 1763 parari
1487 1727 1544 1750 res
1564 1716 1664 1761 ipsae

192 1765 437 1807 monstrabant,
455 1764 762 1809 Philanthropenus
785 1775 890 1809 opera
913 1770 1134 1807 cognatorum
1156 1763 1296 1798 multum
1315 1763 1351 1798 in
1373 1762 1451 1797 aula
1472 1762 1663 1807 potentium

193 1810 319 1844 crimen
346 1810 537 1845 rebellionis
559 1810 778 1844 excusatione
801 1810 1027 1852 necessitatis,
1042 1810 1142 1855 quasi
1163 1809 1228 1844 vim
1253 1821 1293 1844 eo
1316 1807 1576 1855 propellentium
1599 1807 1665 1841 du-

194 1868 270 1890 cum
293 1867 334 1890 ac
357 1856 494 1891 militum
518 1856 690 1891 exercitus
721 1856 930 1901 nequivisset
962 1856 1126 1897 eluctari,
1159 1856 1251 1901 apud
1282 1856 1452 1901 principes
1486 1857 1664 1900 purgaret,

196 1901 398 1948 veniamque
421 1914 464 1937 ea
486 1902 615 1937 scilicet
637 1902 829 1937 conditione
849 1901 1070 1947 impetraret,
1093 1903 1123 1936 si
1145 1901 1311 1947 perfidiae
1330 1910 1488 1935 suasores
1511 1900 1666 1934 dederet.

197 1954 267 1983 tum
287 1948 378 1982 illum
397 1949 430 1983 in
449 1948 570 1983 maiori
590 1949 691 1990 etiam
707 1960 805 1994 quam
830 1952 933 1983 antea
954 1947 1068 1993 gratia
1092 1951 1128 1982 et
1150 1947 1306 1993 potentia
1328 1948 1491 1988 futurum,
1514 1945 1586 1980 sibi
1601 1944 1666 1979 mi-

197 1994 346 2028 serrimis
362 1995 519 2029 luendum
533 2006 630 2029 omne
644 1994 754 2029 scelus
770 1995 882 2040 capite
901 2006 943 2029 ac
960 1993 1126 2038 sanguine
1141 1994 1326 2039 ultimaque
1344 1991 1493 2039 pernicie
1507 1991 1665 2037 relinqui.

289 2041 353 2074 His
385 2041 441 2075 ille
474 2039 738 2085 cogitationibus
770 2045 950 2083 aestuans,
984 2052 1051 2086 quo
1083 2044 1227 2074 mentem
1259 2039 1468 2085 appelleret,
1501 2037 1602 2072 anxie
1629 2037 1667 2071 in

199 2097 330 2120 omnem
361 2091 490 2131 partem
523 2087 794 2133 explorabundus
822 2087 1026 2133 inquirebat.
1074 2087 1153 2131 (10)
1184 2086 1318 2121 aliunde
1341 2084 1548 2120 Libadarius
1583 2093 1667 2118 casu

198 2131 466 2176 inopinatissimo
490 2133 686 2178 perculsus,
717 2137 752 2167 et
773 2133 990 2168 vehementer
1021 2132 1240 2178 imperatori,
1273 2144 1294 2167 a
1315 2143 1383 2178 quo
1406 2142 1444 2165 se
1465 2131 1667 2164 honoratum

199 2183 317 2222 gratus
339 2179 552 2222 meminerat,
584 2180 686 2214 saluti
708 2183 889 2225 praeterea
911 2178 1067 2225 publicae
1098 2190 1140 2213 ac
1162 2190 1310 2213 summae
1333 2188 1444 2211 rerum
1467 2188 1488 2210 a
1510 2179 1580 2209 tam
1602 2185 1668 2220 po-

197 2223 285 2257 tenti
308 2224 457 2258 factione
479 2231 653 2269 metuens,
685 2225 721 2259 in
745 2237 868 2270 magna
888 2230 960 2260 tum
993 2224 1208 2259 solicitudine
1230 2228 1301 2259 tum
1322 2221 1563 2257 incertitudine
1585 2231 1667 2255 con-

199 2269 265 2303 silii
288 2268 500 2313 iactabatur,
538 2283 650 2306 secum
683 2272 783 2307 anxie
805 2272 998 2317 disquirens
1021 2271 1078 2306 ubi
1110 2270 1298 2317 reperiret,
1330 2268 1420 2303 unde
1449 2271 1510 2302 aut
1532 2266 1667 2312 quando

198 2314 393 2358 colligeret,
418 2323 587 2360 armaret,
614 2322 762 2363 quantas
785 2329 947 2363 praesens
970 2325 1051 2351 usus
1075 2318 1242 2363 poscebat
1262 2315 1347 2350 satis
1370 2314 1485 2347 firmas
1505 2317 1542 2346 et
1565 2323 1668 2347 exer-

203 2361 325 2395 citatas
349 2362 485 2406 copias,
518 2375 606 2409 quae
629 2367 724 2398 tanto
748 2363 915 2398 exercitui
942 2363 1190 2398 coniuratorum
1212 2362 1277 2396 iam
1298 2359 1473 2405 procincto
1497 2358 1540 2393 ad
1563 2369 1669 2404 prae-

202 2407 282 2441 lium
305 2418 378 2441 cum
402 2419 463 2453 spe
485 2408 644 2444 victoriae
667 2416 932 2455 opponerentur.
979 2409 1100 2443 videns
1133 2419 1234 2454 porro
1268 2417 1369 2452 quam
1402 2408 1496 2439 esset
1529 2415 1670 2439 necesse

201 2452 399 2498 perniciosis
422 2453 594 2500 principiis
617 2455 690 2490 sine
713 2466 806 2490 mora
832 2456 992 2496 obstare,
1026 2465 1131 2499 aegre
1153 2453 1245 2495 licet,
1267 2456 1379 2486 tamen
1402 2450 1613 2485 efferebatur
1634 2450 1670 2484 in

152 2503 158 2509 ⁴
203 2498 412 2544 propositum
445 2501 644 2536 occurrendi
675 2507 796 2536 contra
823 2505 962 2536 strenue
985 2500 1128 2544 acieque
1151 2510 1227 2533 cum
1248 2497 1430 2532 rebellibus
1453 2495 1671 2532 decernendi.

203 2544 266 2579 sed
287 2543 400 2586 istam,
416 2548 594 2590 antequam
617 2547 717 2592 plene
739 2547 879 2587 sideret,
895 2546 1097 2580 sententiam
1120 2544 1339 2589 gravissimae
1361 2542 1509 2588 undique
1530 2541 1565 2576 in
1589 2553 1672 2575 con-

203 2590 441 2625 siderationem
462 2591 674 2627 incurrentes
694 2593 842 2627 rationes
866 2591 1051 2626 diluebant.
1098 2590 1283 2636 reputabat
1305 2588 1392 2624 enim
1415 2587 1506 2634 apud
1529 2600 1568 2622 se
1589 2587 1672 2622 Phi-

204 2635 471 2682 lantbropenum‚
488 2637 647 2682 sepositis
670 2639 781 2679 etiam,
798 2649 882 2684 quas
904 2638 967 2672 sub
990 2636 1093 2682 siguis
1116 2638 1320 2677 numeraret,
1336 2633 1490 2680 plurimis
1511 2640 1548 2668 et
1571 2644 1674 2678 prae-

207 2681 331 2716 validis
354 2682 514 2717 Romanis
537 2684 667 2728 copiis,
701 2697 775 2719 cum
798 2684 880 2718 solis
905 2694 990 2729 quos
1016 2694 1130 2717 secum
1153 2682 1294 2716 duceret
1316 2680 1534 2715 auxiliaribus
1556 2678 1673 2714 Persis

207 2731 412 2774 caeteraque
434 2729 616 2774 peregrina
638 2729 768 2772 militia,
785 2730 885 2764 facile
900 2740 1000 2776 posse
1021 2729 1188 2774 repellere
1209 2727 1348 2773 quosvis
1371 2737 1507 2760 suorum
1530 2737 1572 2760 ac
1593 2734 1673 2760 suos

206 2773 372 2818 impetus,
407 2775 488 2819 quin
511 2780 548 2808 et
570 2775 758 2817 debellare,
788 2776 970 2821 delei-eque
1001 2779 1162 2821 quantum
1185 2773 1261 2819 ipse
1282 2773 1316 2807 in
1339 2772 1496 2817 expedito
1531 2770 1675 2806 militum

207 2819 370 2862 haberet,
401 2819 450 2855 ita
479 2825 519 2855 ut
552 2821 605 2855 sui
627 2832 671 2855 ne
692 2822 835 2868 primum
858 2822 993 2868 quidem
1015 2824 1231 2867 conspectum
1253 2822 1524 2866 comparatorum
1546 2828 1589 2852 ex
1612 2815 1675 2850 ad-
