1858 3126
566 175 676 220 Lm.
702 169 738 219 L
798 171 1155 218 GLOSSARIUM.
1480 166 1577 219 665

148 287 304 326 euriaco
325 292 472 324 cavata
490 284 673 323 sustineri
696 283 751 323 ait
771 285 907 323 aureis
930 283 1139 324 columnis.
1195 280 1266 321 sed
1291 286 1332 321 et
1354 294 1450 320 usus
1474 281 1583 335 apud

146 349 296 382 vetem
311 341 491 381 attributi
508 341 605 380 atrio
622 346 770 379 tectum
787 339 889 379 illud
908 339 1023 379 fuisse
1038 339 1319 377 demonstrant.
1373 337 1460 376 illic
1478 338 1582 376 enim

147 410 198 437 ex
217 398 346 437 Plinio
365 398 395 437 l.
414 397 469 439 35
490 410 526 436 c.
545 401 584 446 2,
613 397 776 449 Polybio
796 397 824 438 l.
846 399 887 445 6,
917 395 1098 433 luvenaie
1113 396 1198 434 Sat.
1210 397 1237 436 8
1256 400 1295 432 et
1317 393 1416 442 aliis,
1445 393 1583 445 imagi-

145 466 217 493 nes
234 454 425 492 maiorum
443 453 711 500 servabantur,
737 466 831 504 quas
847 451 891 488 in
907 451 996 488 loco
1013 450 1111 489 naris
1130 449 1286 488 iniuriis
1303 449 1484 501 exposito
1503 462 1585 487 non

147 515 207 548 est
225 508 437 547 verisimile
454 507 622 560 relinqui
642 508 786 547 solitas.
828 516 891 545 'ex
913 506 1050 544 Servio
1072 505 1121 544 ad
1138 506 1310 558 primum
1332 505 1524 544 Aeneidos
1540 505 1588 543 in

148 564 257 603 atriis
282 564 540 612 coenabatur,
578 564 627 602 ad
654 564 758 615 quod
785 562 997 602 subdivalis
1026 562 1161 610 locus,
1195 568 1316 599 noctu
1341 561 1584 614 praesertim,

146 623 305 672 ineptus
318 626 397 659 est.
453 618 597 658 ibidem
615 633 664 657 ex
684 619 818 658 eodem
838 618 975 656 Servio
995 617 1044 656 ad
1065 621 1113 659 11
1133 617 1324 655 Aeneidos
1345 624 1501 656 senatus
1519 618 1587 655 in-

146 675 303 714 terdum
332 674 560 715 habebatur.
615 675 693 724 ibi,
720 681 767 714 ut
790 674 903 713 docet
922 674 1116 726 Corippus
1137 673 1165 712 l.
1183 675 1210 715 8
1239 673 1287 711 de
1312 673 1493 712 laudibus
1515 673 1587 711 Iu·-

146 730 242 770 nisi
265 730 451 779 minoris,
479 731 595 781 legati
621 731 791 782 gentium
812 736 1034 769 exterarum
1054 729 1102 767 ab
1119 728 1420 780 imperatoribus
1442 728 1587 766 admit-

145 785 344 829 teBsntur.
399 786 486 823 illic
509 787 697 838 denique,
726 792 771 825 ut
795 800 843 824 ex
868 785 1054 825 concordi
1078 784 1302 823 testimonio
1328 785 1586 836 evangelista-

145 853 236 881 rum
255 841 378 880 Marci
393 842 520 880 Lucae
534 843 690 880 Ioannis
712 848 887 890 constat,
914 842 1016 893 ignis
1044 841 1310 891 excitabatur5
1339 840 1442 879 unde
1469 840 1586 878 etiam

144 897 319 945 Isidorus
345 898 456 936 vocis
484 904 643 950 etymon
658 898 913 950 repetendum
931 903 1064 951 putat,
1094 898 1247 934 atrium
1263 896 1492 935 existimans
1512 895 1580 933 di·-

146 958 254 992 ctum
277 955 398 1004 quas-i
421 953 473 990 ab
492 955 584 1004 igne
604 962 640 991 et
653 957 771 1004 fumo
790 962 937 993 atrum.
992 952 1094 991 nihil
1111 952 1254 991 horum
1270 951 1474 990 commode
1492 952 1584 989 loco

146 1014 283 1060 aperto
307 1022 354 1046 ac
384 1008 577 1062 perflabili
603 1010 726 1048 fieret.
782 1010 850 1048 sed
873 1010 968 1048 haec
990 1009 1128 1048 obiter.
1183 1009 1233 1046 ad
1254 1007 1388 1046 orbem
1407 1007 1583 1046 instituti

143 1065 372 1115 redeamus,
405 1063 711 1116 definiamusque
741 1066 837 1116 quid
866 1062 1030 1113 αὐλαίας
1055 1064 1176 1103 verbo
1205 1064 1407 1114 designare
1423 1062 1583 1114 Pachy-

143 1131 269 1159 meres
293 1119 372 1158 hoc
398 1133 512 1171 quem
538 1127 751 1160 tractamus
773 1122 861 1159 loco
887 1122 1069 1160 voluerit.
1125 1120 1303 1172 equidem
1331 1132 1411 1157 non
1444 1118 1583 1157 dubito

145 1175 293 1226 quinis
309 1171 477 1216 oev’hloev
501 1176 550 1214 ab
576 1173 701 1232 αὐλῇ,
729 1177 806 1215 iam
828 1190 1010 1229 expressa
1030 1177 1192 1215 notione
1208 1175 1430 1224 intellecta,
1458 1174 1584 1212 defle-

142 1231 269 1280 xerit,
306 1244 357 1270 ιο
387 1231 580 1271 studuerit
608 1233 784 1271 indicare
815 1233 1054 1271 subdivalem
1093 1245 1219 1270 aream
1248 1230 1458 1281 Augustaei
1489 1230 1582 1281 fori,

144 1287 315 1338 spatium
331 1286 516 1326 videlicet
534 1294 644 1327 extra
670 1289 847 1326 laterales
864 1288 958 1326 hinc
976 1289 1070 1326 inde
1086 1287 1264 1339 porticus
1288 1287 1329 1324 in
1354 1286 1481 1324 medio
1502 1299 1585 1338 pu-

143 1354 236 1382 rum
255 1355 303 1381 ac
315 1342 395 1381 late
413 1355 604 1395 vacuum,
632 1344 740 1396 quod
760 1344 880 1382 densa
903 1349 1002 1382 tunc
1017 1343 1235 1394 multitudo
1258 1341 1531 1395 compleverit.

257 1416 742 1473 αὗτοπροσκοπίτης
770 1435 812 1473 p.
834 1421 914 1464 615
937 1434 975 1461 v.
997 1423 1035 1463 6.
1093 1421 1173 1472 agit
1200 1419 1249 1458 de
1273 1418 1485 1458 Athanasio
1508 1433 1581 1471 pa-

144 1474 319 1514 triarcha
336 1482 518 1514 consueta
540 1476 614 1515 sibi
634 1482 750 1528 atque
765 1478 900 1514 innata
915 1476 1141 1516 morositate
1160 1481 1323 1514 cunctos
1341 1475 1426 1514 sine
1440 1475 1589 1513 discri-

142 1531 250 1570 mine
270 1531 467 1570 offendere
488 1531 588 1570 nihil
612 1533 729 1584 pensi.
746 1532 925 1573 habente.
982 1532 1194 1572 divinanda
1212 1538 1270 1570 est
1287 1531 1398 1582 origo
1415 1537 1453 1569 et
1474 1530 1589 1580 notio

143 1585 264 1625 huius
282 1588 466 1627 vocabuli
487 1587 583 1626 mihi
601 1588 756 1639 quidem
781 1588 874 1627 alibi
899 1602 980 1626 non
997 1588 1104 1627 lecti.
1160 1587 1265 1627 unde
1284 1593 1413 1625 autem
1438 1587 1589 1625 verisi-

142 1642 276 1696 milius
305 1643 398 1681 (luci
423 1650 556 1694 putem
582 1657 745 1695 quam-a
776 1639 983 1696 προσκοπή
1009 1657 1107 1683 voce
1130 1643 1386 1682 ecclesiastici
1413 1656 1507 1680 usus
1536 1655 1587 1680 ex

143 1697 319 1750 epistolis
338 1699 449 1737 Pauli
467 1700 697 1738 notissima?
723 1700 773 1737 ad
795 1701 922 1742 (ΞΜ-,2
947 1714 984 1740 c.
1005 1703 1053 1742 6:
1080 1700 1276 1751 μηδεμίαν
1298 1698 1341 1740 ἐν
1359 1697 1499 1750 μηδενὶ
1524 1698 1587 1737 δι-

142 1748 279 1802 δόντες
299 1751 531 1807 προσκοπήν
547 1757 696 1793 nemim·
716 1754 854 1794 dantes
875 1756 1006 1793 ullam
1024 1756 1288 1808 offla-sionem,
1318 1767 1367 1792 ex
1383 1766 1459 1804 qua
1480 1752 1586 1791 idem

143 1816 304 1861 sanctus
322 1811 519 1861 apostolus
539 1811 820 1864 appellativum
843 1812 937 1850 alibi
955 1813 1100 1849 format
1122 1807 1384 1864 ἆπρόσκοπος.
1425 1807 1475 1845 ad
1494 1808 1583 1850 Cor.

145 1866 168 1904 1
190 1877 225 1902 c·
244 1866 296 1907 10
317 1869 392 1906 32:
422 1861 669 1918 ἆπρόσκοποι
688 1868 846 1920 γίνεσθε
868 1866 937 1908 καὶ
957 1863 1162 1914 Ἰουδαίοις
1184 1865 1251 1905 καὶ
1261 1861 1427 1914 ’Ἕλλησι
1444 1861 1511 1902 καὶ
1529 1866 1583 1919 τῇ

142 1917 329 1973 ἐκκλησίᾳ
358 1922 433 1959 τοῦ
454 1924 573 1964 θεοῦ.
633 1928 680 1960 ut
708 1935 798 1973 ergo
826 1922 1018 1972 significet
1042 1921 1297 1972 Pachymeres
1323 1917 1584 1957 Athanasium

143 1987 228 2012 non
248 1974 366 2012 modo
394 1988 475 2012 non
504 1975 674 2026 cavisse,
699 1983 744 2016 ut
772 1983 1020 2029 oportuerat,
1051 1989 1102 2014 ne
1122 1977 1218 2014 actis
1243 1989 1265 2012 a
1290 1987 1331 2012 se
1356 1973 1465 2012 aliud
1488 1987 1584 2025 spe-

144 2035 291 2079 ctante,
318 2029 421 2068 bono
444 2030 558 2068 etiam
577 2031 727 2080 animo,
758 2032 999 2082 contingeret
1016 2032 1167 2082 aliquos
1186 2029 1356 2078 offendi,
1382 2029 1449 2067 sed
1466 2029 1522 2067 ita
1537 2041 1588 2068 se·

141 2085 303 2135 gessisse
322 2091 365 2123 ut
381 2098 504 2136 paene
525 2085 725 2125 videretur
746 2087 794 2125 de
805 2087 997 2126 industria
1017 2099 1200 2137 quaerere
1222 2100 1268 2124 ac
1287 2090 1447 2136 captare
1460 2099 1583 2123 occa-

139 2140 272 2234 {iones
302 2140 530 2193 offendendi
563 2154 678 2180 omne
700 2155 823 2193 genus
843 2141 1072 2192 hominum,
1098 2155 1186 2181 eum
1214 2137 1581 2194 αὔτοπροσκοπίτην

172 2209 219 2234 oc
239 2196 328 2234 loco
351 2202 482 2235 vocat.

253 2258 502 2312 Βλαχικόν
527 2276 570 2314 Ρ.
591 2265 670 2305 106
697 2275 738 2304 v.
762 2261 801 2303 4.
859 2269 1079 2314 congruunt
1107 2276 1205 2314 quae
1226 2262 1295 2302 hic
1321 2261 1579 2314 Pachymeres

144 2314 194 2355 de
211 2323 325 2366 gente
342 2317 525 2356 Blachica
550 2318 709 2367 scribit,
737 2332 829 2357 cum
855 2318 904 2357 iis
930 2332 1029 2370 quae
1051 2318 1165 2371 prius
1184 2318 1295 2357 Anna
1315 2319 1512 2357 comnena
1538 2318 1583 2356 in

141 2370 334 2410 Alexiade
352 2373 402 2411 ‹le
427 2373 587 2412 Blachis
608 2375 836 2426 scripserat,
864 2375 892 2412 l.
917 2377 943 2416 8
968 2388 1009 2426 p.
1034 2377 1137 2416 227:
1164 2374 1232 2414 καὶ
1255 2369 1398 2416 ὁπόσοι
1420 2371 1490 2416 τὸν
1512 2389 1583 2415 νο-

142 2424 253 2477 μάδα
266 2428 357 2478 βίον
373 2429 539 2478 εἵλοντο,
560 2426 736 2482 Βλᾶχους
754 2428 920 2477 τούτους
935 2429 966 2481 ἦ
983 2427 1098 2480 κοινὴ
1119 2433 1250 2471 καλεῖν
1270 2428 1355 2472 οἶδε
1372 2430 1585 2478 atalenos.

142 2481 193 2519 de
214 2483 358 2533 quibus
377 2484 524 2524 iuverit
539 2485 675 2525 videre
695 2499 795 2537 quae
814 2485 857 2523 in
877 2491 1013 2524 nostro
1033 2485 1232 2526 Glossario
1255 2486 1406 2540 primae
1419 2485 1583 2526 Alexia-

144 2535 206 2576 ‹lis
220 2537 388 2576 editioni
404 2540 617 2580 subiuncto
637 2541 790 2594 pridem
808 2543 1094 2580 annotavimus.

252 2617 351 2666 Βοη
361 2616 385 2656 δ
396 2631 417 2668 ρ
426 2631 448 2657 ο
457 2633 484 2669 μ
493 2633 509 2658 ι
518 2614 553 2658 ω’
561 2633 599 2657 ν.
645 2618 719 2656 etsi
737 2631 890 2670 semper
909 2618 1000 2657 alibi
1018 2617 1272 2669 Pachymeres
1288 2618 1366 2657 hoc
1382 2616 1581 2658 vocabulo

145 2679 313 2707 mensem
328 2671 501 2722 Aprilem
519 2673 688 2722 indicat,
718 2679 871 2724 tamen,
898 2680 1060 2727 propter
1077 2674 1246 2712 rationes
1263 2689 1284 2712 a
1302 2687 1364 2712 me
1391 2675 1416 2711 l.
1436 2675 1464 2715 3
1493 2671 1580 2710 Ob-

145 2728 631 2834 2232332221223222352
647 2742 840 2823 §1¹:333
840 2730 1178 2824 ἰζέζὲἓῖὲάᾞῗ
1182 2743 1340 2824 ζὲἑῖζ·
1350 2728 1580 2823 3,ῗῖζέἒέ

1603 1421 1726 1457 P466
