1858 3126
474 174 577 218 LIB.
605 173 678 218 111.
729 171 1207 216 CHRONOLOGICUS.
1464 170 1559 216 813

131 298 221 324 cum
239 283 288 322 ab
304 283 354 322 iis
370 287 588 334 expugnata
610 281 728 320 fuerit
754 294 857 318 anno
882 279 1027 318 Christi
1054 281 1161 322 1203
1179 278 1243 316 die
1261 281 1312 321 12
1330 278 1495 330 Aprilis,
1524 285 1563 316 et

132 341 291 380 Graecis
314 339 466 377 reddita
494 351 598 375 anno
625 337 773 376 Christi
807 339 909 377 1261
943 335 1005 373 die
1032 336 1087 378 25
1115 335 1257 373 mensis
1277 335 1379 373 Iulii,
1432 334 1563 372 fraudi

130 397 316 435 nimirum
334 393 623 446 Abulpliaragio
638 394 735 440 fuit,
768 391 874 443 quod
895 391 991 429 haec
1021 397 1164 430 cuncta
1178 420 1190 439 ,
1219 396 1341 442 prout
1356 390 1474 428 simul
1490 403 1562 428 au-

131 453 280 497 dierat,
307 463 389 488 11110
409 451 511 488 fasce
532 450 574 487 in
589 462 735 487 annum
757 448 820 485 sui
835 446 1021 485 Chronici
1043 448 1203 485 unicum
1220 447 1438 497 congessit;
1465 458 1566 495 quae

130 509 164 546 si
182 507 448 552 distinxisset,
475 505 736 557 perducturus
766 504 891 541 suerat
917 503 967 541 ad
987 516 1132 541 annum
1152 503 1315 552 Hegirae
1336 505 1430 550 659,
1450 502 1564 539 cniu-

129 562 320 600 kalend-e
358 561 598 599 Mulmrrami
627 574 716 598 cum
739 559 899 597 inierint
924 573 945 596 a
974 559 1037 596 die
1070 564 1181 596 sexta
1211 558 1436 596 Decembris
1472 557 1565 594 anni

132 618 277 658 Christi
302 620 418 665 1260,
437 617 575 655 maiori
592 617 651 654 sui
670 623 782 668 parte
799 628 926 652 annus
945 615 1012 652 ille
1030 615 1217 683 Arabicus
1243 627 1334 653 cum
1351 613 1533 652 Iuliano
1522 625 1565 650 m

131 687 219 712 aera
235 678 369 711 nostra
385 687 410 710 v
413 673 538 723 ulgari
562 675 661 714 1261
681 670 892 712 concurrit.

242 730 293 766 X.
350 729 595 778 ignoscamus
612 733 753 775 autem,
782 739 938 774 censeo,
968 724 1259 777 Abulpharagio
1278 725 1434 777 culpam
1452 724 1566 762 istam

132 784 455 836 qualemcumque
487 784 739 821 confusorum
771 784 812 820 in
845 795 967 820 unum
998 795 1190 819 annorum
1220 788 1412 832 quatuor,
1450 793 1567 831 quam

132 846 293 878 excusat
309 840 350 878 in
371 839 530 878 homine
560 839 686 877 Arabe
708 850 866 890 peregre
888 838 1053 887 degente
1078 838 1144 876 vix
1166 838 1360 876 evitabilis
1380 837 1567 887 ignoran-

132 897 184 933 tia
212 909 344 934 rerum
371 898 603 934 Graecarum
622 894 729 931 haud
758 908 828 946 per
849 907 887 930 se
910 907 1145 944 magnopere
1170 893 1383 944 insignium
1406 899 1445 930 et
1468 892 1566 930 locis

133 966 154 988 a
175 953 409 989 commercio
429 952 603 1002 abruptis
625 957 928 997 transactarum,
960 963 1048 986 cum
1065 950 1296 1000 praesertim
1314 949 1448 987 eodem
1470 955 1563 986 tem-

130 1020 228 1059 pore
255 1014 408 1046 mentes
433 1007 483 1044 ad
511 1020 552 1044 se
581 1006 753 1043 omnium
785 1019 855 1057 per
874 1005 1097 1043 interiorem
1119 1005 1251 1042 Asiam
1269 1010 1452 1056 raperent
1468 1017 1566 1056 pro-

133 1062 275 1113 digiosi
312 1062 550 1113 Mogulensis
582 1061 737 1113 imperii
774 1061 846 1098 sub
880 1061 1064 1112 auspiciis
1094 1062 1266 1098 Hulacu
1293 1061 1379 1098 sive
1406 1059 1567 1097 Chalae·

131 1131 379 1170 progressus,
407 1131 482 1156 nec
510 1117 559 1155 iis
581 1117 747 1169 spatium
776 1117 850 1154 alia
874 1117 988 1167 longe
1010 1117 1158 1154 minora
1187 1116 1408 1154 distinctius
1429 1116 1564 1153 obser-

131 1174 255 1212 nudi
272 1174 550 1225 relinquerent.
605 1186 695 1211 nam
724 1173 855 1210 statim
873 1181 963 1224 post
980 1185 1126 1210 annum
1151 1172 1264 1210 illum
1290 1171 1452 1222 Hegirae
1469 1171 1566 1218 655,

133 1242 213 1280 quo
229 1236 449 1280 aegrotasse
462 1229 711 1267 Theodorum
734 1230 974 1267 Graecorum
1003 1228 1278 1279 imperatorem
1307 1228 1431 1265 tradit
1445 1227 1568 1264 Abul-

134 1285 361 1336 pharagius,
390 1299 471 1323 non
488 1285 587 1322 male
605 1286 654 1322 ad
672 1291 844 1323 nostram
867 1283 1159 1333 chronologiam
1180 1291 1288 1321 tomo
1305 1283 1431 1335 priori
1450 1296 1485 1319 c.
1504 1282 1567 1320 ul-

134 1342 231 1378 timo
258 1341 287 1381 l.
313 1343 340 1382 3
378 1341 703 1379 Observationum
736 1353 958 1391 expansam.
1024 1340 1096 1378 etsi
1126 1340 1226 1377 enim
1251 1340 1334 1376 illic
1366 1352 1438 1376 nos
1462 1351 1564 1375 anno

136 1395 283 1434 Christi
315 1399 434 1445 1258,
474 1396 735 1447 respondente
770 1409 873 1432 anno
911 1395 1075 1445 Hegirae
1103 1394 1206 1445 656,
1239 1395 1406 1446 primam
1437 1392 1566 1432 morbi

134 1451 333 1490 Theodori
366 1452 602 1490 mentionem
630 1451 896 1502 posuerimus,
923 1452 1028 1501 quod
1047 1457 1144 1488 tunc
1163 1451 1428 1500 ingravescere
1447 1449 1567 1498 magis

134 1507 329 1558 coeperit,
365 1508 548 1559 superius
574 1514 703 1545 tamen
732 1507 941 1545 inolevisse
959 1520 1039 1544 non
1069 1507 1275 1560 negamus:
1304 1507 1423 1544 immo
1442 1505 1485 1542 id
1501 1503 1570 1541 hi-

133 1563 279 1600 storiae
293 1564 411 1601 series
426 1564 585 1601 indicat.
642 1564 773 1601 statim
789 1590 803 1612 ,
829 1564 1009 1613 iuquam,
1039 1568 1152 1613 post,
1190 1575 1331 1614 nempe
1354 1574 1457 1598 anno
1482 1563 1566 1597 He-

134 1618 239 1668 girae
257 1620 353 1667 656,
370 1619 481 1657 cuius
499 1619 572 1657 suit
590 1619 747 1656 initium
770 1619 850 1657 dies
865 1618 1037 1656 Ianuarii
1055 1625 1214 1656 octavus
1232 1618 1272 1655 iu
1295 1631 1398 1655 anno
1422 1615 1567 1654 Christi

133 1674 252 1712 modo
267 1682 482 1714 memorato
504 1676 623 1722 1258,
640 1675 793 1712 Hulacu
810 1688 939 1712 meuse
958 1675 1043 1725 ipso
1060 1676 1151 1712 anni
1170 1674 1296 1725 primo
1314 1671 1566 1710 Muharramo

135 1731 378 1781 oppugnavit
405 1731 723 1782 expugnavitque
759 1730 802 1767 vi
839 1744 989 1768 summa
1027 1730 1163 1768 urbem
1199 1730 1315 1779 longe
1357 1727 1567 1764 maximam

133 1786 382 1835 Bagdadum,
413 1787 506 1824 olim
525 1786 765 1837 Babylonem
784 1786 941 1834 dictam,
962 1786 1231 1849 metropolim
1237 1783 1345 1834 regni
1371 1782 1567 1834 Calipliae.

136 1841 267 1890 quoin
290 1842 467 1878 ordinem
488 1841 662 1887 redacto,
690 1842 921 1891 ditioneque
938 1842 1021 1878 eius
1039 1841 1079 1877 in
1095 1840 1248 1890 imperii
1270 1838 1454 1888 Mogulici
1470 1851 1568 1900 pro—

136 1895 307 1932 vinciam
335 1909 545 1943 conversa,
581 1896 792 1933 finitimum
817 1897 1022 1946 dynastam
1052 1895 1242 1932 Mauselae
1262 1894 1464 1931 dominum
1489 1893 1566 1931 mi-
1588 1902 1617 1937 P
1640 1903 1707 1936 590

136 1950 199 1988 nis
223 1949 404 1988 territum
421 1951 494 1988 sibi
518 1924 764 1989 tiibutarium
780 1952 895 1998 fecit3
925 1958 964 1988 et
980 1950 1219 2000 Astraphum
1240 1950 1467 2000 dynastam,
1498 1962 1566 1986 ar·—

137 2006 192 2043 cis
211 2005 489 2044 munitissimae
511 2005 654 2043 fiducia
680 2006 814 2055 iugum
840 2006 968 2043 subire
995 2005 1297 2053 detrectantem,
1334 2005 1377 2042 in
1396 2004 1479 2055 ipsa
1497 2005 1565 2041 illa

138 2074 206 2098 sua
223 2061 320 2099 urbe
344 2060 686 2112 Mihapharekino,
726 2061 822 2098 licet
849 2061 1165 2111 inexpugnabili,
1194 2061 1295 2098 fame
1325 2059 1563 2098 domandum

139 2116 306 2155 obsideri
322 2117 434 2154 iussit
450 2131 471 2153 a
490 2116 578 2154 suis.
634 2116 794 2153 duravit
811 2116 960 2153 obsidio
977 2117 1067 2166 plus
1083 2116 1249 2156 biennio.
1287 2116 1447 2153 tandem
1459 2129 1563 2153 anno

136 2172 302 2222 Hegirae
319 2174 400 2214 658
423 2172 639 2223 Astraphns
657 2172 852 2222 plerisque
871 2184 1031 2208 suorum
1058 2172 1159 2208 fame
1179 2171 1393 2223 absumptis
1418 2171 1562 2208 dedens

138 2241 222 2265 sese
235 2228 284 2265 ad
308 2228 463 2265 Hulacu
483 2228 733 2278 perducitur,
765 2233 804 2264 et
822 2227 935 2264 iussu
952 2227 1034 2263 eius
1053 2226 1304 2266 interficitur.
1340 2226 1476 2264 eodem
1497 2239 1563 2264 au-

138 2290 216 2321 tem
234 2297 336 2320 anno
356 2284 517 2333 Hegirae
533 2283 628 2331 658,
666 2282 733 2332 qui
763 2295 852 2319 cum
879 2283 1069 2332 inceperit
1101 2296 1121 2318 a
1142 2285 1193 2322 18
1222 2282 1440 2320 Decembris
1469 2282 1563 2319 anni

140 2339 285 2376 Christi
314 2341 420 2381 1259
446 2351 567 2388 usque
601 2338 644 2374 in
672 2338 919 2375 Decembrem
946 2339 1039 2375 anni
1068 2337 1211 2375 Christi
1240 2341 1345 2380 1260
1379 2338 1562 2386 excurrit,

141 2395 291 2432 Hulacu
318 2401 435 2446 ponte
463 2393 656 2445 Euphrati
677 2394 861 2444 imposito
888 2393 1040 2431 traiecit
1065 2393 1107 2430 in
1136 2393 1309 2444 Syriam,
1338 2393 1482 2431 ducens
1500 2406 1564 2430 se-

141 2463 231 2488 cum
246 2449 511 2489 formidabiles
537 2450 670 2500 copias
691 2449 856 2486 millium
886 2448 1278 2499 quadringentorum,
1315 2449 1455 2500 quibus
1478 2449 1564 2485 Da—

139 2518 311 2544 mascum
332 2506 457 2544 obiter
477 2505 581 2556 cepit
595 2534 607 2553 ,
636 2503 824 2542 Halebum
843 2510 934 2555 post
958 2504 1108 2542 dierum
1125 2517 1341 2555 paucorum
1359 2517 1562 2555 oppugna-

139 2560 285 2599 tionem
314 2573 403 2600 cum
431 2562 547 2598 caede
573 2559 913 2598 innumerabilium
939 2560 1023 2597 illic
1049 2566 1293 2610 repertorum
1312 2560 1562 2610 expugnavit.

142 2614 191 2652 Al
203 2617 327 2655 -Naser
345 2617 480 2654 Halebi
496 2616 675 2654 dominus
696 2629 784 2653 cum
799 2615 984 2654 uxoribus
1011 2620 1050 2652 et
1068 2615 1197 2654 liberis
1216 2616 1293 2653 iam
1313 2621 1403 2652 ante
1419 2615 1563 2665 prosu-

142 2682 234 2718 gus,
262 2678 396 2724 captus
413 2671 552 2709 deiude
565 2678 604 2710 et
629 2671 780 2709 occisus
800 2678 867 2709 est.
922 2670 996 2708 sub
1014 2669 1111 2707 haec
1134 2684 1156 2707 3
1185 2671 1390 2708 recedente
1407 2683 1429 2707 e
1449 2669 1562 2720 Syria

142 2724 295 2764 Hulacu
311 2728 473 2766 relictus
491 2726 540 2763 ab
558 2740 602 2764 eo
622 2727 706 2765 illic
734 2728 801 2777 qui
819 2726 1046 2778 provinciae
1061 2733 1252 2776 praeesset
1272 2725 1443 2775 Cetbuga
1470 2737 1560 2762 cum

142 2779 275 2819 decem
290 2782 463 2821 millibus
477 2782 665 2833 equitum,
692 2783 840 2835 praelio
858 2783 984 2822 victus
1003 2788 1042 2819 et
1056 2782 1280 2820 interfectus
1295 2787 1352 2820 est
1365 2794 1388 2819 a
1403 2782 1560 2820 Kutuzo
