1858 3126
281 152 377 207 680
665 147 980 195 OBSERVAT.
1014 148 1327 195 PACHYMER.

278 261 448 302 indicato
467 258 578 299 vocis
597 258 714 298 huius
728 258 825 298 haec
841 257 1009 297 secunda
1026 257 1150 297 notio.
1185 270 1277 296 nam
1293 254 1454 310 ἐξάνςης
1468 271 1519 298 ex
1535 257 1580 298 vi
1597 258 1719 322 etymi

281 316 468 385 proprie
467 320 582 353 sonat
599 328 686 354 eum
706 315 777 366 qui
804 327 854 353 ex
872 314 982 366 gravi
1007 327 1111 352 noxa
1133 313 1350 365 primulum
1368 326 1559 365 emergere
1578 314 1720 366 incipit

282 380 324 411 et
342 372 415 420 ἔξω
440 368 537 423 ἄτης
555 383 649 410 esse.
703 372 836 422 itaque
853 377 988 409 votum
1003 376 1062 409 est
1087 369 1194 409 febre
1207 369 1422 408 laborantis
1439 375 1479 407 et
1492 370 1628 409 morbo
1651 383 1720 422 pe-

281 427 489 467 riclitantis
515 427 686 476 sontico,
714 427 785 466 illo
817 440 933 466 versu
958 439 1188 495 expressum
1211 438 1326 476 quem
1354 424 1495 463 recitat
1513 425 1721 478 Etymolo-

280 483 357 535 gici
374 489 523 532 auctor,
553 477 585 522 ὦ
602 455 686 523 Zeti,
699 481 884 536 γενέσθαι
907 482 1026 534 τῆσδέ
1053 498 1080 534 μ
1086 477 1287 533 ’ἔξᾶντην
1310 476 1446 521 νόσου.
1490 493 1547 518 aa
1568 479 1721 532 Iupiter

280 537 443 578 evadere
459 552 519 576 me
531 539 761 590 periculum
779 538 906 576 haiae
923 538 1063 580 morht.
1099 537 1175 576 iam
1198 551 1318 589 porro
1337 549 1456 575 sanus
1469 549 1551 575 esee
1566 535 1721 586 dieitur,

281 595 395 634 cuius
415 594 618 633 remittens
645 601 713 633 aut
741 595 895 647 penitus
914 608 1066 633 cessans
1085 593 1203 632 febris
1225 606 1334 645 spem
1360 592 1555 633 rediturae
1573 593 1725 631 valetu-

259 690 263 694 ,
282 651 385 690 dinis
406 651 596 700 relinquit
614 651 818 702 integram.
873 650 984 689 cuius
1003 650 1059 689 rei
1077 649 1167 701 quia
1187 662 1348 688 somnus
1366 649 1409 687 in
1429 655 1541 687 acute
1559 648 1728 696 febrien-

279 707 386 746 tibus
401 707 600 744 interdum
618 707 770 757 signum
788 713 856 753 est,
887 706 1068 759 discipuli
1088 705 1260 744 dormire
1277 705 1520 754 languentem
1539 705 1728 743 Lazarum

281 777 306 802 a
329 762 483 801 Christo
503 762 703 801 audientee
723 763 835 800 aiunt
856 763 964 803 Ioan.
993 766 1040 805 11
1071 766 1141 805 12:
1167 757 1292 814 κύριε,
1324 761 1360 801 εἰ
1377 761 1618 812 κεκοίμηται,
1649 772 1729 800 σω-

280 815 464 870 θήσεται.
521 817 688 881 domine,
709 820 748 855 si
767 817 927 867 dormit,
947 818 1089 856 salvus
1107 819 1193 859 erit
1251 830 1341 868 ergo
1362 830 1466 864 cum,
1496 829 1611 867 quem
1629 815 1730 868 Hip-

282 881 467 926 poci-ates
489 869 654 925 ἐξάντην
673 874 781 924 dicit,
812 874 982 912 Galenus
1000 873 1096 926 ὑγιῆ
1110 887 1255 911 sanum
1269 873 1371 912 ime1
1371 878 1570 925 pretatur,
1593 871 1651 911 sic
1665 871 1731 910 in-

282 929 535 981 telligendum
553 930 742 982 putarim,
770 936 819 968 ut
834 930 936 968 malo
955 930 1183 968 defunctum
1201 935 1242 967 et
1259 929 1366 967 febre
1385 941 1529 980 purum
1547 927 1646 967 velit
1665 926 1730 966 di-

282 999 391 1025 cere:
419 999 511 1024 nam
530 993 572 1024 et
592 986 636 1024 hi
655 986 841 1025 dicuntur
858 985 1068 1039 «ὑγιαίνειν,
1096 985 1187 1024 licet
1206 985 1257 1023 ad
1273 985 1431 1037 plenum
1447 984 1572 1024 robur
1591 982 1731 1035 integxi

282 1042 429 1093 vigoris
445 1041 622 1080 nondum
645 1042 865 1081 confirmati
884 1042 982 1090 sint,
1011 1041 1080 1079 sed
1097 1041 1227 1080 adhuc
1244 1041 1480 1080 debilitatem
1502 1040 1742 1078 imminuta-

282 1111 376 1138 rum
395 1098 533 1137 morbo
549 1098 693 1137 virium
714 1099 895 1137 sentiant.
950 1111 996 1135 ac
1024 1099 1126 1135 forte
1150 1110 1259 1136 more
1286 1110 1358 1135 suo
1383 1095 1567 1148 Hesychii
1588 1096 1732 1147 glossas

283 1155 328 1193 in
348 1155 476 1192 animo
494 1153 676 1193 habuerit
691 1154 948 1206 Pachymeres
966 1153 1064 1191 haec
1082 1153 1265 1202 scribens,
1290 1152 1358 1192 ubi
1377 1152 1540 1203 legerat:
1567 1149 1734 1202 ἐξάντης

283 1209 308 1251 ὁ
331 1213 403 1261 τῆς
429 1208 553 1251 νόσου
582 1210 653 1259 ἔξω
679 1208 750 1251 ὤν.
806 1210 874 1260 qui
893 1215 1022 1248 autem
1039 1222 1060 1248 e
1085 1209 1223 1248 morbo
1244 1220 1379 1247 recens
1397 1208 1569 1259 emergit,
1597 1207 1736 1246 debilis

284 1265 469 1306 videlicet
489 1265 765 1318 imbecillisque
793 1265 922 1304 adhuc
948 1272 1028 1314 est,
1056 1266 1188 1316 quales
1208 1271 1293 1303 tum
1310 1264 1438 1303 videri
1456 1269 1639 1316 poterant
1655 1263 1737 1302 Το-

284 1321 498 1360 charorum
515 1322 689 1374 Bulgaris
711 1322 967 1360 finitimorum
986 1334 1096 1373 opes,
1128 1327 1267 1372 utpote
1292 1320 1359 1372 qui
1385 1320 1504 1372 paulo
1523 1325 1616 1358 ante
1632 1318 1736 1358 bello

284 1378 393 1420 inter
421 1391 462 1416 se
483 1377 609 1427 civili,
637 1377 801 1417 ducibus
822 1377 917 1416 hinc
934 1379 1074 1416 Tuctai·
1098 1377 1190 1415 inde
1212 1377 1338 1427 Noga,
1367 1376 1419 1414 ad
1434 1375 1737 1415 internecionem

285 1446 409 1484 usque
430 1434 710 1482 conflixerant,
736 1439 869 1472 secuta
885 1433 978 1472 inde
1003 1433 1218 1472 miserrima
1236 1432 1474 1471 desolatione
1484 1431 1614 1471 -totius
1627 1431 1739 1484 ipso-

285 1502 377 1528 rum
399 1489 588 1539 regionis,
615 1495 655 1528 et
679 1490 813 1541 paucis
838 1489 1084 1528 admodum
1074 1503 1249 1554 ipsorum
1270 1489 1433 1527 Tzacam
1458 1488 1668 1539 fugientem
1692 1486 1739 1525 in

285 1544 505 1593 Bulgariam
521 1546 675 1592 secutis,
688 1558 812 1596 nuper
825 1545 904 1583 illic
918 1546 1108 1597 oppressis
1121 1545 1367 1596 praevalente
1377 1542 1738 1608 Osphentisthlabo.

289 1612 414 1638 unum
432 1606 606 1651 superest
626 1600 811 1648 dubium,
840 1613 911 1638 cur
933 1600 1189 1651 Pachymeres
1217 1601 1258 1638 in
1276 1600 1447 1638 secundo
1467 1612 1559 1638 casu
1573 1594 1739 1650 ἕξᾶντης

289 1655 457 1693 scribat:
487 1668 578 1693 nam
599 1655 640 1694 in
660 1656 786 1706 primo
804 1655 926 1707 accipi
953 1669 1032 1694 non
1051 1661 1200 1707 potest,
1230 1668 1319 1694 cum
1335 1654 1462 1693 tribus
1478 1667 1575 1693 mox
1593 1653 1740 1692 adiun-

291 1710 366 1749 ctis
399 1711 590 1749 femininis
622 1711 801 1762 genitivis
836 1717 1042 1762 coaptetur
1074 1711 1266 1762 φανείσης
1292 1713 1509 1763 Τοχαρικῆς
1545 1709 1740 1758 ἐξουσίας.

290 1780 342 1805 an
360 1778 471 1805 error
489 1766 555 1805 hic
570 1766 832 1817 agnoscendus
855 1772 894 1805 et
911 1763 1098 1816 ἑξάπους
1116 1766 1428 1814 rescribendum,
1456 1770 1594 1804 eontra
1620 1765 1740 1804 fidem

152 1842 180 1876 p
203 1843 269 1880 473
292 1823 473 1862 codicum
495 1822 732 1875 optimorum
750 1823 782 1860 B
802 1828 840 1861 et
862 1823 922 1861 A?
950 1836 1042 1861 narn
1067 1823 1278 1860 Vaticanus
1303 1821 1381 1860 hoc
1401 1821 1450 1860 de
1470 1833 1579 1860 more
1598 1821 1742 1861 omisit.

292 1893 345 1917 an
363 1878 495 1930 potius
521 1878 844 1927 existimandum,
873 1891 894 1916 e
920 1878 1162 1918 nominativo
1182 1878 1366 1916 feminino
1396 1875 1536 1929 ἐξάντη
1568 1877 1745 1929 patrium

292 1934 402 1973 hunc
417 1947 549 1972 casum
565 1948 588 1972 a
602 1941 739 1974 nostro
757 1935 875 1974 duci?
903 1935 1011 1986 quod
1029 1947 1167 1975 vereor
1182 1940 1230 1974 ut
1245 1933 1418 1986 analogia
1433 1939 1474 1972 et
1489 1939 1596 1972 recta
1613 1946 1743 2025 gram-

294 1991 458 2030 maticae
480 1990 581 2028 ratio
602 1991 819 2042 permittat.
1742 2012 1746 2013 ν

406 2043 715 2099 ἐπιτύμβιον
741 2060 780 2099 p·
799 2050 853 2089 66
871 2059 912 2089 v,
935 2046 974 2088 5.
1030 2045 1108 2098 agit
1132 2045 1180 2084 de
1203 2045 1398 2085 Nicandro
1417 2045 1618 2084 Larisseno
1645 2043 1741 2086 irri-

297 2101 415 2140 dente
434 2101 700 2141 Andronicum
721 2103 812 2141 olim
839 2103 1059 2154 episcopum
1077 2102 1317 2150 Sardensem,
1341 2107 1476 2153 postea
1492 2099 1746 2149 monachum,

295 2157 367 2195 sed
385 2169 455 2208 per
475 2158 725 2197 ambitionem
745 2171 765 2196 e
782 2158 862 2198 vita
882 2159 1093 2197 monastica
1112 2171 1312 2197 reversum
1330 2157 1381 2195 ad
1400 2157 1623 2208 dignitates3
1649 2155 1742 2206 qui-

297 2213 371 2251 bus
391 2212 518 2251 subita
537 2214 787 2254 conversione
809 2214 926 2253 sortis
947 2215 1101 2263 eiectus,
1129 2214 1262 2252 multis
1282 2227 1379 2264 quos
1396 2212 1620 2251 irritaverat
1636 2209 1744 2248 ludi-

298 2267 429 2306 brium
448 2269 603 2319 debuit,
631 2271 673 2310 in
691 2270 824 2322 primis
843 2271 1039 2310 Nicandro
1059 2269 1123 2308 isti
1142 2270 1222 2310 eius
1243 2282 1359 2320 opera
1379 2268 1602 2319 episcopatu
1617 2265 1743 2318 pulso.

298 2324 368 2372 qui
388 2329 432 2360 ut
445 2324 669 2364 Andronico
696 2325 866 2376 exprob1
868 2333 950 2364 aret
971 2326 1210 2364 ambitiosam
1229 2325 1470 2375 eruptionem
1490 2335 1511 2359 e
1530 2326 1636 2360 statu
1655 2333 1744 2359 mo·-

299 2379 473 2427 nastico,
501 2380 770 2420 monachicum
790 2382 825 2418 ei
848 2377 1079 2433 ἐπιτύμβιον
1104 2380 1255 2426 iniecit,
1283 2380 1366 2430 ipso
1387 2377 1518 2415 statim
1534 2376 1744 2415 reiiciente.

300 2446 385 2471 non
406 2435 556 2484 reperio
576 2435 665 2473 alibi
683 2435 787 2473 hanc
807 2449 962 2483 vocem,
992 2436 1059 2474 sed
1085 2436 1284 2473 manifeste
1311 2434 1423 2473 docet
1443 2432 1511 2470 hic
1537 2432 1617 2483 ipse
1635 2432 1746 2470 locus

302 2488 440 2538 capitis
459 2494 610 2539 tegmen
629 2490 907 2531 monachorum
926 2491 1127 2553 proprium
1147 2490 1203 2528 sic
1220 2489 1389 2527 dictum·
1379 2516 1390 2537 ‚
1417 2487 1523 2526 unde
1547 2493 1587 2525 et
1607 2487 1747 2527 cucul-

302 2543 387 2582 1ιιιιι
406 2543 541 2581 Latine
563 2545 746 2593 reddidi,
767 2551 805 2583 et
824 2559 918 2584 mox
935 2547 976 2583 in
993 2546 1223 2596 repetitione
1240 2544 1296 2582 lei
1316 2543 1487 2582 eiusdem
1513 2542 1748 2581 ecclesiasti-

303 2598 360 2636 cis
387 2604 614 2651 usurpatam
637 2600 888 2651 scriptoribus
918 2613 991 2651 pro
1020 2601 1162 2638 cuculli
1189 2611 1404 2650 synonyma
1437 2599 1582 2650 caputii
1608 2610 1746 2637 vocem

305 2652 482 2694 adhibui.
534 2654 661 2694 videri
688 2655 809 2706 possit
826 2655 1021 2693 cucullum
1041 2654 1296 2692 monasticum
1314 2654 1401 2693 ideo
1421 2654 1573 2692 dictum
1588 2649 1746 2704 ἐπιτύμ-

306 2710 398 2761 βιον
416 2709 521 2761 quod
538 2723 627 2750 cum
653 2711 771 2751 vestis
790 2711 873 2763 ipsa
893 2710 944 2749 sit
967 2712 1076 2760 quasi
1094 2709 1314 2763 sepulerum
1339 2709 1544 2760 monachi,
1571 2709 1747 2749 cucullus

306 2770 420 2804 extet
446 2765 556 2806 velut
571 2779 670 2820 apex
691 2779 736 2805 ac
753 2765 944 2818 fastigium
960 2765 1131 2809 tumbae.
