1858 3126
249 159 348 219 756
643 156 953 200 OBSERVAT.
980 157 1295 202 PACHYMER.

253 270 429 323 Χριστοῦ
450 265 575 318 φησὶν
592 264 620 318 ἡ
642 263 779 320 γραφή
794 296 805 315 ,
834 268 978 308 τοῦτον
1009 262 1084 308 οῦκ
1105 264 1225 308 ἄλλον
1250 262 1329 320 ἐγώ
1353 282 1458 320 φημι
1481 267 1552 310 τὸν
1567 272 1701 311 τοιοῦ-

250 341 320 366 τον
340 321 442 365 εἶναι
467 318 705 374 ὀνειδισμόν.
764 323 806 367 οἱ
822 320 897 376 γὰρ
926 319 1006 363 ῦπὸ
1031 326 1102 375 τῆς
1129 324 1388 376 στενοχωρίας
1409 327 1482 365 τοῦ
1503 328 1584 366 τῶν
1606 342 1702 380 γρα-

109 393 137 426 Ρ
163 391 229 426 542
252 384 341 433 φῶν
365 379 520 432 ἐλέγχου
539 375 854 431 ἀναγκαζόμενοι
871 376 946 431 τὴν
967 375 1023 419 δι’
1055 380 1148 420 υἷοῦ
1175 377 1411 434 ἔκπόρευσιν
1428 379 1616 434 πατρικὸν
1646 379 1703 423 εἶ-

249 453 316 478 ναι
337 432 466 488 δόγμα
493 434 724 490 ὁμολογεῖν,
752 435 819 476 καὶ
842 434 941 487 μηδὲ
965 435 1021 483 εἰς
1047 434 1123 488 τὴν
1151 440 1226 488 τῆς
1255 433 1524 490 ἕκπορεύσεως
1550 436 1702 490 ὁμωνυ-

250 494 344 546 μίαν
365 489 709 546 ὄρθοποδοῦντες,
741 492 794 540 ὥς
816 490 895 533 ὖπό
919 495 992 543 τῆς
1016 496 1096 532 ταῖν
1116 496 1283 546 γραφῶν
1305 495 1561 547 στενοχωρίας
1591 489 1703 546 ἀγχό-

252 565 365 602 μενοι
384 551 463 588 τῶν
492 545 764 600 ῦποστατικὴν
791 551 863 589 τοῦ
889 546 1035 601 πατρὸς
1063 546 1239 601 ἰδιότητα
1265 548 1339 600 τήν
1359 546 1596 602 ἐκπόρευσιν
1615 551 1704 591 δια·-

250 607 502 659 τρανουσῶν,
539 601 645 656 ’ὅμως
678 604 813 657 μέντοι
842 605 884 645 ἐκ
916 602 1041 656 μόνου
1073 608 1146 646 τοῦ
1175 603 1324 658 πατρός
1353 602 1706 658 ἀναισχυντοῦντες

250 663 376 715 λέγειν
406 659 451 702 τό
480 664 638 712 πνεῦμα
665 661 766 713 ἔχειν
790 658 864 713 τήν
885 658 1080 711 ὕπαρξιν,
1111 661 1232 702 παντὶ
1250 661 1386 703 σθένει
1409 659 1586 716 ἀνάγκης
1604 659 1706 703 οἷπον

252 721 448 769 δεικτικῆς
475 713 754 771 οἷπελέγχονται
786 713 876 757 κατ’
898 714 1023 769 αὐτὴν
1050 716 1124 770 τὴν
1144 714 1401 772 ἐκπόρευσιν,
1437 716 1581 760 ταῦτόν
1595 720 1637 759 δὲ
1656 719 1706 760 εἰ·

251 780 343 816 πεῖν
362 772 436 826 τήν
451 770 646 827 ὕπαρξιν,
676 771 751 825 -ἥν,
782 773 836 821 ὥς
861 770 974 814 αὐτοί
1002 787 1148 825 φασιν,
1183 774 1226 815 ἐκ
1254 772 1378 826 μόνου
1404 779 1478 816 τοῦ
1496 773 1644 829 πατρὸς
1661 773 1705 815 τὸ

252 835 410 883 πνεῦμα
431 830 531 882 ἔχειν
550 828 594 870 τό
619 829 757 883 ἕὶγιον,
797 826 1015 882 ὄργανικῶς
1039 832 1181 882 διῆκον
1208 829 1305 873 αὐτό
1329 836 1498 885 φρονεῖν
1524 830 1590 872 διὰ
1613 832 1707 872 ὐἱοῦ

254 887 309 935 αἷς
341 883 537 939 ἑπόμενον
560 885 688 941 τούτῳ
719 888 1042 937 συναφαίνεσθαι
1067 891 1122 943 τῷ
1145 885 1389 941 φρονήματι,
1425 888 1494 929 καὶ
1524 885 1568 930 vd
1598 887 1708 940 μέχρι

212 946 218 953 '
254 942 386 997 λόγων
410 945 543 995 ψιλῶν
562 943 666 983 ἴδιον
683 943 780 983 υἱοῦ
794 973 804 991 ,
840 939 1004 994 ἀληθῶς
1021 942 1064 983 δὲ
1089 941 1294 997 ἀλλότριον
1320 942 1556 999 πρεσβεύειν
1571 941 1707 985 αὐτοῦ·

253 1000 339 1041 ἐπεὶ
358 995 476 1051 λόγος
503 999 609 1039 ἔσται
630 998 650 1041 ὅ
667 1001 816 1039 πείσων
838 996 991 1050 ου’δείς,
1024 1001 1128 1041 ἴὸίον
1148 998 1252 1041 εἶναι
1265 1002 1360 1042 υἷοῦ
1376 998 1419 1042 τὸ
1435 999 1490 1054 μή
1509 1001 1549 1050 ἒξ
1568 997 1707 1048 αῦτοῦ,

252 1055 344 1110 ἤτοι
362 1054 419 1096 δι’
438 1052 573 1096 αὐτοῦ.
621 1053 681 1097 ὅτι
703 1059 803 1110 γοῦν
822 1054 870 1095 τά
889 1053 963 1096 δύο
983 1060 1106 1096 ταῦτα
1127 1057 1272 1098 ἕκτοπα
1303 1057 1358 1106 αἷς
1375 1054 1541 1110 ἀληθῶς
1559 1053 1708 1109 ἀσεβή-

255 1129 377 1165 ματα,
408 1108 603 1165 ὀργανική
621 1127 662 1152 τε
679 1111 878 1166 ’ὑπηρεσία
904 1115 979 1153 τοῦ
1000 1113 1097 1153 υἱοῦ
1110 1117 1166 1168 τῷ
1190 1113 1307 1167 πατρὶ
1326 1113 1394 1155 ἐπὶ
1413 1116 1464 1170 τῇ
1480 1110 1709 1166 ἐκπορεύσει

253 1172 326 1210 τοῦ
345 1166 597 1220 πνεύματος,
628 1165 882 1221 ἄλλοτριότης
907 1184 947 1209 τε
975 1172 1048 1210 τοῦ
1069 1165 1292 1221 πνεύματος
1319 1170 1359 1219 ἐξ
1384 1171 1506 1218 υἱοῦ,
1536 1166 1708 1223 ἀναγκα-

255 1228 396 1272 στικῶς
417 1220 700 1265 ἀποδείκνυται
715 1225 755 1274 ἐξ
779 1220 836 1264 ὧν
865 1224 990 1275 φασὶν
1010 1226 1052 1266 οἵ
1071 1226 1114 1266 ἐκ
1132 1224 1256 1278 μόνου
1276 1229 1348 1268 τοῦ
1364 1224 1513 1279 πατρὸς
1528 1224 1572 1267 τό
1590 1227 1709 1266 πνεῦ-

256 1299 311 1334 μα
333 1282 435 1334 ἔχειν
463 1280 539 1333 τὴν
556 1278 732 1333 ’ὕπαρξιν
749 1281 949 1335 λέγοντες,
981 1282 1048 1322 καὶ
1074 1280 1148 1335 τήν
1175 1279 1232 1323 δι’
1251 1283 1346 1324 υἱοῦ
1361 1281 1593 1336 ἐκπόρευσιν
1610 1278 1710 1322 nato?

253 1336 329 1391 τήν
350 1341 421 1378 τοῦ
444 1340 614 1391 γραφῶν
639 1337 795 1391 ἐλέγχου
825 1340 1110 1392 στενοχωρίαν,
1152 1337 1229 1380 σῦν
1257 1340 1314 1395 τῷ
1334 1336 1524 1388 ἰδιάζοντι
1552 1341 1623 1391 τῆς
1645 1338 1710 1379 ἔκ-

254 1392 480 1448 πορεύσεως
513 1391 783 1447 ἀπαρνεῖσθαι
811 1391 866 1447 μὴ
899 1395 1071 1447 ἔχοντες,
1110 1396 1166 1444 εἰς
1194 1391 1449 1449 ὄνειδισμόν,
1484 1391 1559 1448 ἐγώ
1590 1410 1708 1448 φημι,

255 1454 328 1493 τοῦ
355 1454 531 1504 Χριστοῦ
559 1449 634 1503 τήν
662 1450 705 1491 ἐκ
729 1449 874 1503 πατρὸς
900 1448 958 1492 δι’
983 1452 1080 1492 υἱοῦ
1105 1448 1334 1506 ἔκπόρευσιν
1359 1452 1608 1507 περιτρέπειν
1641 1446 1711 1491 αῦ-

255 1537 291 1571 ἱιι
311 1536 422 1581 ipsum
446 1535 619 1570 Christum
643 1548 663 1570 a
688 1537 914 1573 communibus
937 1539 1117 1585 utriusque
1138 1540 1352 1586 intorquetur
1373 1539 1608 1575 adversariis?
1634 1541 1711 1572 nam

256 1583 286 1617 si
313 1582 390 1615 fieri
415 1586 532 1625 posset
554 1582 692 1626 aliquod
716 1583 845 1616 Christi
866 1586 1081 1629 opprobrium
1104 1586 1210 1620 sacris
1233 1585 1396 1620 affirmari
1417 1585 1536 1627 literis,
1560 1585 1624 1618 hoc
1647 1595 1711 1628 ego

257 1638 359 1661 unum
379 1637 463 1675 prae
487 1627 638 1660 omnibus
661 1638 736 1660 esse
760 1630 1007 1672 contenderem,
1031 1631 1061 1664 si
1085 1642 1127 1665 ex
1149 1642 1248 1664 sacra
1272 1630 1435 1673 doctrina,
1483 1629 1549 1664 uod
1571 1629 1627 1663 isti
1649 1641 1711 1663 vo-

255 1673 352 1714 lunt,
381 1684 419 1706 re
442 1682 523 1705 vera
545 1672 779 1707 conficeretur.
827 1681 997 1710 caeterum
1027 1676 1060 1710 in
1090 1677 1153 1710 hoc
1185 1676 1430 1710 hallucinantur
1458 1675 1485 1709 ἰι
1515 1675 1713 1720 quibuscum

258 1718 339 1752 mihi
362 1717 593 1752 controversia
626 1724 699 1759 est,
732 1719 822 1762 quod
851 1719 954 1764 ipsis,
988 1721 1022 1754 vi
1046 1726 1314 1766 argumentorum
1345 1733 1387 1755 ex
1410 1720 1611 1756 authenticis
1627 1720 1714 1755 scri-

257 1768 435 1809 pturarum
457 1767 493 1796 et
516 1770 647 1807 patrum
673 1765 872 1799 testimoniis
891 1766 1162 1811 depromptorum
1184 1767 1444 1801 ineluctabiliter
1465 1767 1614 1812 pressis,
1637 1777 1712 1800 cum

258 1809 350 1844 nulla
374 1808 610 1842 ostenderetur
627 1809 681 1843 via
704 1810 901 1852 declinandi,
926 1812 1005 1857 quin
1024 1814 1162 1847 fatenda
1186 1818 1278 1846 esset
1299 1824 1340 1846 ac
1362 1824 1425 1858 pro
1446 1817 1541 1847 certo
1557 1813 1713 1856 dogmate

258 1854 413 1889 habenda
435 1855 554 1888 Sancti
576 1855 726 1900 Spiritus
750 1867 791 1889 ex
815 1863 914 1901 patre
938 1869 999 1903 per
1022 1858 1124 1892 filium
1149 1858 1343 1902 processio;
1374 1858 1509 1893 aliunde
1534 1869 1617 1892 vero
1638 1868 1712 1892 cum

259 1900 337 1945 pari
368 1900 633 1945 theologicarum
666 1912 708 1935 ex
739 1901 920 1946 scripturis
951 1904 1242 1938 ratiocinationum
1278 1904 1448 1938 evidentia
1470 1903 1656 1948 constringi
1676 1913 1716 1937 so

259 1949 421 1992 putarent
442 1945 485 1979 ad
508 1945 760 1989 affirmandum,
783 1947 1021 1993 proprietatem
1045 1962 1120 1984 esse
1152 1961 1317 1994 personae
1340 1950 1447 1995 patris
1467 1949 1715 1996 hypostaticam

260 1991 455 2035 originalem
478 1991 694 2036 spirationem
717 1993 861 2027 activam
877 2018 886 2034 ‚
911 1996 1116 2029 concordare
1147 2007 1221 2029 cum
1243 2007 1284 2029 eo
1307 1996 1491 2041 nequivere
1511 1993 1715 2029 consortium

262 2037 298 2070 in
320 2037 481 2081 spirando
506 2037 568 2070 filii
591 2050 663 2072 cum
687 2043 805 2083 patre3
828 2039 972 2085 indeque
995 2041 1029 2074 in
1052 2041 1204 2075 frivolam
1227 2042 1390 2076 abstracti
1413 2039 1714 2075 cavillatiunculam

262 2093 373 2115 vanae
397 2083 622 2117 distinctionis
645 2090 741 2125 sunt,
766 2097 834 2130 qua
857 2092 1043 2130 pernegant
1064 2087 1152 2121 idem
1173 2098 1248 2121 esse
1267 2089 1513 2131 processionem
1535 2090 1570 2120 et
1593 2090 1715 2120 extan-

262 2127 367 2168 tium,
400 2139 441 2161 ac
471 2130 619 2163 fatentes
650 2131 830 2172 procedere
853 2132 985 2176 quidem
1008 2133 1172 2177 Spiritum
1205 2144 1247 2166 ex
1279 2136 1378 2178 patre
1402 2143 1464 2178 per
1486 2132 1613 2174 filium,
1638 2129 1715 2164 vdici

262 2177 377 2206 tamen
412 2178 533 2207 vetant
566 2175 730 2219 Spiritum
763 2188 826 2222 per
857 2178 961 2212 filium
995 2184 1135 2220 extare,
1165 2178 1384 2222 spirationem
1406 2177 1548 2213 activam
1569 2176 1715 2212 transire

264 2229 327 2262 per
350 2217 456 2251 filium
490 2219 655 2264 fingentes
689 2222 786 2266 quasi
807 2234 868 2267 per
901 2224 1043 2258 medium
1072 2229 1107 2258 et
1127 2224 1383 2258 instrumentum
1403 2223 1549 2258 inanime
1567 2222 1603 2256 in
1625 2220 1714 2255 nullo

265 2274 450 2307 cooperans
464 2288 473 2303 ,
511 2271 548 2298 ut
579 2278 620 2300 ea
642 2268 773 2301 ratione
797 2270 982 2312 procedens
1006 2270 1153 2314 Spiritus
1186 2281 1394 2314 consequens
1416 2269 1573 2314 quiddam
1594 2265 1715 2300 intelli-

264 2313 365 2352 gatur
389 2309 431 2342 ad
454 2309 557 2342 filium
581 2312 652 2345 sola
673 2314 895 2356 cogitatione,
930 2316 984 2350 cui
1017 2315 1096 2349 nihil
1126 2316 1329 2360 respondeat
1349 2316 1385 2348 in
1407 2326 1466 2355 re,
1502 2313 1552 2347 ita
1575 2315 1614 2345 ut
1635 2322 1715 2356 pro-

263 2353 359 2399 prius
392 2353 454 2386 filii
483 2355 631 2400 Spiritus
663 2361 838 2392 verborum
869 2367 968 2395 tenus
992 2365 1026 2394 et
1051 2360 1135 2395 meri
1158 2360 1231 2394 soni
1255 2361 1406 2401 dicatur,
1438 2371 1478 2393 re
1499 2362 1609 2392 autem
1633 2367 1715 2390 vera

265 2398 396 2433 alienus
420 2401 462 2433 ab
487 2412 526 2433 eo
550 2402 604 2441 sit,
629 2406 748 2447 utpote
771 2405 827 2448 qui
846 2417 865 2438 e
886 2407 956 2440 solo
981 2406 1143 2452 procedat
1166 2410 1201 2439 et
1223 2409 1318 2439 extet
1339 2409 1448 2449 patre.
1483 2403 1573 2437 nulla
1587 2402 1715 2447 quippe

266 2443 471 2490 persuadeat
493 2446 579 2479 ratio
599 2448 762 2491 Spiritum
785 2450 847 2483 filii
872 2452 961 2495 dici,
983 2452 1038 2496 qui
1064 2463 1106 2485 ex
1127 2451 1196 2484 filio
1220 2462 1286 2484 non
1308 2450 1372 2492 sit,
1400 2453 1478 2492 aut,
1514 2448 1604 2495 quod
1625 2447 1715 2482 idem

267 2493 342 2530 est,
364 2501 427 2534 per
448 2490 557 2535 ipsum
580 2503 674 2526 suam
697 2505 762 2527 non
785 2495 910 2530 habeat
931 2498 1123 2531 extantiam.
1168 2496 1322 2540 quoniam
1342 2495 1446 2539 igitur
1460 2495 1526 2528 duo
1548 2495 1633 2528 haec
1654 2494 1716 2527 ab·

267 2534 388 2576 surde,
416 2540 455 2570 ut
476 2546 555 2569 vere
579 2537 696 2579 dicam,
721 2543 755 2572 et
778 2540 880 2585 impie
903 2547 1052 2582 asserta,
1076 2541 1227 2575 nimirum
1248 2541 1350 2574 filium
1364 2551 1439 2574 esse
1459 2540 1715 2574 instrumentum

268 2580 542 2616 ministratorium
564 2583 654 2626 patri
676 2585 711 2617 in
734 2587 949 2628 processione
970 2587 1137 2632 Spiritus,
1170 2591 1205 2619 et
1226 2585 1365 2619 eundem
1389 2585 1551 2630 Spiritum
1572 2584 1715 2618 alienum

270 2636 346 2661 esse
368 2638 389 2661 a
411 2627 502 2669 filio,
525 2629 716 2662 necessaria
738 2633 974 2666 consecutione
996 2633 1266 2666 demonstrantur
1287 2642 1329 2664 ex
1350 2630 1403 2665 his
1424 2642 1512 2675 quae
1533 2630 1590 2664 isti
1611 2629 1716 2673 aiunt,

271 2673 350 2706 dum
372 2672 536 2717 Spiritum
559 2684 602 2708 ex
625 2675 695 2708 solo
718 2679 817 2720 patre
839 2677 964 2711 habere
986 2676 1167 2711 extantiam
1190 2676 1380 2718 affirmant,
1415 2676 1469 2710 aio
1492 2687 1555 2721 ego
1578 2685 1718 2721 proces-

270 2718 396 2752 sionem
425 2729 488 2764 per
511 2718 637 2761 filium,
668 2732 767 2766 quam
795 2725 867 2756 arte
897 2722 1095 2766 stringentia
1125 2721 1365 2766 scripturarum
1394 2721 1586 2756 testimonia
1613 2720 1716 2755 fateri

271 2769 420 2807 cogunt,
455 2776 529 2799 cum
557 2777 599 2800 eo
630 2767 719 2811 quod
753 2768 924 2812 proprium
955 2767 1177 2812 processionis
1207 2772 1280 2810 est,
1313 2767 1453 2802 infitiari
1474 2780 1540 2803 non
1562 2767 1717 2802 valentes

270 2807 362 2853 ipsos
375 2835 384 2852 ‚
409 2813 608 2855 pervertere
629 2812 665 2847 in
686 2813 902 2858 opprobrium
917 2814 1051 2848 Christi
1073 2812 1321 2860 processionem
1344 2824 1386 2848 ex
1400 2818 1500 2860 patre
1521 2824 1584 2859 per
1600 2812 1713 2848 filium.
