1858 3126
342 172 417 214 DE
449 170 773 214 ANDRONICO
806 170 1173 215 PALAEOLOGO
1207 173 1253 216 L.
1273 171 1346 219 VI.
1480 170 1577 218 545

147 283 291 339 χίστην
301 315 316 336 ,
350 286 431 326 τῶν
450 285 540 339 περὶ
557 283 627 326 τὸν
646 282 921 338 Μπυριγέριον
939 282 1016 338 ἤδη
1036 280 1269 327 ἑαλωκότων
1283 297 1293 307 ·
1327 284 1516 338 βασιλεὺς
1531 286 1578 329 δὲ

149 351 322 404 πέμπων.
342 355 400 409 τῷ
426 351 561 408 μέτρῳ
586 349 697 409 μόνῳ
730 350 907 393 ἐπίστευε
933 355 1195 406 συμπληροῦν
1215 351 1261 394 τὰ
1283 356 1362 394 τῶν
1381 352 1578 396 ἀπαιτου-

149 419 281 474 μένων
299 416 439 464 ποσόν.
508 416 564 467 ὥς
581 419 626 460 δὲ
646 416 861 472 στήσαντες
881 419 1017 460 ἐκεῖνοι
1038 421 1167 473 ζυγοῖς
1187 419 1233 461 τὸ
1256 417 1463 471 διδόμενον
1485 422 1578 463 ἔδυ-ι

150 487 316 539 ‚claugor
334 487 399 527 καὶ
418 485 521 528 πολῦ
541 486 587 528 τὸ
607 485 797 539 ἔλλειμμα
822 481 897 540 ἦν,
933 486 1186 540 ἔξωργίζοντο
1207 488 1271 528 καὶ
1293 486 1423 536 ἄλλως
1442 488 1483 529 ἐν
1498 505 1571 541 με-
1591 496 1625 531 Ι)

116 554 312 610 ὅταμέλῳ
333 570 419 602 πως
441 553 572 605 ὄντες,
609 555 673 595 καὶ
695 553 1001 595 ἀντεπέστελλον
1024 554 1120 602 τοὺς
1147 552 1338 606 μισθούς.
1405 552 1578 610 Πάτρο-

148 625 244 670 κλος
264 620 307 663 δ’
329 616 380 675 ἦν
397 620 448 662 τὰ
465 621 707 674 ἐλλείμματα
726 619 927 676 πρόφασις
942 634 951 644 ·
983 618 1036 670 ὦς
1054 621 1131 675 γὰρ
1153 623 1218 662 καὶ
1237 626 1367 664 ταῦτα
1385 623 1578 674 βασιλεῦς

149 686 325 742 ἔπλήρου
357 689 423 729 καὶ
455 688 621 740 πέμπων
643 685 881 743 ἐξώτρυνεν,
919 688 957 730 οἶ
976 689 1020 730 δὲ
1039 688 1118 730 ἀπὸ
1139 693 1212 730 τοῦ
1235 687 1354 743 λόγου
1378 695 1458 731 τῶν
1472 695 1576 741 βου-

148 753 357 809 λευμάτων
379 753 640 809 κρουσάμενοι
661 757 765 804 ῗδιάς
785 754 1016 809 προύτεινον
1037 757 1252 810 ε’μποριάς,
1289 758 1356 798 καὶ
1378 757 1479 813 πρὸς
1498 757 1575 800 αὖ-

147 829 239 872 vaf,-
256 818 362 877 ἦσαν
382 822 557 874 εὐθέως,
591 824 656 865 καὶ
676 821 975 876 ἀπηλλάττοντο
997 824 1068 877 τὴν
1089 827 1292 878 ταχίστην.

94 896 139 931 ln
277 888 326 932 ‘O
351 890 396 932 δὲ
420 890 610 943 βασιλεὺς
623 894 791 932 τοιαῦτα
805 890 956 944 μαθὼν
975 899 1060 940 τοῖς
1081 893 1194 941 ι’ὁιόις
1213 891 1415 946 παρέβαλε
1433 891 1484 934 τὰ
1504 910 1575 945 μι-

145 954 352 1010 σθώματα
374 959 438 999 καὶ
454 955 626 1013 τριήρεις
645 956 852 1012 ἔξηρτίετο
863 991 877 1010 ‚
913 958 1171 1001 ἀναπαλαίων
1194 959 1267 1013 τὴν
1283 953 1409 1012 ἧτταν
1430 957 1571 1014 αἱρού-
1594 968 1626 1002 Ε

144 1040 279 1086 μενος.
346 1023 395 1066 οὗ
413 1024 490 1080 γὰρ
510 1024 623 1078 ι’σχῦς
643 1025 874 1067 ἐπιλελοίπει
894 1031 944 1082 τῇ
964 1028 1146 1085 βασιλείᾳ
1158 1058 1171 1078 ,
1210 1026 1312 1068 ἀλλὰ
1331 1027 1377 1068 τὸ
1398 1031 1470 1080 τῆς
1497 1027 1575 1082 ἀρ-

141 1096 223 1146 χῆς
245 1091 391 1134 τέλειον
421 1087 491 1145 ἦν,
526 1091 599 1134 κᾶν
630 1091 830 1146 ἠσθένουν
857 1093 908 1135 τὰ
938 1093 1088 1149 ὄργανα
1116 1095 1180 1135 καὶ
1210 1093 1360 1142 ἀτελεῖς
1388 1095 1431 1135 αἱ
1452 1092 1573 1149 λόγον

144 1158 307 1213 ἔχουσαι
332 1156 522 1212 σώματος
545 1163 827 1213 στρατιωτικαὶ
857 1158 1044 1214 δυνάμεις
1054 1193 1067 1212 ‚
1115 1166 1188 1214 τῆς
1220 1162 1426 1211 βασιλείας
1453 1160 1573 1216 λόγον

92 1223 315 1281 15ἔχοῦσης
339 1231 502 1281 ψυχῆς,
547 1232 620 1281 τῆς
650 1226 957 1282 ἔπεισπεσούσης
984 1229 1124 1276 αὐταῖς
1158 1229 1308 1277 ἐνδείας
1339 1229 1571 1283 ἐφαίνοντο·

144 1293 248 1348 παρ’
270 1292 320 1347 ἢν
341 1295 472 1335 αἰτίαν
491 1296 557 1336 καὶ
577 1295 850 1350 παρεφέροντο
869 1295 944 1337 κάκ
961 1300 1106 1349 μικρᾶς
1131 1293 1318 1349 κινήσεως
1338 1294 1442 1349 εἶχον
1461 1313 1570 1352 σφα-

143 1359 296 1414 δάζειν,
333 1361 436 1402 κατὰ
465 1359 584 1416 λόγον
612 1367 781 1417 νεογνῶν
813 1361 946 1415 ζώων,
985 1363 1010 1405 ἃ
1038 1363 1088 1417 δὴ
1119 1364 1268 1412 τελείας
1295 1362 1418 1417 οὔσης
1438 1368 1509 1417 τῆς
1527 1365 1569 1406 ἐν

183 1466 186 1468 -
231 1442 595 1482 adamantino?
729 1447 782 1481 16.
805 1442 875 1481 κᾶν
898 1448 940 1483 Ρ.

142 1517 179 1548 et
204 1517 336 1559 captam
367 1513 567 1558 Mpyrigerii
598 1514 735 1548 classem
769 1515 969 1548 adoriendae
994 1516 1136 1559 pretium
1158 1526 1218 1549 sex
1239 1514 1339 1550 millia
1358 1527 1571 1550 nummorum.

139 1560 322 1605 imperator
343 1558 504 1604 pecuniae
524 1559 567 1592 ad
589 1571 661 1593 eam
684 1560 877 1594 solutionem
898 1560 1052 1604 signatae
1076 1572 1240 1605 parcens,
1273 1573 1387 1595 aurum
1413 1561 1570 1596 infectum

139 1605 216 1638 loco
237 1608 390 1638 monetae
412 1604 454 1638 ad
475 1603 568 1648 ipsos
590 1605 743 1646 miserat,
774 1616 854 1639 eura
876 1606 946 1639 suis
968 1606 1049 1640 data
1072 1610 1110 1639 ut
1131 1605 1305 1650 explorato
1326 1618 1389 1651 per
1410 1612 1570 1642 stateram

140 1650 383 1695 aestimatoque
410 1650 557 1694 pondere
580 1662 742 1691 ,summam
770 1650 852 1696 ipsis
875 1651 970 1684 istam
995 1651 1207 1685 conficerent.
1252 1652 1288 1685 id
1310 1654 1432 1685 lentum
1456 1652 1570 1697 pensi-

139 1694 236 1729 tandi
265 1706 306 1729 ac
334 1695 535 1739 supputandi
562 1695 638 1728 dum
661 1696 827 1739 negotium
851 1696 1131 1730 altercatiunculis
1156 1697 1324 1739 trahitur,
1357 1700 1498 1740 dumque
1519 1696 1572 1730 illi

140 1745 326 1786 queruntur
354 1739 416 1773 tali
446 1741 698 1774 commutatione
728 1745 880 1775 monetae
900 1742 936 1775 in
965 1753 1105 1776 massam
1128 1742 1217 1775 haud
1238 1742 1306 1775 levi
1327 1742 1570 1775 intertrimento

141 1785 292 1819 contrahi
312 1784 376 1818 sibi
396 1786 540 1819 fructum
560 1787 719 1830 pecuniae
741 1788 934 1830 promissae,
955 1788 1060 1821 otium
1081 1788 1208 1821 scilicet
1228 1788 1296 1820 alia
1318 1786 1486 1829 cogitandi
1508 1786 1572 1820 ha-

139 1830 268 1872 baem
297 1841 338 1864 ac
367 1831 623 1874 suggerentibus
650 1832 818 1866 contraria
850 1833 1038 1866 fautoribus
1070 1833 1304 1866 Catelanorum
1333 1837 1372 1864 ut
1399 1831 1570 1865 faciliores

142 1884 304 1919 persuasu
326 1879 458 1916 essent,
488 1876 769 1919 indignatiuncula
795 1877 909 1911 effecit
929 1878 1006 1922 ipsa
1025 1877 1084 1910 illa
1106 1889 1173 1921 qua
1194 1878 1410 1910 movebantur
1432 1887 1452 1908 e
1474 1875 1571 1909 dimi-

142 1918 282 1952 nutione
309 1919 437 1963 sperati
470 1921 621 1964 praemii.
664 1922 873 1965 poenitentes
901 1923 1007 1966 igitur
1027 1926 1180 1955 ostensae
1205 1920 1383 1954 voluntatis
1402 1925 1571 1964 portatum

142 1962 187 1998 ad
217 1974 255 1996 se
283 1963 446 1997 mercedis
476 1966 604 1999 nomine
636 1977 751 1999 aurum
776 1967 969 2011 imperatori
990 1967 1198 2000 remiserunt.
1245 1970 1438 2009 praetextus
1459 1971 1571 1999 autem

140 2018 255 2042 merus
274 2007 338 2040 fuit
358 2007 425 2041 ista
447 2020 545 2053 quam
567 2011 790 2044 causabantur
809 2023 850 2045 ex
867 2012 1050 2045 mutatione
1072 2017 1222 2044 monetae
1243 2011 1276 2043 in
1299 2022 1438 2044 massam
1461 2022 1571 2044 emer·

141 2063 225 2098 gens
254 2051 291 2086 in
326 2052 477 2086 damnum
508 2065 620 2087 eorum
653 2055 796 2089 iactura.
847 2067 922 2089 nam
951 2057 1040 2089 istud
1069 2055 1229 2100 quidquid
1263 2056 1353 2088 soret
1381 2055 1570 2089 detrimenti

140 2102 427 2142 compensaturum
455 2109 494 2131 se
523 2098 654 2132 aliunde
683 2101 853 2143 Augustus
880 2101 1020 2145 recepit.
1064 2100 1219 2144 misitque
1249 2099 1331 2133 adeo
1354 2100 1411 2144 qui
1433 2102 1569 2146 supple·

138 2149 284 2177 tuentum
317 2143 383 2176 hoc
414 2147 704 2187 repraesentarent
734 2150 769 2178 et
799 2145 965 2188 negotium
995 2145 1228 2185 absolverent,
1259 2145 1396 2179 remoris
1417 2146 1568 2180 omnibus

140 2187 304 2233 abruptis.
350 2192 398 2229 at,
420 2197 458 2221 ut
479 2188 558 2230 dixi,
582 2200 691 2222 serum
713 2189 747 2222 id
770 2190 847 2232 suit,
869 2189 936 2222 illis
958 2190 1022 2223 iam
1046 2189 1198 2223 alienatis
1221 2194 1256 2222 et
1276 2189 1311 2222 in
1334 2190 1465 2225 diversa
1488 2202 1568 2225 con-

137 2233 214 2268 :ilia
236 2232 385 2268 deflexis.
431 2244 512 2277 ergo
540 2245 601 2267 sua
631 2235 850 2268 obtendentes
871 2234 1100 2275 mercimonia,
1131 2246 1268 2278 quorum
1290 2235 1436 2269 rationes
1457 2242 1570 2270 matu-

138 2289 211 2312 ram
239 2278 385 2322 ipsorum
415 2277 610 2321 flagitarent
639 2279 877 2323 profectionem
907 2279 949 2312 ad
981 2279 1111 2320 Lazos,
1142 2291 1264 2314 vacare
1294 2291 1380 2315 nunc
1401 2281 1468 2316 sibi
1490 2281 1567 2318 aliis

137 2323 314 2358 estendere
334 2324 485 2367 praecise
505 2328 690 2367 negarunt,
710 2324 950 2368 confestimque
970 2325 1150 2358 solverunt.

167 2393 170 2395 Α
229 2369 307 2409 Quo
327 2368 507 2413 imperator
528 2373 718 2414 comperto,
750 2369 785 2402 in
807 2381 886 2403 suos
907 2369 1046 2403 Romani
1068 2368 1200 2412 generis
1220 2370 1385 2404 destinata
1407 2371 1567 2405 Genuen-

139 2413 233 2447 sibus
254 2413 417 2458 stipendia
434 2414 616 2459 impendit,
645 2415 798 2448 triremes
828 2425 1023 2459 comparans
1043 2426 1181 2458 quarum
1204 2427 1268 2460 ope
1289 2415 1439 2450 damnum
1462 2416 1568 2450 cladis

139 2462 299 2503 acceptae
328 2465 513 2503 repararet.
557 2470 623 2492 non
653 2459 736 2493 enim
766 2471 912 2493 summae
933 2459 1063 2502 imperii
1084 2459 1134 2493 vis
1154 2471 1194 2492 ac
1213 2461 1315 2495 robur
1336 2460 1472 2502 deerat,
1504 2461 1566 2495 scd

141 2513 215 2536 mm
237 2503 367 2536 valeret
386 2503 584 2548 vigeretque
605 2505 702 2549 quasi
724 2509 826 2549 caput
847 2505 1068 2548 reipublicae,
1102 2516 1216 2539 manus
1239 2510 1275 2539 et
1299 2505 1463 2540 actionum
1485 2510 1566 2540 tuuc

140 2547 401 2582 necessariaru-
421 2549 641 2584 instrumenta
662 2550 884 2593 languebant,
906 2550 1071 2591 infirmae,
1092 2550 1236 2594 iuquam,
1261 2551 1418 2584 militares
1442 2551 1567 2584 Roma-

141 2602 255 2628 norum
289 2593 407 2638 copiae
420 2618 430 2633 ,
462 2605 548 2639 quae
578 2595 670 2629 velut
692 2606 812 2640 corpus
834 2595 1022 2635 faciebant,
1055 2594 1108 2628 cui
1130 2599 1204 2628 erat
1223 2595 1297 2630 vice
1319 2595 1445 2630 animae
1467 2602 1565 2640 pote-

143 2640 214 2670 stu
233 2637 427 2680 imperantis
447 2639 629 2684 principis,
649 2641 870 2685 nequidquam
891 2640 966 2685 ipsa
988 2651 1131 2684 operans
1154 2644 1191 2674 et
1209 2645 1385 2684 satagens,
1409 2641 1484 2674 dum
1509 2652 1567 2674 co-

142 2685 240 2714 naun
260 2682 349 2716 illius
370 2695 483 2717 omnes
505 2686 722 2719 membrorum
743 2685 948 2729 reipublicae
969 2685 1219 2730 praecipuorum
1241 2686 1396 2721 debilitas
1418 2691 1454 2719 et
1474 2685 1570 2718 defe-

143 2728 218 2778 ctus
237 2726 400 2762 reddebat
420 2728 545 2763 irritos.
586 2730 742 2764 debilitas
762 2738 872 2764 autem
894 2731 1081 2775 apparebat
1098 2730 1190 2772 ista,
1216 2731 1274 2765 ubi
1305 2741 1509 2765 commovere
1531 2741 1569 2764 se

142 2777 347 2814 inopes-ent:
374 2773 486 2807 statim
515 2773 602 2807 enim
631 2775 720 2810 sicut
751 2776 947 2812 animalcula
977 2775 1099 2811 aetatis
1129 2778 1287 2816 tenerae,
1317 2786 1467 2820 gressum
1487 2779 1569 2811 ‚ante

198 2821 367 2867 Georgius
391 2824 610 2869 Paehymcres
637 2827 685 2861 11.
1243 2825 1296 2866 35
