1858 3126
212 175 312 223 428
635 175 874 220 GEORGII
909 177 1262 223 PACHYMERIS

166 296 197 331 C
221 290 287 333 καὶ
309 284 647 345 ἕπεισφρῆσωσιν,
686 288 889 341 εὐέλπιδες
907 291 1110 334 ἵστανται.
1179 288 1291 342 ἔδοξε
1315 292 1360 335 δὲ
1377 283 1481 348 μέγα
1501 292 1547 336 τὸ
1569 290 1686 350 ἔργον

212 360 279 401 καὶ
296 357 552 415 εὐφημίσθη,
579 358 636 413 μὴ
660 357 773 409 ἄξιον
793 358 839 402 ὃν
860 362 1049 403 τοσοῖσδε
1071 360 1138 402 καὶ
1157 358 1266 402 οὕτω
1285 365 1544 417 παρασκευῆς
1565 361 1684 417 ἔχου-

211 443 287 470 σιν.
361 425 488 476 αὐτὸς
518 427 564 469 δὲ
594 427 670 470 σὺν
695 434 781 478 τοῖς
809 427 920 485 ἄμφ’
946 427 1073 471 αὑτὸν
1102 429 1293 472 ἐντεῦθεν
1313 426 1518 487 τρεμούσῃ
1535 432 1684 491 καρδίᾳ

210 496 308 553 (καὶ
328 492 515 545 θάνατος
532 495 611 551 γὰρ
633 497 677 538 ἐκ
695 501 769 552 τῆς
787 501 943 553 πληγῆς
967 502 1026 556 τῷ
1042 495 1239 558 Ἀλισῦρᾳ
1269 495 1551 555 ἒπεφήμιστο)
1572 498 1689 542 nine?

211 560 390 606 διελθών
406 596 419 616 ,
468 566 535 607 καὶ
574 563 631 615 ὥς
671 564 750 608 ἔδει
802 563 1238 624 κατασφαλισάμενος,
1297 566 1458 624 ἔρχεται
1500 566 1605 624 πρὸς
1634 567 1716 610 τό5

204 629 435 688 Ἀμούριον.
1305 645 1318 663 ·

67 711 96 745 P
118 713 186 750 297
349 700 426 747 24.
490 699 540 744 ‘O
562 701 610 744 δέ
627 719 670 759 γε
698 702 824 759 με’γας
851 703 951 754 δοῦξ
981 702 1048 746 ἔπ’
1082 702 1219 759 ὀλίγον
1242 706 1300 762 τῇ
1320 702 1596 763 Φιλαδελφεῖᾳ
1618 704 1684 746 ἒν-

212 771 458 826 διατρίψας,
495 773 561 813 καὶ
583 771 702 814 ἱκανὰ
716 771 915 828 χρήματα
933 770 1253 826 συλλεξάμενος,
1295 769 1445 816 νόστου
1468 772 1682 828 ἐμέμνητο.

212 841 279 883 καὶ
303 839 354 894 δὴ
376 838 535 882 τάκεῖσε
553 838 690 883 πάντα
714 839 895 898 ([ροῦρια
921 839 1335 898 κατασφαλισάμενος
1361 847 1448 891 τοῖς
1479 841 1584 884 κατὰ
1611 840 1686 883 τὸν

203 907 358 966 ’Ἐρμον
377 906 702 963 Μαγνησιώταις
720 911 997 966 παραγίνεται.
1063 911 1130 952 καὶ
1155 908 1247 952 τότε
1268 908 1288 952 ὅ
1309 910 1383 965 μὲν
1399 907 1599 966 πρότερον
1617 910 1684 952 καὶ
1699 919 1742 953 10

211 974 448 1032 ἀποστάτης
469 975 593 1027 δόξας
620 975 735 1035 ἐγγύς
744 1012 758 1032 ,
805 976 861 1028 εἷς
881 983 963 1022 τῶν
985 983 1209 1030 βασιλικῶν
1244 976 1505 1033 ἱπποκόμων,
1537 978 1686 1021 Ἀττα-

212 1043 382 1101 λειώτης
413 1045 659 1102 τοῦπίκλην,
706 1046 777 1090 ἅτε
806 1046 912 1103 παρ’
949 1048 1103 1102 εἴδησιν
1125 1047 1327 1100 βασιλέως
1361 1049 1428 1090 καὶ
1450 1046 1685 1104 προσταγὴν

155 1107 159 1110 ”
209 1114 426 1170 κατασχών
448 1117 700 1172 ΖΙἸαγνησίαν
720 1118 786 1159 καὶ
805 1118 927 1166 ἴδιάις
948 1118 1028 1158 τισὶ
1048 1115 1242 1171 θελήσεσι
1260 1113 1424 1170 συνάμα
1448 1123 1535 1165 τοῖς
1557 1115 1685 1158 αὐτό-

206 1189 336 1239 χθοσι
357 1186 542 1236 διοικῶν,
580 1184 685 1240 μηδ’
721 1185 851 1228 αὐτοῦ
874 1189 950 1228 τοῦ
983 1186 1038 1235 εἷς
1060 1184 1240 1241 κεφαλὴν
1259 1183 1378 1234 ὄντος
1401 1188 1474 1227 τοῦ
1493 1182 1684 1240 Νοστόγ-

160 1269 190 1304 Β
214 1270 287 1309 γου
319 1254 385 1295 καὶ
414 1250 563 1295 Δούκα
594 1255 845 1310 φροντίζων,
891 1254 997 1309 μηδὲ
1027 1257 1103 1308 τῆς
1133 1253 1237 1309 πρὸς
1267 1252 1342 1309 τὴν
1372 1251 1490 1296 πόλιν
1521 1251 1682 1296 εῗσόδου
1697 1259 1740 1295 15

207 1326 483 1378 παραχωρῶν,
522 1319 543 1364 ὅ
566 1326 663 1378 γοῦν
683 1327 870 1373 τοιοῦτος
893 1322 1073 1373 ἐξελθὼν
1095 1323 1162 1364 καὶ
1183 1319 1316 1378 λόγοις
1334 1323 1402 1364 καὶ
1423 1319 1686 1364 ὖποπτώσεσι

205 1391 440 1447 παραυτίκα
469 1390 541 1433 τὸν
573 1391 701 1446 μέγαν
745 1389 876 1434 δούκα
911 1388 1235 1444 ἐκμειλιξᾶμενος
1278 1391 1345 1432 καὶ
1382 1395 1542 1449 γαμικῷ
1573 1388 1686 1446 κήδει

207 1457 525 1514 δεξιωσάμενος,
575 1458 663 1515 ἅμα
693 1477 734 1503 τε
767 1460 831 1503 δι’
863 1461 1030 1503 ἐκείνου
1057 1459 1202 1509 πιστὸς
1231 1459 1344 1511 ἔδοξε
1379 1463 1566 1514 βασιλεῖ’,
1617 1460 1684 1502 καὶ

300 1558 353 1591 18.
377 1569 415 1592 τε
439 1552 518 1600 δι’]
545 1553 584 1591 δὲ
610 1553 657 1601 δή
682 1557 723 1591 P.

206 1634 506 1679 mitet-‚toleranda
523 1647 584 1680 spe
607 1636 758 1670 similiter
782 1635 974 1679 adventuri,
997 1637 1023 1672 si
1048 1639 1302 1683 expectaretur,
1326 1635 1479 1670 subsidii.
1525 1646 1682 1681 magnum

205 1683 241 1717 id
263 1692 348 1726 opus
371 1681 472 1726 vulgo
496 1682 614 1725 visum,
637 1688 673 1716 et
694 1682 816 1717 solutio
840 1683 1142 1728 Philadelpbiensis
1164 1682 1352 1718 obsidionis
1374 1681 1506 1726 ingenti
1529 1684 1600 1716 late
1625 1694 1683 1716 ce-

206 1728 342 1762 lebrata
363 1728 484 1773 plausu
516 1733 590 1770 est,
623 1728 704 1762 licet
734 1739 791 1762 res
822 1729 912 1762 haud
941 1741 1025 1764 sane
1057 1730 1110 1763 sui
1133 1727 1367 1772 magnitudine
1389 1727 1597 1772 respondens
1620 1740 1686 1762 nu-

206 1785 301 1808 mero
339 1779 376 1807 et
413 1774 598 1819 apparatui
635 1777 810 1808 tantarum
845 1779 1008 1820 tantoque
1046 1775 1289 1809 instructarum
1325 1779 1460 1818 sumptu
1499 1774 1685 1819 copiarum.

207 1831 311 1866 porro
336 1819 487 1864 Alisyras
510 1831 585 1854 cum
609 1813 678 1854 suis
701 1820 799 1864 gravi
820 1827 999 1866 correptus
1022 1826 1111 1855 metu
1125 1846 1135 1863 ‚
1160 1821 1251 1866 quod
1277 1830 1352 1853 eum
1376 1831 1396 1853 e
1417 1819 1558 1854 vulnere
1583 1831 1685 1854 acce-

208 1870 268 1912 pto
289 1866 388 1900 brevi
409 1865 607 1900 moriturum
631 1866 809 1900 multorum
833 1866 993 1911 opinione
1017 1878 1059 1901 ac
1084 1878 1239 1901 sermone
1261 1865 1527 1910 percrebuerat,
1557 1866 1683 1911 raptim

208 1911 405 1946 constitutis
427 1923 516 1958 quae
540 1923 626 1958 opus
649 1918 747 1946 erant
770 1912 814 1946 ad
837 1912 912 1946 loca
935 1918 1073 1947 caetera
1097 1924 1185 1958 quae
1207 1912 1242 1946 in
1263 1911 1329 1946 illis
1353 1911 1509 1957 partibus
1537 1923 1686 1957 occupa-

206 1963 307 1991 verat
329 1959 477 2000 tuenda,
511 1958 647 1992 Amurio
671 1969 711 1992 se
735 1958 915 1993 admovere
934 1959 1132 2002 festinavit,
1167 1958 1202 1992 in
1225 1957 1352 1992 vicinia
1375 1961 1564 1991 castrorum
1588 1958 1686 1992 ducis

209 2004 307 2037 amici
334 2004 600 2038 emendationem
623 2004 821 2038 offensionis
844 2004 947 2047 belli,
980 2010 1017 2040 et
1049 2005 1085 2039 in
1108 2004 1282 2050 praesenti
1304 2008 1463 2049 receptus
1486 2003 1600 2039 infesti
1623 2016 1686 2051 pe-

209 2049 338 2091 riculo,
362 2062 461 2095 quam
486 2051 598 2085 obiter
621 2062 665 2085 ex
688 2051 789 2084 obvio
813 2055 968 2096 poterat,
991 2051 1207 2086 securitatem
1233 2055 1387 2095 captans.
1721 2090 1725 2093 1

302 2096 357 2129 24.
406 2097 553 2140 Magnus
575 2108 657 2130 vero
682 2097 751 2131 dux
773 2097 910 2141 paulum
932 2103 1083 2132 moratus
1105 2096 1378 2141 Philadelphiae,
1402 2106 1466 2129 nec
1488 2095 1607 2140 paucis
1629 2098 1685 2130 ta-

208 2152 285 2175 men
308 2140 371 2175 sibi
394 2142 541 2176 corrasis
563 2142 621 2176 illa
646 2143 744 2177 brevi
768 2154 863 2176 mora
884 2143 1049 2188 pecuniis,
1072 2143 1223 2187 cogitare
1246 2143 1289 2176 de
1311 2141 1423 2175 'reditu
1445 2141 1682 2187 tempestivum

208 2187 319 2222 duxit.
364 2187 482 2232 itaque
514 2189 650 2222 arcibus
680 2188 770 2223 illius
801 2193 933 2223 tractus
966 2194 1001 2223 et
1026 2201 1163 2223 numero
1192 2187 1491 2234 praesidiariomm
1517 2192 1553 2220 et
1583 2186 1682 2231 copia

207 2237 452 2266 commeatuum
477 2239 513 2268 et
535 2235 784 2269 restauratione
808 2240 868 2269 aut
891 2235 1082 2270 adiectione
1104 2235 1383 2269 munimentorum
1402 2232 1537 2266 abunde
1559 2231 1603 2265 ad
1625 2242 1682 2265 se-

208 2278 388 2312 curitatem
412 2279 606 2320 instructis,
638 2281 849 2324 Magnesiam
874 2282 919 2315 ad
943 2285 1102 2316 Hermum
1126 2280 1292 2325 pervenit.
1339 2283 1416 2312 erat
1435 2277 1484 2311 ibi
1505 2282 1587 2310 tunc
1609 2288 1682 2311 ma-

207 2335 276 2369 gna
299 2324 491 2359 rebellionis
514 2325 651 2359 infamia
675 2327 832 2360 laborans
856 2339 898 2361 ac
919 2331 1050 2362 tantum
1073 2338 1139 2361 non
1172 2324 1352 2371 perduellis
1378 2324 1572 2357 declaratus
1594 2334 1681 2357 unus

207 2369 407 2415 equisonum
430 2371 639 2415 imperatorii
663 2373 808 2414 stabuli,
833 2373 1007 2407 Attaleota
1031 2375 1272 2417 cognoment03
1296 2369 1354 2415 qui
1377 2379 1439 2402 nec
1461 2367 1596 2402 conscio
1618 2380 1681 2402 nec

207 2416 347 2450 iubente
380 2415 585 2460 imperatore
618 2423 819 2462 occupatam
852 2419 1064 2463 Magnesiam
1099 2418 1234 2463 privato
1275 2414 1409 2460 quidem
1439 2424 1502 2447 suo
1535 2414 1681 2459 quodam

208 2461 449 2496 moderabatur
473 2462 639 2504 arbitrio,
672 2463 731 2495 sed
758 2464 811 2496 cui
835 2464 876 2497 ad
902 2465 1004 2497 robur
1028 2464 1228 2507 adiungeret
1251 2471 1446 2494 consensum
1470 2464 1547 2493 arte
1570 2461 1682 2494 conci-

209 2507 327 2541 liatum
351 2507 586 2550 indigenarum
610 2507 799 2552 civiumque
822 2508 916 2541 urbis
949 2509 1045 2549 eius,
1079 2519 1178 2553 quam
1209 2507 1258 2541 sic
1290 2506 1374 2540 adeo
1408 2505 1471 2538 sibi
1503 2506 1681 2540 obnoxiam

209 2554 372 2594 habebat,
396 2556 435 2586 ut
457 2564 520 2586 nec
543 2553 714 2597 Nostongi
740 2554 848 2587 ducae
868 2553 918 2587 illi
940 2554 1136 2598 provinciae
1169 2551 1336 2598 praefecti
1361 2551 1524 2584 rationem
1547 2552 1681 2586 omnino

208 2599 310 2633 ullam
331 2599 491 2640 duceret,
526 2610 590 2632 nec
613 2598 681 2643 ipsi
707 2599 924 2644 permitteret
944 2597 1130 2643 ingressum
1154 2599 1187 2632 in
1211 2597 1395 2632 civitatem.
1442 2597 1496 2630 hic
1516 2597 1595 2631 talis
1618 2598 1682 2632 ob-

208 2645 299 2678 viam
322 2656 444 2690 magno
477 2644 555 2678 duci
579 2644 774 2677 adventanti
808 2645 969 2688 prodiens
991 2645 1041 2678 ita
1064 2656 1138 2678 eum
1159 2644 1265 2677 infimi
1294 2642 1503 2688 professione
1525 2644 1682 2688 obsequii

208 2691 392 2736 verbisque
414 2689 624 2736 supplicibus
647 2690 819 2723 delinitum
843 2691 907 2724 sibi
934 2691 1085 2724 adiunxit
1107 2689 1358 2724 necessitudine
1381 2689 1481 2722 etiam
1506 2689 1682 2724 affinitatis

211 2748 274 2782 per
298 2737 485 2782 coniugium
507 2736 596 2770 inter
619 2737 790 2769 amborum
814 2736 1078 2781 consanguineos
1102 2747 1174 2769 cum
1199 2747 1239 2769 eo
1263 2739 1457 2775 contracta,
1480 2738 1518 2768 ut
1541 2740 1683 2781 repente

211 2784 388 2817 Attaleota
412 2781 661 2818 commendatus
684 2781 881 2826 imperatori
905 2794 925 2815 a
947 2793 1069 2825 magno
1093 2781 1179 2815 duce
1201 2782 1290 2815 omni
1317 2780 1468 2815 criminis
1491 2781 1682 2827 suspicione

211 2827 427 2872 liberaretur,
451 2829 655 2874 volenteque
680 2827 748 2862 iam
773 2828 924 2873 Augusto
947 2828 982 2863 in
1005 2834 1168 2874 usurpata
1190 2831 1364 2873 potestate
1385 2828 1598 2873 persisteret,
1620 2830 1683 2864 sed
