1820 3112
222 163 317 209 198
639 157 876 204 GEORGII
906 157 1261 203 PACHYMERIS

219 277 400 333 λιπαρῶς
429 271 572 329 ἠξίου,
620 271 718 314 ἀλλ’
752 270 847 315 οὔτε
878 269 1135 329 πατριάρχην
1165 271 1259 316 οὔτ’
1287 273 1486 331 οἴρχιερεῖς
1503 270 1678 325 ἔπειθεν,

220 343 326 387 ἀλλὰ
359 342 430 385 τὸν
457 341 532 396 μέν
560 336 688 395 τόμον
713 341 904 397 γενέσθαι
934 343 1000 384 καὶ
1032 341 1345 399 ἀσφαλισθῆναι
1371 346 1431 401 τῷ
1461 341 1681 399 στεφθέντι

169 418 199 452 Β
221 412 296 467 τὴν
323 411 534 465 βασιλείαν
564 407 742 453 αὐτόθεν
766 410 920 466 ἕτοιμοι
944 406 1050 465 ἦσαν
1077 408 1293 466 πράττειν,
1331 410 1380 454 τὸ
1403 411 1448 453 δὲ
1471 412 1539 454 καὶ
1560 410 1681 468 ἀραῖς

217 477 473 537 περιβάλλειν
504 479 571 521 καὶ
601 469 848 535 ἄφορισμοΐς
871 482 1060 535 Χριστοῦ
1090 483 1166 534 τῆς
1193 481 1358 536 μερίδος
1371 479 1590 536 χωρίζουσι
1608 478 1681 522 τὸν

218 549 261 592 εἴ
270 549 332 598 τίς
353 564 452 590 ποτε
472 548 539 589 καὶ
559 548 885 604 κατεξανασταίη
906 552 981 591 τοῦ
998 548 1215 602 βασιλέως,
1240 547 1314 591 οὐκ
1334 548 1538 591 ἐδικαίουν
1561 545 1711 598 ὅλως.5

220 617 470 674 ἀποχρῶντα
497 615 576 672 γὰρ
608 614 710 660 εἷναί
740 617 779 660 οἱ
809 617 862 660 τὰ
891 617 934 659 ἐκ
954 621 1037 660 τῶν
1060 615 1196 672 νόμων
1217 614 1448 675 πρόστιμα,
1497 618 1532 659 εἲ
1549 613 1678 675 ἁλῴη,

219 684 276 737 ὥς
294 685 423 742 μηδὲν
445 684 633 728 ἐντεῦθεν
649 687 717 729 καὶ
735 685 783 729 τὸ
800 689 919 740 βιοῦν
934 685 1085 740 βιωτὸν
1106 686 1206 741 ἔχειν
1226 693 1316 736 ταῖς
1328 687 1371 728 ἐκ
1387 682 1523 740 νόμων
1541 689 1681 728 καθυ-

219 754 435 809 παχθὲντα
461 760 634 804 ποιναῖς.
701 754 759 809 μὴ
784 756 940 798 δίκαιον
977 756 1002 797 δ
1011 754 1022 770 ‘
1047 753 1146 797 εἶναι
1168 755 1272 812 πρὸς
1290 751 1484 807 ταύταις,
1521 755 1589 796 καὶ
1607 752 1682 796 ἀν-

219 821 342 881 δράσι
362 823 627 877 συμπαθείας
657 824 791 879 φίλοις
817 822 1126 879 διεγνωσμένον,
1164 825 1231 866 καὶ
1261 828 1334 879 τῆς
1353 823 1518 880 μερίδος
1535 822 1683 865 ἐκεῖνον

215 892 466 949 χωρίζεσθαι
486 895 560 934 τοῦ
582 894 783 947 Χριστοῦ.
854 893 922 934 καὶ
943 891 1068 935 καλὸν
1097 892 1171 948 μὲν
1191 896 1357 948 βασιλεῖ
1378 897 1588 948 προσεῖναι
1608 889 1684 946 τὴν
1695 898 1739 933 10

174 974 204 1008 C
228 957 491 1016 συμπάθειαν
522 959 824 1016 πλεονέκτημα·
867 960 1037 1004 τέτακτο
1067 961 1145 1018 γὰρ
1174 961 1286 1020 αὐτῷ
1306 959 1465 1017 δηλαδὴ
1485 959 1544 1015 μὴ
1565 957 1684 1002 ἑκου-

219 1030 296 1088 σίῳ
314 1026 455 1087 γνώμῃ
481 1032 735 1084 ποινηλατεΐν
763 1029 862 1072 ποτὲ
881 1029 952 1072 τὸν
974 1030 1038 1071 ἐπὶ
1065 1036 1151 1080 τοῖς
1171 1027 1359 1084 ἐσχάτοις
1378 1026 1554 1082 ἁλόντα,
1585 1026 1682 1070 ἀλλ’

219 1097 356 1147 ἄλλως
375 1098 550 1154 εἱρκταῖς
569 1099 635 1140 καὶ
653 1104 742 1148 ταῖς
761 1098 915 1142 ἐκεῖθεν
936 1099 1170 1153 κακουχίαις
1182 1099 1233 1154 δὴ
1255 1100 1323 1141 καὶ
1341 1095 1560 1154 δημεύσεσι
1579 1095 1685 1140 κατὰ

219 1164 372 1224 τρόπον
403 1170 480 1209 τοῦ
514 1164 864 1222 πλημμελήματος
887 1168 1071 1210 δικαιοῦν
1101 1169 1168 1210 καὶ
1197 1164 1391 1220 κολάζειν.
1461 1165 1588 1209 καλὸν
1612 1159 1686 1208 οὖν

219 1233 320 1278 εἶναι
343 1236 411 1277 καὶ
433 1234 641 1278 ἐπαινετὸν
665 1235 713 1278 τὸ
735 1236 891 1291 ταχθὲν
917 1239 1099 1290 βασιλεῖ’,
1137 1235 1184 1278 οὔ
1214 1235 1339 1279 καλὸν
1358 1235 1403 1279 δὲ
1419 1233 1518 1278 οὐδ’
1541 1233 1685 1291 εὗπρε-
1697 1243 1740 1279 15

218 1303 290 1354 na,-
310 1302 445 1354 ἄλλως
465 1302 591 1346 αὐτὸν
612 1308 848 1358 συμπαθῶς
867 1302 965 1348 ὅσον
983 1305 1048 1347 ἐπὶ
1076 1302 1210 1364 τούτῳ
1229 1312 1316 1355 τοῖς
1334 1305 1550 1347 πταίουσιν
1570 1301 1687 1357 ἕχον-

217 1389 270 1415 τα
290 1371 524 1427 ἀσυμπαθῆ
546 1370 867 1429 καταναγκάζειν
891 1373 966 1430 τὴν
999 1374 1212 1429 ἐκκλησίαν
1239 1374 1450 1430 γίνεσθαι,
1488 1372 1555 1415 καὶ
1572 1374 1683 1426 μᾶλ-

161 1455 191 1489 1)
218 1444 290 1484 λον
321 1439 451 1496 αὐτὴν
478 1438 755 1497 διαφερόντως
789 1442 836 1485 τὸ
866 1443 1081 1496 ξυμπαθὲς
1109 1439 1430 1499 πρεσβεύουσαν.
1502 1438 1559 1491 ὥς
1577 1443 1676 1496 γοῦν

219 1507 493 1565 ἀπετύγχανεν
524 1506 545 1550 ὃ
577 1514 762 1566 κρατῶν,
797 1511 865 1553 καὶ
889 1515 970 1561 πᾶς
1001 1512 1043 1561 ἐς
1063 1513 1334 1568 δικαιολογίαν
1350 1508 1469 1567 λόγος
1491 1509 1683 1553 ἐντεῦθεν

218 1683 282 1707 nec
304 1671 531 1718 patriarcham
554 1684 617 1706 nec
639 1673 818 1718 episcopos
847 1678 1021 1719 promptos
1056 1674 1100 1709 ad
1122 1677 1239 1709 nutum
1263 1677 1324 1709 ant
1345 1675 1430 1710 satis
1450 1675 1607 1708 faventes
1628 1683 1686 1708 re-

218 1717 317 1764 perit.
363 1718 411 1752 illi
433 1719 477 1752 ad
501 1719 774 1753 constitutionem
789 1719 924 1764 quidem
948 1719 1060 1754 statim
1083 1720 1329 1765 publicandam,
1350 1732 1418 1766 qua
1440 1730 1561 1755 recens
1585 1731 1685 1753 coro-

217 1770 298 1799 nato
319 1763 441 1799 iuniori
465 1765 618 1810 Augusto
641 1776 794 1799 securam
824 1765 860 1799 in
892 1776 988 1799 omne
1010 1770 1144 1810 tempus
1166 1766 1299 1812 imperii
1319 1767 1566 1811 possessionem
1589 1776 1686 1800 asse-

216 1812 344 1852 rerent,
365 1812 504 1855 paratos
526 1822 564 1845 se
587 1810 677 1844 ultro
701 1810 927 1845 exhibebant:
953 1810 1122 1846 subiicere
1145 1818 1256 1846 autem
1280 1812 1546 1847 Christianorum
1568 1822 1686 1857 quem-

218 1867 320 1902 quam
343 1855 425 1890 diris
447 1860 484 1891 et
518 1856 809 1900 anathematibus,
844 1861 880 1892 et
903 1857 1052 1892 membra
1083 1858 1249 1893 ecclesiae
1279 1859 1323 1893 ab
1358 1858 1431 1892 eius
1459 1867 1602 1903 corpore
1624 1857 1687 1891 ab-

217 1901 373 1936 scindere
402 1902 446 1936 ob
479 1902 694 1937 rebellionem
727 1902 759 1937 si
780 1914 850 1949 qua
872 1903 1084 1948 cogitaretur
1106 1904 1141 1937 in
1163 1903 1370 1950 principem,
1400 1908 1437 1939 et
1459 1913 1580 1950 pamm
1603 1913 1687 1937 con-

216 1952 415 1982 sentaneum
438 1951 475 1982 et
496 1959 785 1994 supervacaneum
806 1948 919 1983 videri
939 1949 1004 1984 sibi
1028 1951 1248 1989 excusabant.
1296 1961 1372 1985 esse
1395 1949 1483 1985 enim
1502 1949 1688 1995 imperato-

217 1993 314 2027 ribus
350 1994 484 2028 abunde
514 2005 637 2040 magna
672 2006 694 2029 a
730 1995 960 2030 sanctionibus
994 1995 1106 2040 legum
1147 1996 1322 2041 dignitatis
1361 1997 1509 2042 ipsorum
1540 1994 1687 2030 tuendae

216 2039 408 2084 praesidia,
442 2039 561 2088 utique
583 2040 750 2075 exauditis
772 2041 901 2088 passim
923 2045 960 2076 et
981 2042 1170 2077 formidatis
1193 2042 1290 2076 minis
1318 2046 1388 2077 tam
1412 2041 1577 2083 atrocium
1602 2051 1688 2087 poe-

217 2096 336 2119 narum
366 2085 402 2119 in
433 2097 492 2120 eos
525 2086 586 2132 qui
616 2087 660 2122 ab
684 2086 767 2132 ipsis
796 2087 1004 2131 defecerint,
1037 2092 1077 2122 ut
1099 2093 1315 2134 perspectum
1338 2089 1448 2135 quivis
1470 2088 1598 2122 habeat
1618 2086 1686 2122 sibi

217 2130 297 2165 talis
321 2131 471 2166 criminis
505 2136 677 2179 comperto
700 2133 806 2168 vitam
828 2132 973 2180 amplius
1006 2133 1099 2168 haud
1122 2135 1258 2169 vitalem
1283 2136 1369 2169 fore.
1415 2134 1503 2180 quid
1519 2143 1602 2178 er-go
1625 2135 1687 2167 aut

217 2187 303 2222 opus
327 2181 387 2211 aut
409 2179 461 2212 fas
486 2189 561 2213 esse
583 2179 798 2214 accumulare
827 2191 930 2225 super
961 2180 1047 2215 haec
1079 2181 1354 2216 comminationes
1377 2179 1518 2214 extremi
1539 2177 1686 2213 omnium

216 2222 403 2268 spiritualis
423 2224 512 2266 mali,
534 2236 656 2271 nempe
677 2225 902 2271 separationis
925 2237 947 2260 a
971 2226 1130 2270 Christo,
1165 2239 1228 2272 per
1253 2237 1311 2261 eos
1331 2225 1536 2270 infligendae
1559 2223 1619 2269 qui
1642 2234 1686 2258 ex

217 2268 333 2302 officio
358 2270 576 2314 professionis
599 2271 750 2306 lenitatis
772 2276 890 2317 partes
914 2272 1103 2314 sustinent,
1136 2277 1171 2307 et
1193 2273 1274 2307 nihil
1296 2273 1429 2318 spirare
1450 2269 1518 2304 nisi
1539 2269 1686 2303 clemen-

217 2313 300 2348 tiam
323 2318 359 2348 et
382 2315 625 2360 benignitatem
648 2317 801 2352 debent?
833 2317 972 2353 tolerari
1005 2319 1042 2353 in
1063 2318 1268 2364 imperatore
1290 2328 1413 2363 posse,
1445 2316 1555 2350 minus
1575 2315 1685 2350 inter-

217 2358 299 2394 dum
324 2362 589 2396 mansuetudinis
621 2365 820 2410 praeferre;
855 2364 909 2398 cui
940 2364 1071 2409 gladius
1103 2364 1146 2399 ad
1178 2364 1338 2398 ultionem
1372 2375 1394 2397 a
1417 2362 1482 2396 deo
1505 2361 1605 2396 datus
1627 2360 1685 2404 sit,

219 2410 256 2439 et
298 2406 447 2441 officium
484 2407 677 2453 impositum
707 2409 879 2454 improbos
918 2412 1083 2444 scelerum
1123 2411 1295 2444 convictos
1328 2408 1459 2443 meritis
1507 2407 1685 2453 suppliciis

217 2451 396 2494 multandi,
420 2453 676 2498 spoliationibus
698 2456 880 2497 bonorum,
905 2457 1121 2497 carceribus,
1143 2455 1370 2498 cruciatibus,
1400 2454 1543 2500 aliisque
1563 2453 1599 2487 id
1621 2463 1686 2497 ge-

218 2508 282 2532 nus
305 2498 402 2533 malis
434 2510 495 2544 pro
526 2500 727 2536 delictorum
758 2500 867 2535 modo.
916 2501 978 2534 sed
1001 2501 1092 2547 quod
1120 2500 1317 2546 imperatori
1347 2504 1478 2534 armato
1509 2499 1685 2533 honestum

218 2547 291 2586 est,
321 2544 455 2578 minime
488 2546 610 2581 decere
632 2546 840 2581 sacerdotes.
887 2551 1031 2581 matrem
1061 2546 1128 2580 dici
1150 2546 1326 2581 ecclesiam
1352 2549 1388 2580 et
1409 2557 1506 2580 esse:
1536 2545 1600 2579 hoc
1622 2556 1687 2579 au-

217 2594 287 2624 tem
318 2590 352 2624 ei
382 2602 503 2625 nomen
533 2592 739 2636 extorserit,
771 2592 830 2638 qui
862 2592 1040 2627 saevitiam
1071 2592 1272 2633 iniunxerit,
1303 2603 1512 2637 quocumque
1542 2590 1685 2625 nomine.

217 2634 340 2670 suadet
361 2636 419 2670 illa
441 2648 575 2682 semper
599 2643 634 2672 et
665 2638 834 2684 praecipit
863 2637 1035 2680 omnibus,
1065 2642 1229 2684 procurat
1252 2637 1355 2672 etiam
1377 2649 1398 2672 a
1425 2638 1500 2682 deo,
1523 2639 1685 2683 quantum

216 2684 344 2726 potest,
366 2682 404 2716 in
426 2683 583 2718 solatium
606 2684 804 2718 miserorum
835 2685 1095 2730 compassionem
1118 2688 1154 2718 et
1183 2683 1463 2718 misericordiam:
1497 2694 1598 2729 quam
1630 2682 1685 2717 in-

217 2728 343 2762 decens
367 2739 450 2774 ergo
474 2729 520 2763 sit
543 2741 610 2764 non
633 2731 748 2764 facere
770 2730 860 2764 illam
883 2731 972 2776 quod
995 2731 1200 2776 profitetur,
1224 2730 1313 2775 quod
1337 2729 1496 2776 postulat,
1518 2728 1609 2775 quod
1629 2729 1685 2763 iu-

217 2773 303 2818 bet3
326 2779 362 2809 et
384 2786 405 2810 e
426 2775 616 2810 visceribus
638 2775 800 2810 maternis
824 2776 916 2812 diras
948 2780 984 2812 et
1005 2775 1264 2822 imprecationes
1287 2777 1442 2822 proferre
1463 2774 1686 2810 novercales?

219 2819 386 2856 adversus
409 2821 494 2857 haec
516 2823 645 2858 trustra
668 2821 727 2856 diu
749 2822 896 2859 luctatus
917 2825 1092 2869 Augustus
1113 2823 1236 2866 senior,
1258 2826 1297 2858 ut
1321 2823 1454 2858 tandem
1475 2821 1585 2857 sensit
1605 2819 1685 2855 irri-
