1858 3126
300 135 376 177 DE
408 131 738 176 ANDRONICO
771 128 1140 174 PALAEOLOGO
1177 130 1222 172 L.
1240 128 1335 173 Vll.
1438 127 1537 172 639

87 242 413 304 Ἀμογαβᾶρους,
451 245 531 288 ἐπεὶ
565 245 632 287 καὶ
659 244 699 287 οἶ
725 244 815 300 περὶ
841 241 915 286 τὸν
938 243 1117 296 Τζιμῆν,
1156 239 1211 291 ὥς
1231 239 1436 297 ἐλέγομεν,
1473 240 1538 283 3⁷12

89 316 167 370 τὴν
189 314 325 358 Αἶνον
353 311 555 367 γενόμενοι
595 310 854 366 ἐπολιόρκουν
888 310 955 352 καὶ
992 310 1265 365 ἐνεργέστερον
1298 309 1534 364 ἐπεχείρουν,

92 381 198 427 ὥστε
218 384 285 425 καὶ
304 379 536 437 ἀνορύττειν
564 380 608 422 ἐκ
632 380 780 435 με’ρους
809 377 991 431 τάκείνης
1021 377 1232 431 θέμεθλα,
1269 378 1386 419 εἶκαὶ
1406 376 1532 431 πέτρα
1555 387 1586 422 D

94 448 296 507 συμφύτῳ
324 446 654 504 προσαράξαντες
681 446 755 489 οὐκ
788 444 893 499 εἶχον
924 444 946 486 ὅ
964 461 1003 486 τι
1023 447 1087 486 καὶ
1107 442 1310 498 πράττειν.
1377 444 1478 494 τέως
1494 445 1540 487 δὲ

64 519 166 560 ὄκαὶ
197 518 235 560 οἱ
269 516 410 568 ἔνδον,
444 514 534 565 ἑνὸς
565 519 647 557 τῶν
674 514 816 568 τέχνην
844 510 1024 567 ὀρύττειν
1042 509 1213 566 ἐχόντων
1233 510 1540 568 προσφυγόντος

94 586 253 634 ἐκείνοις
267 616 281 636 ,
318 581 549 637 ἂνιόρυττον
571 582 738 624 ἔνδοθεν
757 577 943 635 ἀντικρύ,
966 581 1032 621 καὶ
1054 577 1372 635 προτερήσαντες
1391 579 1541 636 αἴφνης

92 651 141 695 τὸ
174 649 493 707 ἆνορυττόμενον
522 648 796 705 προσάξαντες
822 647 918 697 τούς
955 646 1109 697 ἔξωθεν
1140 647 1222 689 ἐκεῖ·
1244 646 1437 701 συνέσχον
1471 649 1537 690 καὶ

94 717 354 775 ἔξηφάνισαν.
423 722 675 773 σιτηγεῒσθαι
698 716 743 758 δ’
767 716 943 772 ἤθελον,
981 714 1043 757 ὅτι
1062 716 1127 757 καὶ
1147 719 1266 769 λιμοῦ
1290 713 1538 757 ἐκινδύνευον

93 788 279 842 γίνεσθαι
296 783 590 842 παρανάλωμα.
658 784 756 827 ὅθεν
775 786 840 826 καὶ
859 780 1006 838 μικράς
1023 799 1137 832 τινας
1157 787 1258 837 νῆας
1278 780 1540 835 ἕξετοιμασά-

44 861 88 895 10
96 871 210 908 μενοι
228 855 268 904 ἔς
282 854 331 897 τὸ
350 853 475 909 πέραν
503 850 738 908 κατήπειγον
763 857 835 906 τῆς
854 851 1091 905 ΙΙῙαρίτζης,
1124 849 1192 907 ἐφ’
1222 844 1331 909 ᾧπερ
1347 849 1390 892 ἔκ
1410 853 1540 893 Βολε-

98 927 172 978 ροῦ
195 928 463 977 σιταρκοΐντο.
532 918 597 970 αἷς
623 920 672 974 δὴ
693 921 758 961 καὶ
788 919 891 961 κατὰ
910 917 1130 961 θάλασσαν
1159 915 1388 972 ἐντυχόντες
1406 918 1445 960 οἶ
1458 922 1532 960 τοῦ
1558 925 1591 959 E

97 991 164 1031 ε’πὶ
190 994 264 1032 τοῦ
287 993 466 1045 στρατοῦ
499 989 562 1030 ἐπὶ
587 988 662 1042 τὴν
680 987 746 1030 ἔπ’
777 987 905 1036 αὐτὰς
925 987 1175 1029 ἓπέσπευσαν
1192 988 1351 1038 δίωξιν,
1387 990 1542 1039 λιχνευ-

97 1054 264 1111 σάμενοι
283 1056 387 1113 πρὸς
401 1055 449 1098 τὸ
469 1053 658 1110 θήραμα.
725 1052 824 1109 τάχ’
846 1054 895 1097 ἂν
914 1055 979 1096 καὶ
1001 1051 1303 1108 κατηυστόχουν
1322 1057 1393 1108 τῆς
1414 1053 1543 1110 ἄγρας

49 1164 51 1166 .
98 1125 154 1174 εἷς
174 1125 307 1173 τέλος·
341 1126 377 1166 εἶ
396 1124 473 1179 γὰρ
493 1121 715 1179 &quadrum
732 1121 889 1165 τούτων
906 1126 979 1177 τῆς
994 1122 1156 1171 ε’λασιάς
1178 1122 1315 1163 ἐκεῖνοι
1336 1120 1543 1170 ἀνωίστως

45 1193 166 1234 15καὶ
191 1191 309 1234 εἰσέτι
336 1191 408 1234 τὸν
442 1191 624 1243 ποταμὸν
651 1189 936 1246 παρήλλαξαν,
972 1191 1038 1232 καὶ
1063 1191 1127 1231 ἐπὶ
1148 1193 1229 1231 τῶν
1256 1188 1382 1242 πέραν
1406 1187 1541 1231 τόπων

99 1260 142 1308 ἔς
171 1258 269 1302 ὅσον
300 1254 351 1313 ἦν
378 1258 562 1313 ἇποτέρω
586 1257 786 1313 ἐγένοντο,
820 1256 914 1312 τάχ’
950 1256 1000 1298 ι’ὶν
1033 1255 1269 1312 φθάσαντες
1298 1251 1410 1299 οὗτοι
1430 1256 1543 1305 ἐντὸς

99 1324 290 1380 ἇφῦκτων
309 1323 468 1382 ἀρκύων
490 1324 594 1379 εἶχον
616 1325 799 1376 Ξκείνους,
834 1325 961 1379 μηδὲν
979 1323 1389 1380 ὥφεληθησομένους,
1424 1325 1458 1366 εἴ
1476 1325 1542 1366 καὶ
1565 1330 1594 1364 P
1617 1330 1684 1365 446

100 1398 152 1452 τῇ
173 1393 308 1454 χέρσῳ
329 1391 635 1450 προσήραττον,
675 1391 880 1436 ἀδυνάτου
918 1391 1035 1442 ὄντος
1072 1389 1407 1444 ἓπανασιόζεσθαι
1440 1391 1544 1449 πρὸς

101 1614 172 1648 tum
192 1615 233 1648 ut
252 1612 337 1647 Aeni
363 1614 452 1649 arcis
483 1614 527 1648 ab
557 1613 776 1660 Amogabaris
805 1613 983 1653 obsessae,
1015 1611 1126 1659 quoad
1155 1610 1234 1646 inde
1256 1614 1395 1657 posset,
1417 1611 1546 1645 tutelae

100 1658 322 1704 prospiceret.
364 1671 441 1693 nam
463 1660 601 1694 Tzimes
623 1671 697 1693 cum
720 1660 810 1702 suis,
843 1663 881 1692 ut
911 1669 1019 1704 nuper
1041 1659 1252 1698 dicebamus,
1274 1668 1393 1690 versus
1417 1660 1545 1690 Aenum

101 1705 248 1749 profecti
269 1715 342 1738 eam
365 1705 575 1739 munitionem
597 1706 844 1749 oppugnabant,
866 1705 955 1738 omni
970 1716 1034 1748 ope
1056 1704 1211 1747 subigere
1231 1707 1437 1746 satagentes,
1459 1701 1546 1735 adeo

102 1753 146 1782 ut
164 1749 322 1783 cuniculis
352 1752 414 1784 sub
437 1751 567 1784 humum
590 1751 699 1783 ductis
722 1751 794 1795 ipsa
827 1750 899 1784 eius
922 1750 1055 1794 penitus
1079 1748 1206 1783 emoliri
1226 1749 1441 1781 fundamenta
1463 1757 1548 1779 con-

103 1794 290 1828 tenderent.
335 1795 372 1828 in
402 1807 469 1840 quo
501 1807 639 1839 magnus
660 1795 726 1829 illis
748 1796 896 1829 occurrit
918 1796 1036 1836 labor,
1062 1794 1150 1839 quod
1173 1797 1302 1837 petram
1325 1793 1442 1824 subtus
1465 1801 1546 1844 per-

104 1843 240 1883 petuam
269 1844 468 1883 repererunt
504 1841 715 1874 ferramentis
751 1841 838 1874 haud
870 1841 970 1874 facile
997 1839 1184 1873 forabilem.
1237 1843 1348 1871 tamen
1388 1846 1462 1869 cum
1492 1847 1547 1868 in-

106 1886 238 1926 ceptum
269 1890 525 1927 perseveranter
557 1885 711 1918 instando
742 1885 984 1930 proveherent,
1024 1889 1211 1929 opportune
1242 1880 1388 1915 obsessis
1421 1881 1545 1914 accidit

105 1929 320 1971 transfugere
343 1929 385 1961 ad
414 1929 505 1973 ipsos
525 1929 669 1974 peritum
691 1931 854 1974 quendam
883 1931 1176 1963 subterraneorum
1198 1925 1390 1959 istiusmodi
1413 1926 1545 1959 molito-

106 1983 176 2005 rem
199 1983 346 2016 operum,
370 1973 465 2007 cuius
481 1985 582 2008 suasu
604 1975 773 2019 ductuque
794 1974 998 2008 contrarium
1020 1977 1056 2007 et
1076 1972 1142 2017 ipsi
1165 1971 1348 2005 cuniculum
1370 1971 1544 2012 effodiunt,

105 2028 174 2062 quo
204 2017 377 2060 progressi
407 2029 515 2062 usque
545 2019 589 2052 ad
616 2019 729 2052 hostes
757 2031 859 2053 caeca
886 2019 944 2052 illa
975 2017 1228 2063 progredientes
1249 2016 1303 2049 via
1323 2027 1387 2049 nec
1405 2016 1541 2060 opinato

106 2063 333 2106 deprehensos
351 2063 611 2105 interemerunt,
643 2064 759 2097 labore
786 2064 935 2108 ipsorum
955 2063 1052 2096 irrito
1081 2061 1224 2095 reddito.
1270 2060 1360 2094 istud
1382 2061 1542 2095 obsiden-

107 2107 192 2140 tium
224 2107 462 2141 incommodum
493 2109 701 2151 aggravabat
734 2108 874 2153 penuria
896 2110 1152 2147 commeatuum,
1184 2111 1220 2139 et
1248 2106 1324 2139 hinc
1361 2112 1470 2140 metus
1500 2118 1544 2140 ne

106 2153 197 2186 fame
212 2154 371 2196 perirent.
418 2152 493 2186 huic
514 2157 552 2185 ut
573 2153 703 2186 obviam
726 2153 811 2187 malo
832 2153 944 2191 irent,
974 2151 1144 2186 naviculas
1163 2151 1345 2195 expediunt
1365 2151 1486 2196 quibus
1506 2151 1544 2184 in

106 2197 283 2232 adversam
308 2197 473 2233 Maritzae
493 2198 599 2232 amnis
623 2197 724 2232 delati
746 2199 851 2242 ripam
888 2210 908 2231 e
930 2198 1051 2231 Bolero
1082 2200 1118 2231 et
1146 2196 1238 2240 agris
1261 2195 1458 2230 circumsitis
1479 2196 1547 2231 ali-

105 2246 218 2276 menta
240 2244 478 2285 corraderent,
511 2243 634 2277 eisdem
665 2243 870 2288 postmodum
893 2241 1026 2287 scaphis
1055 2242 1090 2275 in
1119 2246 1232 2276 castra
1253 2241 1398 2286 ipsorum
1420 2241 1545 2286 depor-

107 2288 225 2322 tanda.
268 2289 371 2322 talem
405 2289 496 2332 ipsos
526 2289 703 2322 traiectum
735 2288 1003 2322 administrantes
1035 2287 1124 2320 forte
1154 2286 1336 2331 conspicati
1358 2289 1544 2320 nostrorum

109 2332 247 2377 quidam
267 2333 532 2373 classiariorum,
563 2345 583 2366 e
605 2334 688 2367 mari
711 2333 856 2367 fluminis
878 2333 1009 2366 alveum
1030 2331 1194 2376 ingressi,
1222 2335 1323 2365 ruunt
1345 2332 1456 2366 statim
1484 2343 1546 2365 cu-

109 2377 182 2421 pidi
203 2383 379 2412 venatores
402 2379 435 2412 in
459 2378 616 2423 praedam
638 2378 762 2419 visam3
786 2389 883 2423 quam
907 2389 950 2411 ne
972 2380 1131 2422 caperent
1151 2377 1234 2411 nihil
1255 2377 1303 2410 eis
1317 2377 1422 2421 magis
1444 2388 1545 2422 quam

110 2421 210 2456 nimia
242 2424 379 2458 obstitit
410 2424 568 2457 aviditas.
625 2425 654 2458 si
687 2424 770 2457 enim
801 2423 935 2457 lentiori
965 2421 1167 2468 pedetentim
1200 2422 1369 2466 progressi
1404 2421 1544 2465 remigio

111 2468 248 2509 cymbas
270 2469 428 2509 hostiles,
450 2469 570 2514 quibus
592 2468 730 2503 fluvium
762 2469 894 2514 oblique
918 2468 1128 2507 secantibus,
1150 2467 1275 2513 quippe
1297 2477 1372 2500 cum
1395 2478 1461 2500 non
1483 2466 1546 2500 ad-

111 2521 244 2546 versum
265 2519 359 2548 recta
386 2514 482 2548 littus
512 2514 574 2548 sed
604 2514 695 2548 aliud
727 2514 831 2547 multo
860 2513 1018 2547 remotius
1040 2515 1213 2556 peterent,
1227 2521 1230 2525 ’
1243 2513 1362 2557 longus
1385 2516 1461 2545 erat
1482 2521 1544 2555 per

112 2565 239 2591 amnem
261 2570 378 2592 cursus
399 2559 620 2599 emefiendus,
646 2559 741 2593 evehi
765 2570 788 2592 a
809 2558 906 2602 ripa,
934 2558 1021 2591 unde
1043 2557 1229 2599 solverant,
1251 2558 1351 2602 paulo
1371 2556 1475 2590 latius
1496 2555 1546 2589 si-

113 2599 260 2644 vissent,
291 2603 585 2648 deprehendissent
606 2605 720 2649 utique
743 2604 817 2638 illas
838 2604 871 2637 in
894 2604 1022 2645 medio,
1052 2606 1088 2636 et
1109 2613 1172 2636 nec
1186 2602 1402 2647 opinantibus
1424 2610 1546 2644 super—

114 2647 306 2690 venientes,
327 2650 422 2693 quasi
443 2650 571 2684 retibus
592 2650 739 2694 undique
769 2649 1019 2682 inevitabilibus
1052 2648 1248 2689 conclusas,
1280 2658 1352 2680 cum
1376 2645 1445 2678 suis
1468 2645 1545 2678 nni-

112 2699 229 2724 versas
249 2694 443 2727 vectoribus
463 2694 499 2728 in
520 2706 613 2729 suam
635 2699 838 2739 potestatem
859 2694 1081 2736 redigissent,
1102 2692 1167 2726 nisi
1189 2692 1218 2726 si
1240 2703 1337 2737 quae,
1360 2690 1443 2723 nihil
1465 2700 1545 2743 pro—

113 2734 226 2770 futuro
246 2736 332 2782 ipsis
353 2738 501 2784 effugio,
521 2740 556 2774 in
577 2739 673 2774 littus
692 2739 857 2785 impactae
877 2738 1018 2773 ulterius
1050 2741 1205 2772 vectores
1225 2748 1304 2772 suos
1332 2735 1368 2770 in
1389 2734 1544 2770 hostilem
