1858 3126
323 177 420 225 642
737 175 972 219 GEORGII
1005 175 1352 221 PACHYMERIS

326 291 380 341 ὥς
407 288 552 332 αὐτίκα
578 284 816 344 ἔφεξὸμενος
843 291 926 331 τῶν
958 289 1072 332 ἰδίων
1081 321 1093 341 ,
1127 287 1178 343 ἤν
1206 305 1249 343 γε
1277 290 1343 331 καὶ
1365 288 1540 340 ἐπιεικῶς
1565 287 1763 347 ὁρμήσειε.

277 371 308 404 Ι)
331 360 381 403 τὰ
404 359 448 401 δὲ
463 356 568 399 κατὰ
597 354 711 398 δύσιν
735 358 799 399 καὶ
829 357 919 399 λίαν
951 354 1191 413 ἐπολυώρει,
1235 357 1465 407 ἐξανασπᾶν
1489 358 1690 415 ἐφιέμενος
1707 359 1765 404 ,τό

328 426 412 471 οἷον
445 425 568 469 κακὸν
593 422 811 480 ἓγκόλπιον.
879 423 1009 482 ταύτῃ
1034 442 1096 467 τοι
1119 426 1184 467 καὶ
1203 424 1353 479 Ἀτμὰν
1379 426 1442 468 ἐπὶ
1469 431 1652 469 πλεῖστον
1676 434 1766 476 ταῖς

327 496 480 539 ἐλπίσιν
509 491 863 547 ἀπαιωρούμενος,
900 493 1015 535 οὐδέν
1043 489 1093 547 ἦν
1115 497 1196 536 τῶν
1215 495 1305 550 περὶ
1333 492 1507 537 Νίκαιάν
1523 511 1566 537 τε
1588 495 1654 536 καὶ
1673 493 1767 538 Πό-

326 569 403 608 θια
423 563 488 605 καὶ
508 558 641 603 πάντα
663 561 778 616 μέχρι
800 562 865 604 καὶ
884 559 1101 614 θαλάσσης
1114 594 1126 614 ,
1162 559 1263 616 ἅπερ
1284 561 1330 603 οὗ
1354 563 1555 616 κατέσχεν.
1776 581 1798 614 5

189 642 214 675 Ρ
236 642 303 677 448
462 631 541 676 35.
615 629 666 671 Οἱ
689 630 733 671 δὲ
753 634 825 685 τῆς
843 630 1054 684 ἐκκλησίας
1073 628 1356 685 πρωτεύοντες,
1377 633 1442 673 καὶ
1462 629 1517 679 ὥς
1537 629 1616 685 ἤδη
1634 630 1769 686 προεί,

325 716 452 755 πομεν
463 731 477 751 ,
513 694 769 753 ὑφορώμενοι
781 731 794 751 ,
828 698 866 740 οἳ
889 698 932 739 δὲ
952 698 993 740 ἐν
1011 697 1143 740 οὐδενὶ
1162 695 1428 754 λογιζόμενοι,
1462 699 1529 741 καὶ
1559 699 1598 741 οἱ
1614 699 1771 754 ἔχοντες

328 766 559 820 οἶκονομίας
587 762 741 816 ταύτας
776 763 1117 822 ἀποστερούμενοι
1148 768 1214 807 καὶ
1249 766 1385 809 αὐτῶν
1415 766 1612 823 ὄφφικίων
1641 766 1768 825 (ὅταν

325 834 405 893 γάρ
425 851 485 883 τις
508 835 548 875 ἓν
577 832 710 875 οὐδενὶ
741 835 966 890 λογίζηται,
1001 832 1075 876 κᾶν
1103 833 1292 890 ὂφφίκιον
1321 834 1415 892 ἔχῃ,
1449 836 1504 884 εἷς
1523 834 1639 878 οὐδὲν
1657 835 1769 894 αὐτῷ

323 899 597 961 χρησιμεύει),
635 899 739 943 ἀλλὰ
759 903 826 945 καὶ
843 906 924 944 τῶν
943 900 1156 956 προσόδων
1178 900 1538 958 ἀποστερούμενοι,
1575 905 1640 946 καὶ
1668 903 1769 946 ὀνει-
1781 917 1824 952 10

325 969 522 1025 διζόμενοι
553 967 762 1023 ἀμέλειαν,
812 972 877 1012 καὶ
908 970 1011 1012 καθ’
1048 969 1192 1026 ἑορτὰς
1229 970 1332 1024 μεθ’
1377 970 1546 1023 ἱματίων
1584 971 1770 1014 ἀπαντᾶν

327 1033 695 1095 προσταττόμενοι,
741 1038 964 1092 ἐπιμέλειαν
993 1039 1037 1080 δὲ
1057 1041 1158 1092 ζωῆς
1187 1038 1298 1094 παρὰ
1315 1043 1387 1080 τοῦ
1406 1037 1769 1094 πατριαρχεύοντος

277 1112 307 1148 Β
331 1108 425 1151 οὐδὲ
467 1105 559 1148 κατ’
598 1104 697 1160 ὄναρ
736 1105 891 1160 ἔχοντες
905 1139 917 1158 ,
970 1105 1077 1149 οὕτω
1117 1108 1217 1161 γοῦν
1254 1103 1476 1160 πάσχοντες
1515 1110 1574 1166 τῷ
1613 1110 1775 1160 βασιλεῖ

325 1174 643 1230 προσανέφερον,
678 1176 744 1215 καὶ
763 1177 920 1227 μᾶλλον
942 1175 1031 1227 περὶ
1050 1178 1124 1228 τῆς
1140 1172 1343 1230 προσόδου
1363 1174 1510 1217 αὐτῶν.
1581 1173 1604 1217 ὅ
1628 1176 1672 1217 δὲ
1688 1180 1769 1229 βα·

325 1242 458 1292 σιλεὺς
474 1240 559 1285 οἷον
582 1242 852 1298 ἔπικαμφθείς
865 1274 877 1293 ,
913 1245 979 1283 καὶ
1002 1240 1254 1297 πατριάρχην
1283 1239 1678 1296 μετακαλεσάμενος,
1715 1244 1769 1292 εἰς
1782 1255 1824 1289 15

327 1309 462 1365 κοινὴν
481 1314 601 1352 τοῦτο
625 1307 767 1362 σκέψιν
799 1309 990 1364 θέμενος,
1028 1308 1224 1353 ἐσκόπουν
1244 1313 1332 1365 περὶ
1358 1308 1520 1353 τούτου.
1588 1308 1610 1352 ὁ
1626 1310 1671 1352 δέ
1688 1328 1770 1353 πα-

328 1377 521 1434 τριάρχης
541 1377 614 1431 τὴν
646 1381 720 1420 τοῦ
747 1382 890 1434 καιροῦ
921 1379 1137 1421 δυσκολίαν
1166 1376 1451 1434 προεβάλλετο.
1520 1377 1635 1428 τέλος
1652 1395 1770 1420 συνε-

330 1446 481 1495 τάξατο
509 1447 651 1487 δοῦναι
679 1443 834 1504 ἑκάστῳ
869 1445 947 1488 ἀνὰ
976 1444 1021 1496 (ἐξ
1051 1450 1132 1488 τῶν
1163 1443 1443 1500 νομισμάτων,
1490 1444 1602 1504 ἄλλῳ
1630 1447 1675 1488 δὲ
1691 1444 1770 1488 ἀνὰ

279 1525 310 1559 C
333 1511 450 1557 ὀκτώ.
522 1511 543 1555 ὃ
563 1513 606 1554 δὲ
624 1512 813 1565 βασιλεὺς
833 1513 949 1556 οὐδὲν
979 1513 1106 1570 ἔλεγεν
1134 1512 1254 1557 εἶναι·
1289 1514 1423 1570 ὀλίγον
1447 1512 1525 1570 γὰρ
1552 1514 1619 1556 καὶ
1638 1517 1769 1556 ταῦτα

417 1619 454 1654 9.
475 1618 553 1662 τις]
579 1630 615 1652 τι
638 1615 677 1651 P.
815 1618 870 1654 19.
898 1615 1014 1664 ὀλίγοι
1035 1618 1076 1653 P.

328 1708 416 1743 bello
440 1707 496 1741 vel
517 1706 654 1740 modicis
676 1705 755 1739 illuc
778 1706 1020 1753 expeditionem
1042 1707 1228 1752 susciperet
1250 1708 1368 1752 copiis.
1415 1719 1517 1743 curae
1532 1711 1643 1744 autem
1666 1709 1771 1754 ipsius

327 1753 605 1799 impendebantur
628 1761 740 1785 omnes
763 1752 796 1786 in
820 1753 1145 1794 comminiscendum,
1179 1753 1207 1786 si
1232 1756 1366 1798 posset,
1388 1754 1551 1789 rationem
1573 1755 1770 1788 tumultuum

329 1804 461 1833 tractus
483 1797 624 1832 occidui
658 1798 967 1842 componendorum.
1013 1798 1095 1832 miro
1129 1798 1214 1832 enim
1242 1800 1384 1833 ardebat
1414 1800 1579 1834 desiderio
1609 1798 1772 1834 eximendi

329 1845 393 1879 sibi
414 1847 504 1878 velut
528 1856 547 1877 e
571 1843 643 1878 sinu
667 1844 887 1888 propinquum
906 1849 941 1877 et
951 1843 1068 1877 intime
1085 1843 1250 1878 admotum
1263 1845 1395 1879 malum.
1441 1856 1508 1890 quo
1522 1847 1641 1880 Atman
1655 1845 1774 1880 obser-

330 1894 407 1923 vato
432 1891 555 1935 spebus
571 1888 679 1922 elatus
702 1889 881 1923 maioribus
901 1894 1038 1922 cunctas
1060 1889 1124 1922 ism
1140 1890 1245 1923 libere
1267 1890 1299 1923 in
1322 1895 1439 1932 partes
1456 1890 1697 1935 grassationem
1712 1901 1773 1924 ex-

330 1935 440 1969 tendit
457 1946 562 1975 suam,
587 1945 625 1967 eo
638 1945 793 1969 successu
808 1940 846 1969 ut
865 1934 942 1968 nihil
958 1934 1049 1968 circa
1071 1934 1234 1969 Nicaeam
1251 1941 1285 1968 et
1303 1935 1438 1979 Pythia,
1461 1934 1542 1970 nihil
1557 1936 1591 1969 in
1607 1935 1773 1970 universis

329 1981 406 2015 inde
427 1981 470 2013 ad
489 1991 579 2014 mare
591 1991 695 2023 usque
711 1981 902 2025 patentibus
918 1980 1081 2013 tractibus
1098 1992 1235 2024 prorsus
1245 1986 1334 2014 esset
1343 1993 1407 2015 non
1419 1982 1462 2015 ab
1479 1982 1550 2025 ipso
1566 1985 1773 2026 occupatum.

421 2026 477 2060 35.
522 2025 690 2059 Primores
711 2031 822 2060 autem
843 2026 1026 2067 ecclesiae,
1057 2025 1131 2067 alii,
1163 2026 1210 2060 uti
1241 2026 1393 2070 superius
1424 2026 1584 2067 diximus,
1613 2025 1772 2072 suspecti,

330 2071 390 2105 alii
412 2071 501 2104 nullo
524 2082 660 2105 numero
684 2071 813 2113 habiti,
845 2072 903 2106 alii
936 2070 1163 2106 curationibus
1193 2071 1314 2116 privati
1344 2083 1428 2117 quas
1459 2071 1552 2117 prius
1573 2071 1771 2111 habuerant,

331 2128 373 2150 ex
399 2128 464 2161 quo
488 2116 656 2160 ipsorum,
678 2128 818 2161 quorum
840 2113 957 2151 titulos
981 2117 1179 2160 gestabant,
1211 2116 1395 2151 officiorum
1417 2117 1548 2151 iactura
1569 2116 1773 2161 sequebatur

332 2162 407 2205 (nbi
431 2161 516 2194 enim
540 2162 614 2206 quis
650 2162 738 2197 nullo
762 2174 899 2197 numero
922 2163 1087 2203 habetur,
1119 2167 1156 2196 et
1188 2162 1215 2196 si
1249 2162 1400 2196 obtineat
1428 2162 1594 2204 officium,
1625 2160 1662 2194 id
1691 2158 1772 2194 nibil

330 2208 378 2240 illi
404 2206 582 2250 prodest),
614 2208 673 2241 sed
700 2212 736 2241 et
756 2208 921 2243 reditibus
945 2207 1086 2253 privati,
1118 2212 1361 2252 praetereaque
1383 2207 1550 2251 obiurgati.
1569 2217 1611 2240 ac
1632 2205 1772 2239 lacerati

332 2252 467 2296 probris
490 2252 584 2296 quasi
607 2252 816 2297 negligerent
848 2265 935 2298 qnae
965 2263 1067 2298 agere
1102 2252 1307 2294 debuerant,
1338 2252 1482 2297 indeque
1503 2249 1632 2285 severis
1654 2249 1772 2284 edictis

333 2308 528 2340 comparere
550 2309 623 2331 cum
646 2300 796 2333 vestibus
819 2299 861 2332 ad
887 2299 1129 2333 celebrationes
1151 2299 1309 2331 festorum
1331 2298 1424 2339 iussi,
1446 2297 1556 2330 victus
1577 2299 1690 2329 autem
1713 2306 1773 2329 ne-

331 2342 470 2375 cessarii
497 2343 829 2378 subministrationem
853 2356 873 2378 a
896 2344 1087 2389 patriarcba
1108 2343 1207 2376 ullam
1230 2354 1271 2376 ne
1294 2353 1356 2388 per
1377 2341 1534 2376 somnium
1557 2340 1688 2385 quidem
1710 2340 1772 2374 ha-

330 2388 470 2421 bentes.
494 2388 597 2429 baec,
620 2388 766 2433 inquam,
790 2390 957 2433 patientes
980 2390 1135 2433 querelas
1157 2388 1199 2420 de
1221 2387 1273 2420 bis
1297 2397 1374 2421 suas
1396 2387 1439 2420 ad
1455 2387 1688 2431 imperatorem
1711 2385 1774 2419 de·-

331 2432 501 2474 tulerunt‚
525 2431 559 2463 in
585 2443 624 2465 eo
647 2434 790 2468 maxime
813 2435 1025 2475 insistentes,
1057 2439 1094 2467 ut
1127 2433 1179 2466 sui
1210 2432 1259 2466 eis
1288 2437 1486 2476 proventus,
1518 2431 1606 2464 unde
1634 2434 1774 2476 possent

332 2477 469 2519 vivere,
495 2477 722 2512 redderentur.
767 2479 849 2512 talia
867 2479 1048 2523 imperator
1079 2477 1238 2518 audiens,
1270 2477 1362 2510 velut
1392 2476 1604 2510 miseratione
1629 2476 1774 2510 inflexus

334 2521 495 2568 quadam,
518 2522 680 2556 advocato
704 2523 895 2567 patriarcba
919 2534 1121 2556 communem
1143 2533 1243 2566 super
1262 2521 1315 2554 his
1338 2533 1412 2555 cum
1436 2533 1475 2555 eo
1498 2521 1773 2556 deliberationem

334 2567 490 2602 instituit.
536 2567 704 2610 allegabat
725 2567 936 2612 patriarcba,
969 2579 1011 2601 ne
1043 2568 1173 2601 ablatos
1207 2563 1402 2601 restitueret
1426 2566 1661 2601 ecclesiasticis
1683 2565 1775 2600 redi·-

333 2618 407 2653 tus,
439 2612 656 2649 difficultates
685 2613 901 2647 communium
934 2618 1129 2657 temporum.
1177 2611 1305 2645 demum
1327 2624 1367 2646 eo
1390 2612 1618 2646 descendebat
1639 2616 1678 2646 ut
1697 2610 1772 2647 dari

334 2657 511 2702 unicuique
532 2658 678 2702 ipsorum
701 2663 836 2692 curaret
857 2658 915 2691 alii
938 2669 1017 2698 sex,
1048 2657 1104 2691 alii
1127 2661 1203 2690 octo
1226 2667 1391 2699 nummos,
1421 2657 1636 2703 proportione
1656 2655 1773 2693 habits

333 2700 555 2740 differentium
578 2703 668 2737 inter
689 2714 747 2737 eos
769 2703 931 2748 graduum
956 2702 1139 2746 dignitatis.
1185 2702 1225 2736 ad
1250 2703 1337 2747 quod
1361 2708 1479 2737 contra
1500 2701 1690 2748 excipiebat
1710 2701 1772 2735 imr-

331 2753 471 2793 perator
494 2748 572 2783 nibil
595 2749 657 2782 boc
679 2758 775 2782 esse:
806 2758 881 2783 nam
903 2760 946 2782 ne
968 2748 1101 2791 dignam
1134 2748 1265 2792 quidem
1287 2748 1393 2782 videri
1414 2752 1482 2782 tam
1505 2748 1659 2793 exiguam
1680 2757 1772 2781 sum-

331 2805 418 2828 mam
439 2805 528 2839 quae
550 2795 604 2828 vel
625 2794 849 2830 saecularibus
879 2794 1080 2828 offerretur:
1111 2797 1236 2839 quanto
1260 2793 1368 2830 minus
1390 2793 1538 2829 sufficiat
1566 2789 1771 2828 eeclesiasti-
