1820 3112
190 165 256 211 62
606 159 842 206 GEORGII
885 156 1240 202 PACHYMERIS

188 280 278 335 περὶ
303 281 385 321 τῶν
406 274 677 332 προκειμένων
696 270 1025 325 λιτανεύσαντες,
1063 270 1143 315 ὖπό
1166 277 1252 321 τοῒς
1273 266 1468 315 ἁπάντων
1487 269 1659 328 ὀφθαλ-

188 354 305 403 μοῖς,
342 343 543 399 παρόντος
562 344 642 387 {net
658 345 724 386 καὶ
741 347 814 386 τοῦ
833 341 1056 396 βασιλέως,
1092 340 1278 393 εὐλαβῶν
1302 341 1441 396 χερσὶν
1469 339 1566 390 τούς
1585 337 1658 383 τό·-

139 428 172 463 D
194 433 297 471 μους
316 415 550 465 ἐπίστευον,
589 413 634 456 οἳ
663 413 714 467 δὴ
745 413 810 454 καὶ
842 415 979 453 πᾶσαν
999 408 1193 458 ὖπονοίας
1210 410 1344 452 αἰτίαν
1363 406 1658 462 ὑποτεμόμενοι

189 481 439 539 ἐμβάλλουσι
469 486 526 540 τῷ
554 483 651 537 πυρὶ
680 481 776 530 τοὺς
804 478 988 534 χάρτας,
1033 477 1370 521 θεοκλυτούντων
1401 477 1559 520 ἐκείνων
1589 478 1658 519 καὶ

189 553 242 595 τὰ
262 555 438 607 θεοφιλῆ
465 550 750 604 ποτνιωμένων
778 548 849 605 ἐφ’
871 543 903 607 ᾧ
924 554 1113 602 προσχεῖν
1138 547 1209 590 τὸν
1227 547 1328 590 θεὸν
1347 548 1414 589 καὶ
1435 546 1691 603 ἓμφανίσαιό

190 621 264 676 τὴν
291 621 441 663 οἰκείαν
469 616 693 674 βούλησιν,
737 617 811 672 τὴν
836 617 999 673 μακρὰν
1029 621 1145 673 σφῶν
1162 616 1443 671 ταλαιπωρίαν
1461 616 1660 670 δυσωπη-

191 689 335 735 θέντα.
408 686 462 738 ὥς
478 692 575 744 γοῦν
606 685 890 741 ἐνεβλήθησαν
904 718 917 737 ,
955 683 1118 739 καλάμη
1150 680 1257 740 ἦσαν
1282 684 1385 741 πρὸς
1403 682 1570 738 κάμινον
1591 684 1661 726 καὶ

191 755 440 814 ἀμφότεροι,
491 758 558 798 καὶ
591 755 638 798 τὸ
665 760 747 811 πῦρ
778 754 852 797 οὐκ
886 752 1018 810 ἠγνόει
1058 754 1133 808 τὴν
1164 752 1315 796 ἑαυτοῦ
1346 751 1544 807 δύναμιν,
1591 753 1661 794 καὶ

193 824 524 881 συνεπτυγμένων
553 822 768 880 ἀραρότως
797 820 1126 877 ἐπελαμβάνετο,
1176 821 1280 865 ὥστε
1312 823 1378 865 καὶ
1405 826 1503 877 μιᾶς
1537 819 1563 877 ἢ
1592 821 1661 864 καὶ

141 906 175 941 Ε
199 893 390 950 δευτέρας
428 891 538 949 ὥρας
581 893 734 935 σποδὸν
775 895 966 947 γενέσθαι
1003 893 1069 933 καὶ
1099 890 1373 947 ἀμφοτέρους.
1442 887 1536 933 τότε
1562 893 1718 945 γοῢν10

192 963 337 1012 τελέως
364 960 824 1016 ἀποκαραδοκήσαντες,
862 958 1015 1014 τρόπον
1046 964 1129 1002 τῶν
1157 958 1316 1013 τόμων,
1365 958 1499 1015 ὥσπερ
1519 959 1661 1001 ἐκεῖνοι

192 1033 311 1087 πυρί,
342 1029 471 1079 οὕτως
491 1024 603 1073 οὗτοι
623 1034 789 1084 βασιλεῖ
803 1031 1006 1071 ἐνεδίδουν
1027 1030 1093 1070 καὶ
1119 1031 1235 1083 δῆλοι
1256 1024 1362 1083 ἦσαν
1389 1026 1661 1071 ὖποκλινοῦν-

193 1117 258 1149 τες
279 1104 337 1158 τῷ
358 1097 603 1156 πατριάρχῃ.
675 1097 696 1141 ὁ
717 1098 855 1152 μέντοι
881 1115 921 1153 γε
947 1097 1139 1150 βασιλεὺς
1165 1099 1375 1151 διαχυθεὶς
1398 1094 1485 1139 οἷον
1506 1097 1661 1138 ἐκεῖθεν

194 1167 250 1218 ὥς
282 1186 322 1211 τι
353 1166 511 1223 δράσας
536 1172 618 1210 τῶν
647 1171 905 1221 θαυμαστῶν
931 1165 1207 1224 (θαυμαστὸν
1240 1165 1320 1221 γὰρ
1344 1162 1471 1208 ἐδόκει
1496 1162 1661 1220 γνώμας

194 1236 364 1292 ἲσχυράς
390 1237 430 1278 ἐν
461 1235 610 1291 ἀκαρεῖ
633 1235 947 1291 μαλαχθῆναι),
984 1232 1039 1284 ὥς
1068 1233 1147 1289 ἤδη
1179 1233 1224 1277 τὸ
1255 1233 1350 1277 ὅλον
1371 1231 1717 1289 κατωρθωκώςΙὸ

194 1306 236 1356 ἐξ
255 1306 383 1360 αὐτῆς
411 1304 843 1361 λαφυραγωγηθέντας
874 1301 1090 1360 προσάγειν
1121 1307 1179 1361 τῷ
1212 1300 1445 1360 πατριάρχῃ
1477 1300 1533 1352 ὥς
1559 1299 1662 1356 εἶχεν

77 1387 105 1421 P
127 1388 172 1423 38
197 1373 316 1430 ὥρμα
330 1406 341 1424 ,
378 1375 444 1415 καὶ
463 1371 658 1428 κρυμώδη
682 1374 977 1428 κατανίφοντος
995 1371 1276 1428 ἠφροντίστει,
1313 1373 1379 1414 καὶ
1398 1370 1539 1425 λαβὼν
1561 1370 1663 1413 ἐκεί-

193 1460 288 1493 νους
309 1441 396 1495 ἅμα
419 1443 515 1498 πεζῇ
532 1443 711 1496 βαδίζων
733 1441 812 1496 ὀψὲ
831 1439 1047 1495 σαββάτου
1067 1444 1125 1500 τῷ
1145 1437 1378 1498 πατριάρχῃ
1399 1440 1660 1498 παρίστησιν.

285 1564 340 1598 11.
363 1560 505 1607 τρόπου
528 1562 568 1598 Ρ.
710 1562 764 1597 14.
789 1560 922 1607 δράσαι
946 1562 985 1597 Ρ.

190 1665 298 1710 longis
322 1665 538 1700 communiter
560 1665 771 1699 orationibus
794 1665 871 1708 deo,
894 1668 934 1699 ut
957 1668 1077 1710 coepta
1098 1666 1275 1700 fortunare
1293 1664 1506 1710 dignaretur,
1525 1662 1663 1698 tandem

190 1712 359 1746 universis
380 1711 662 1757 inspectantibus,
687 1712 761 1757 ipso
783 1717 963 1756 praesente
988 1715 1154 1756 Augusto,
1179 1713 1307 1758 piorum
1330 1711 1496 1746 hominum
1520 1715 1557 1745 et
1578 1720 1665 1744 neu-

190 1759 238 1792 tri
262 1758 353 1803 parti
376 1763 608 1802 suspectorum
646 1759 797 1791 manibus
826 1758 997 1791 volumina
1029 1759 1198 1803 utrimque
1233 1759 1485 1803 consignantur.
1531 1768 1575 1792 ea
1602 1755 1663 1797 ini,

192 1805 282 1849 quod
306 1805 393 1837 bene
417 1807 587 1844 verteret,
622 1803 655 1837 in
677 1804 787 1848 ignem
811 1803 959 1846 iaciunt,
991 1804 1245 1838 intendentibus
1268 1814 1388 1850 preces
1421 1814 1496 1838 cum
1519 1801 1664 1838 maxime

191 1860 254 1895 per
284 1861 444 1883 summam
477 1850 633 1884 fiduciam
670 1849 888 1892 Arsenianis‚
929 1856 966 1884 et
998 1850 1095 1895 quasi
1128 1850 1225 1884 deum
1259 1848 1512 1884 admonentibus
1542 1849 1665 1884 adesse

191 1902 325 1940 tempus
355 1895 551 1929 declarandi
581 1894 635 1930 sui
665 1896 809 1930 numinis
841 1896 874 1929 in
907 1896 1053 1939 gratiam
1087 1896 1235 1941 ipsorum
1269 1897 1334 1930 zeli
1357 1907 1421 1941 pro
1444 1895 1519 1930 eius
1554 1893 1666 1940 gloria

191 1942 320 1975 tamdiu
346 1942 474 1975 frustra
496 1942 716 1984 tabescentis,
741 1954 782 1975 ac
804 1941 1014 1986 longissimas
1037 1942 1189 1976 miserias
1213 1942 1458 1987 patientissime
1486 1952 1550 1987 pro
1572 1939 1666 1974 veri-
1718 1956 1720 1958 ·

192 1992 266 2021 tate
289 1987 452 2022 toleratas
476 1987 663 2021 clarissima
693 1987 746 2022 sui
776 1987 928 2031 favoris,
961 1989 1019 2033 qui
1053 1989 1233 2022 calumnias
1267 1989 1483 2023 humanorum
1511 1996 1665 2021 errorum

194 2036 333 2066 cunctas
359 2033 523 2076 dilueret,
555 2033 802 2078 significatione
835 2034 1040 2068 consolandi.
1087 2035 1172 2068 haec
1196 2034 1262 2068 illis
1285 2034 1459 2069 orantibus
1481 2032 1607 2079 stipula
1629 2031 1666 2065 in

193 2080 333 2112 fornace
357 2081 453 2112 ambo
476 2079 606 2124 pariter
627 2080 703 2113 libri
725 2081 833 2114 fuere.
879 2080 961 2114 nihil
992 2080 1155 2114 utriusvis
1186 2086 1345 2125 respectu
1377 2081 1466 2115 aeris
1488 2090 1573 2114 suse
1594 2077 1668 2112 vir-

194 2125 279 2158 tutis
303 2124 433 2158 remisit
455 2125 600 2159 flamma.
648 2130 684 2159 et
707 2137 907 2171 quamquam
929 2138 992 2171 pro
1016 2126 1148 2160 modulo
1171 2126 1292 2161 lebetis
1314 2126 1404 2161 baud
1419 2125 1559 2161 multum
1581 2135 1668 2170 pru-

197 2181 316 2204 narum
339 2174 424 2211 erat,
449 2177 552 2216 atque
575 2175 754 2216 utrumque
778 2171 928 2206 codicem
951 2184 1013 2217 pro
1038 2183 1100 2206 suo
1128 2183 1285 2218 quaeque
1306 2184 1388 2219 pars
1411 2172 1524 2207 studio
1547 2168 1666 2205 sedulo

197 2215 429 2260 complicatum
454 2223 489 2250 et
511 2223 718 2262 compactum
751 2218 870 2252 validis
900 2218 1040 2263 insuper
1072 2218 1258 2252 involucris
1278 2223 1436 2264 sepserat
1455 2218 1668 2263 protexerat,

197 2265 308 2295 tamen
335 2273 402 2295 una
425 2262 575 2296 alterave
607 2263 690 2297 hora
715 2263 795 2297 nihil
819 2275 861 2297 ex
896 2270 1043 2310 utroque
1073 2264 1141 2299 nisi
1172 2264 1256 2299 cinis
1284 2263 1464 2309 superfuit.
1511 2261 1568 2296 hic
1598 2260 1667 2295 iam

197 2306 329 2342 confusi
351 2308 516 2342 frustrata
539 2309 788 2352 expectatione,
811 2310 988 2344 Arseniani
1012 2310 1234 2355 praesertim,
1266 2309 1390 2344 imitati
1412 2319 1493 2343 suas
1515 2308 1667 2349 chartas,

196 2357 237 2387 ut
260 2352 339 2386 illae
359 2352 450 2397 igni,
483 2353 534 2387 sic
567 2354 631 2399 ipsi
660 2355 812 2398 Augusto
845 2363 1037 2399 cesserunt,
1072 2360 1107 2390 et
1138 2356 1240 2390 fidem
1267 2359 1443 2401 pactorum
1473 2351 1667 2399 reposcenti

198 2398 417 2434 ostenderunt
449 2399 538 2434 haud
570 2411 609 2434 se
641 2406 857 2435 recusaturos
889 2402 1007 2436 subiici
1037 2402 1197 2447 deinceps
1218 2404 1322 2446 atque
1345 2401 1584 2445 obtemperare
1601 2409 1667 2444 pa-

196 2444 378 2479 triarchae.
434 2457 501 2490 quo
534 2456 693 2480 successu
733 2447 974 2482 incredibiliter
1011 2448 1166 2482 exultans
1205 2446 1449 2492 gratulansque
1478 2445 1667 2500 imperator

197 2490 333 2535 (miram
356 2490 483 2536 quippe
515 2503 586 2526 rem
618 2492 782 2527 divinitus
813 2493 1100 2538 interpretabatur
1131 2494 1277 2534 factam,
1310 2492 1401 2537 quod
1432 2494 1502 2526 tam
1523 2490 1667 2534 lavim,

196 2542 269 2571 tam
293 2547 418 2571 annoso
442 2537 536 2571 velut
557 2537 643 2571 callo
666 2538 825 2572 indurata
856 2539 1046 2583 pertinacia
1071 2542 1237 2572 momento
1269 2538 1417 2572 emollita
1447 2537 1667 2590 resolutaque

197 2583 437 2627 cerneretur),
459 2583 565 2617 veluti
587 2584 653 2618 iam
676 2585 747 2618 voti
770 2583 826 2618 vix
850 2584 980 2629 sperati
1003 2585 1102 2630 plene
1125 2594 1281 2629 compos,
1305 2583 1482 2618 festinavit
1502 2583 1667 2618 victumae

196 2639 278 2663 suae
300 2628 398 2674 quasi
422 2629 597 2664 manubias
629 2641 670 2663 ac
692 2630 800 2675 spolia
833 2630 1049 2675 patriarchae
1071 2629 1205 2664 sistere.
1253 2630 1438 2684 eademque
1460 2630 1568 2674 hora,
1599 2628 1667 2663 etsi

194 2679 265 2708 tum
289 2676 379 2708 forte
402 2675 547 2720 contigit
568 2687 723 2721 asperam
747 2675 923 2710 desaevire
947 2679 1207 2722 tempestatem,
1241 2675 1408 2720 ninguidis
1429 2675 1549 2710 floccis
1571 2675 1666 2709 coelo

194 2720 319 2765 passim
351 2720 521 2756 hiemante
559 2721 818 2766 depluentibus,
859 2733 921 2766 per
954 2722 1053 2756 nives
1087 2726 1124 2756 et
1156 2721 1235 2765 gelu
1266 2721 1373 2766 pedes
1400 2721 1488 2756 viam
1522 2720 1667 2756 mediam

194 2777 361 2809 emensus,
383 2768 502 2802 eadem
525 2767 660 2802 sabbati
683 2768 791 2802 sancti
814 2779 972 2813 vespera,
997 2768 1224 2814 patriarcham
1246 2766 1319 2802 adit
1341 2767 1442 2813 eique
1464 2767 1668 2802 Arsenianos

195 2811 319 2856 offert3
342 2812 402 2859 qui
423 2813 597 2860 supplices
619 2813 747 2849 admoti
768 2813 920 2860 eulogias
942 2815 987 2850 ab
1010 2826 1051 2849 eo
1074 2816 1111 2849 et
1130 2813 1222 2849 sacri
1243 2813 1341 2860 panis
1358 2814 1585 2860 fragmentum
1606 2823 1668 2849 ao-
