1858 3126
368 167 443 210 DE
467 166 792 210 ANDRONICO
823 166 1189 212 PALAEOLOGO
1222 169 1268 213 L.
1287 167 1381 214 VII.
1502 169 1597 215 563

167 278 547 334 μεταχειρίσασθαι,
583 279 649 321 καὶ
677 276 854 332 μάλισθ’
887 277 948 322 ὅτι
976 277 1161 334 ἦγὲλλετό
1181 281 1221 323 οἱ
1241 279 1407 336 Πέρσας
1432 282 1506 334 μέν
1528 284 1595 324 καὶ

169 341 317 398 αὖθις,
352 345 403 400 ἢν
431 351 538 399 νηῶν
563 343 739 399 τύχοιεν,
777 345 988 400 ἀντιπερᾶν
1015 345 1234 401 ὡρμῆσθαι
1242 380 1256 400 ,
1294 347 1393 391 εἶναι
1417 350 1462 392 δὲ
1491 347 1594 392 ταῦ-

167 429 267 464 τας,
311 411 362 467 ἢν
391 413 581 466 βασιλεῦς
604 414 742 465 θέλοι,
789 413 862 462 τὰς
882 414 1080 466 βασιλέως
1109 416 1238 472 ἐκείνῃ
1262 433 1318 472 πῃ
1347 414 1592 467 σαλευούσας

167 480 272 522 καθ’
299 479 344 522 ὃν
373 483 438 521 καὶ
466 480 640 522 λέλεκται
670 478 842 533 τρόπον,
877 482 1020 523 ἓπείτοι
1037 498 1080 535 γε
1100 484 1165 523 καὶ
1188 482 1247 524 δι’
1271 481 1451 535 ὑποψίας
1466 482 1587 538 Ἀμο-
1608 490 1641 525 Β

133 545 340 602 5γάβαροι
354 546 552 602 γενόμενοι
571 552 642 601 τῆς
656 549 718 589 ἐπὶ
739 547 811 601 τὴν
829 549 1008 590 Καλλίου
1028 549 1102 590 οὖν
1122 549 1259 598 αὐτοῖς
1279 549 1436 593 εἰσόδου
1453 553 1590 595 διεκω-

164 613 323 656 λύοντο.
391 614 540 663 αὖτούς
566 616 610 657 δὲ
641 613 897 664 Κατελάνους
924 621 1276 670 γνωσιμαχοῦντας
1305 620 1360 666 εἰς
1388 618 1461 673 τὴν
1485 619 1587 670 μετὰ

162 685 238 723 τοῦ
252 681 449 734 βασιλέως
467 680 622 736 εἷρήνην
642 683 784 735 ῥέπειν,
803 682 850 736 ἦν
868 699 926 731 τις
945 683 994 724 τὰ
1011 683 1131 725 πιστὰ
1151 685 1264 737 σφίσι
1284 685 1428 739 διδοίη.
1474 685 1587 740 ἔτυχε

163 748 208 790 δὲ
227 750 293 789 καὶ
309 749 565 803 γραμματεὺς
583 754 655 791 τοῦ
673 751 902 803 Καίσαρος,
936 748 1125 802 Ἰάκωβος
1144 751 1322 804 τοῦνομα
1331 783 1345 804 ,
1382 751 1504 802 ἁλοὺς
1523 755 1586 794 ἐπὶ

164 815 337 858 Τενέδου
355 816 514 871 γραφὰς
531 816 641 871 παρὰ
658 816 752 866 τοὺς
771 818 812 858 ἓν
831 819 988 875 Σικελίᾳ
1008 820 1178 870 κομίζων
1186 850 1199 870 ,
1239 818 1284 860 ὃν
1306 819 1584 873 ἔπαναχθέντα

108 882 261 935 1οπρὸς
275 883 443 935 βασιλέα
461 887 623 935 βασιλεῖ’
637 887 901 939 πληροφορεΐν
921 886 1165 938 ξυνέβαινεν,
1200 884 1257 935 ὥς
1285 885 1334 940 ἢν
1361 884 1420 942 μή
1444 904 1486 942 γε
1515 889 1581 930 καὶ
1606 891 1633 926 Ρ
1656 898 1723 934 394

161 948 275 991 ἄλλοι
298 955 555 1004 προστεθεῖεν
577 954 690 1006 σφίσι
707 955 938 1006 Σικελιήθεν
958 952 1221 1006 ἀναχθέντες,
1257 953 1331 1002 τὰς
1353 952 1482 1007 ὁρμὰς
1507 955 1583 996 αὖ·-

159 1018 222 1058 τοὶ
248 1014 520 1070 ὕποκλιόμενοι
543 1018 696 1070 ἕτοιμοί
716 1021 813 1060 εἰσιν
841 1018 1063 1074 εἰρηνεύειν.
1130 1020 1176 1063 τὸ
1196 1025 1292 1075 γοῦν
1314 1022 1463 1064 ἐκεῖθεν
1482 1022 1581 1065 ἰέναι

154 1081 292 1135 τινάς,
326 1083 422 1126 ὅσον
447 1085 493 1128 τὸ
521 1085 598 1140 ἀφ’
627 1084 773 1128 ἑαυτοῦ
802 1087 1084 1142 συνεργοῦντος
1111 1089 1145 1128 εἲ
1174 1088 1375 1142 ἐπισταίη,
1413 1087 1581 1139 ἁλόντος

157 1149 448 1206 ἇνακεκόφθαι.
518 1151 615 1195 εἶναι
647 1153 689 1195 ‹5’
721 1154 903 1196 ἐντεῦθεν
929 1154 1083 1208 εὐχερὲς
1110 1154 1257 1204 αὐτοὺς
1282 1159 1489 1207 μετελθεῖν
1511 1158 1579 1198 καὶ

105 1226 148 1262 15
158 1218 204 1260 τὸ
222 1223 294 1273 τῆς
313 1217 469 1274 εἰρήνης
485 1224 794 1276 προβεβλῆσθαι
812 1226 948 1276 σχῆμα
965 1226 1127 1275 βασιλεῖ
1141 1222 1193 1264 τὰ
1207 1222 1265 1276 μὴ
1280 1220 1438 1277 μάχιμα
1457 1225 1580 1280 ἔπαγ-

245 1347 278 1383 5.
303 1346 485 1394 γινόμενοι
506 1349 546 1386 Ρ.

155 1460 263 1495 crevit
283 1459 444 1496 rationem
465 1472 577 1495 eorum
600 1473 621 1496 a
643 1472 681 1496 se
703 1473 744 1497 ac
766 1461 836 1497 suis
856 1459 1032 1498 violentiae
1051 1460 1263 1500 avertendae.
1300 1467 1337 1498 et
1350 1475 1472 1499 causae
1487 1477 1576 1500 coma

153 1507 285 1541 modum
307 1506 446 1540 aderant
468 1518 528 1541 cur
548 1508 676 1551 sperari
697 1513 811 1553 posset
842 1520 899 1542 eos
922 1521 986 1542 non
1008 1514 1147 1553 gravate
1168 1509 1413 1554 compositionis
1435 1512 1577 1545 mentio-

153 1562 227 1585 nem
257 1551 467 1586 admissuros.
514 1552 650 1596 primum
683 1553 768 1586 enim
791 1553 974 1588 abducendi
996 1555 1039 1588 ab
1061 1554 1102 1588 iis
1125 1555 1302 1588 auxiliares
1325 1554 1446 1589 Persas
1468 1555 1577 1590 facul·

150 1601 208 1630 tas
228 1596 455 1639 offerebatur,
478 1596 642 1642 siquidem
663 1598 723 1631 hos
746 1610 851 1632 novae
873 1600 934 1632 sub
959 1599 1130 1634 Catelanis
1152 1599 1285 1633 militiae
1307 1599 1488 1644 taedebat,
1511 1612 1575 1636 neo

150 1640 369 1675 dubitabatur
390 1642 490 1686 quin,
524 1642 554 1675 si
578 1642 676 1687 copia
695 1643 827 1676 navium
850 1644 892 1677 ad
914 1644 1084 1678 traiectum
1106 1645 1139 1679 in
1161 1644 1271 1678 Asiam
1303 1642 1386 1689 ipsis
1414 1650 1576 1690 suppete-

150 1690 223 1728 ret,
253 1686 392 1720 redituri
419 1687 532 1720 statim
564 1688 606 1721 ad
634 1699 711 1722 suos
745 1689 867 1722 forent.
911 1700 1009 1733 posse
1038 1695 1168 1731 autem,
1201 1689 1230 1723 si
1261 1690 1362 1724 vellet
1381 1690 1574 1734 imperator,

150 1730 348 1765 commodari
369 1731 418 1765 eis
438 1732 480 1765 ad
501 1732 599 1765 istum
621 1744 716 1767 usum
738 1733 968 1777 imperatorias
991 1746 1115 1776 naves,
1147 1735 1180 1768 in
1202 1734 1259 1768 illo
1278 1740 1357 1768 tunc
1379 1734 1483 1776 mari,
1507 1746 1573 1779 quo

149 1775 271 1809 dictum
301 1777 397 1810 modo
431 1782 501 1818 est,
536 1784 711 1811 morantes.
758 1780 841 1812 adeo
863 1783 971 1813 autem
994 1780 1102 1824 palam
1124 1780 1337 1831 graviterque
1359 1790 1380 1812 a
1403 1778 1573 1814 Catelania

149 1820 311 1854 dissidere
342 1821 506 1855 admixtos
538 1822 581 1855 iis
611 1823 732 1856 Persas
762 1825 851 1857 fama
882 1829 974 1865 erat,
1009 1830 1047 1858 nt
1069 1825 1128 1858 hos
1150 1825 1196 1858 illi
1219 1825 1262 1857 ab
1286 1834 1438 1866 mgressu
1460 1835 1571 1858 secum

149 1863 235 1908 ipsis
255 1865 415 1899 hactenus
441 1867 599 1900 communi
623 1867 794 1912 liberoque
818 1870 907 1902 urbis
932 1869 1132 1912 Callipoleos
1154 1867 1330 1902 novissime
1352 1879 1470 1901 arcere
1492 1880 1572 1903 coe-

150 1908 241 1952 pisse
268 1910 351 1942 satis
380 1916 559 1944 constaret.
602 1912 682 1956 quin
706 1917 739 1945 et
762 1913 804 1947 de
828 1913 996 1947 Catelanis
1018 1914 1100 1958 ipsis
1123 1914 1217 1955 sciri,
1248 1923 1396 1956 pugnare
1421 1911 1494 1946 illos
1516 1913 1570 1947 in-

149 1953 255 1986 vicem
276 1955 448 1988 sententiis
469 1955 511 1988 de
534 1967 659 1989 summa
681 1968 788 1990 rerum
810 1969 960 1998 suarum,
991 1970 1053 1992 nec
1075 1970 1198 2002 paucos
1228 1957 1372 2000 ipsorum
1395 1957 1439 1990 ad
1459 1957 1568 1992 eonsi-

148 1997 227 2030 lium
242 1997 399 2032 inclinare
420 1998 582 2033 ineundae
604 2001 696 2044 pacis
726 2013 797 2035 cum
821 2005 989 2045 Augusto,
1021 2003 1048 2036 si
1072 2003 1143 2036 eius
1164 2013 1279 2035 secure
1301 2001 1495 2036 tractandae
1515 2004 1570 2037 fa-

148 2043 255 2076 cultas
277 2042 464 2078 offerretur.
507 2055 608 2088 super
630 2045 712 2078 baec
731 2046 796 2079 isto
818 2047 890 2090 ipso
911 2047 1048 2080 articulo
1071 2058 1179 2080 rerum
1200 2047 1502 2090 peraccommodate
1523 2047 1566 2083 ad

147 2098 226 2132 spes
246 2088 332 2121 tales
353 2087 522 2121 lactandus
543 2089 683 2132 contigit
702 2091 776 2133 capi
799 2091 961 2135 quendam
991 2092 1079 2135 apud
1102 2091 1293 2131 Tenedum,
1323 2091 1477 2127 Iacobum
1504 2104 1568 2126 no-

148 2131 255 2174 mine,
277 2133 335 2177 qui
359 2133 456 2177 paulo
479 2132 571 2177 prius
593 2145 613 2166 a
638 2134 878 2169 commentariis
901 2136 1039 2170 Caesari
1061 2136 1239 2169 Rontzerio
1260 2135 1397 2177 fuisset,
1426 2147 1467 2171 ac
1487 2142 1566 2183 post

146 2177 219 2211 eius
239 2188 352 2210 necem
373 2178 490 2211 missus
513 2189 534 2211 a
556 2178 726 2212 Catelanis
746 2179 778 2212 in
800 2180 948 2214 Siciliam
978 2181 1020 2213 ad
1044 2181 1165 2214 auxilia
1185 2180 1265 2224 ipsis
1286 2179 1375 2216 illinc
1395 2183 1565 2217 evocanda

144 2221 262 2256 literas
282 2222 361 2256 inde
382 2223 568 2265 referebat,
597 2234 670 2256 cum
693 2223 811 2268 quibus
831 2225 991 2258 deductus
1013 2225 1056 2258 ad
1077 2225 1307 2269 imperatorem
1329 2229 1392 2260 est.
1436 2225 1492 2262 hisi
1507 2224 1564 2262 ille

144 2267 249 2309 visis,
270 2267 450 2311 auditoque
467 2268 622 2312 captivo,
643 2279 841 2314 magnopere
862 2270 896 2302 in
917 2270 979 2303 bac
999 2270 1213 2314 persuasione
1234 2270 1382 2304 firmatus
1403 2275 1474 2314 est,
1499 2272 1563 2306 ‹10-

145 2312 310 2356 spondere
341 2312 520 2346 Catelanos
552 2312 712 2355 animum,
747 2325 808 2348 nec
839 2315 910 2348 suis
943 2315 1170 2358 praesentibus
1189 2314 1296 2348 fidere
1316 2315 1442 2350 viribus
1463 2317 1560 2359 satis,

143 2363 182 2390 ut
210 2357 330 2391 bellum
358 2369 379 2391 a
411 2358 567 2391 Romanis
595 2358 761 2391 sustinere
782 2370 820 2392 se
842 2360 1008 2393 confidant
1028 2371 1146 2403 posse,
1179 2358 1239 2392 nisi
1261 2361 1403 2395 externis
1430 2362 1561 2396 auxiliis

143 2402 361 2443 roborentur-3
392 2403 503 2446 qualia
525 2414 597 2436 cum
619 2415 639 2436 e
661 2403 793 2445 Sicilia,
825 2405 913 2438 unde
943 2404 1128 2448 petierant,
1158 2403 1340 2450 intercepto
1359 2405 1437 2440 illuc
1459 2407 1559 2441 misso

144 2449 329 2480 tractatore
350 2458 415 2480 non
436 2454 671 2492 expectaturos
691 2448 782 2493 ipsos
807 2449 989 2483 verisimile
1020 2449 1086 2490 sit,
1117 2460 1279 2494 apparere
1300 2461 1364 2484 non
1388 2451 1515 2485 alienos
1536 2463 1558 2486 a

143 2491 291 2525 consiliis
312 2492 404 2536 pacis
425 2493 511 2527 fore.
557 2504 654 2538 quam
677 2494 710 2526 in
730 2495 925 2529 sententiam
949 2497 1131 2537 Augustum
1153 2494 1267 2528 iacobi
1297 2505 1429 2540 quoque
1450 2496 1559 2538 huius,

142 2535 260 2569 intime
282 2537 403 2570 conscii
424 2541 532 2571 status
553 2538 719 2582 ipsorum,
741 2540 920 2574 affirmatio
942 2540 1108 2580 trahebat,
1129 2537 1246 2573 aientis
1267 2539 1330 2573 sibi
1353 2544 1558 2574 commissum

143 2579 199 2613 uni
226 2581 259 2614 id
286 2581 453 2624 negotium
475 2584 595 2616 fuisse:
629 2595 666 2616 se
694 2583 756 2617 iam
780 2591 877 2628 capto
899 2591 1074 2629 antequam
1096 2584 1263 2627 responsis
1283 2585 1417 2628 perlatis
1437 2596 1559 2619 conve-

144 2623 209 2658 niri
235 2625 277 2658 de
298 2637 337 2660 re
354 2631 429 2660 tota
449 2628 619 2671 potuisset,
642 2629 780 2662 fractam
800 2630 884 2663 hanc
905 2640 1041 2675 prorsus
1062 2640 1124 2662 nec
1139 2629 1224 2662 ultra
1246 2640 1474 2673 processuram
1496 2641 1557 2663 ne-

144 2668 356 2710 gotiationem
377 2682 462 2706 esse.
505 2673 651 2706 addebat
670 2673 777 2706 videri
799 2675 863 2708 sibi
888 2674 986 2709 facile
1007 2673 1071 2707 iam
1092 2674 1166 2707 fore
1186 2673 1295 2708 induci
1311 2675 1490 2707 Catelanos
1511 2674 1556 2708 ad

144 2714 351 2748 tractandum
372 2715 669 2761 disquirendasque
690 2720 903 2753 communiter
924 2718 1013 2752 utilis
1041 2718 1206 2763 utrimque
1225 2718 1449 2752 conventionis
1471 2717 1555 2762 vias,

143 2756 239 2798 nodo
260 2757 437 2804 imperator
456 2771 519 2796 nee
538 2761 644 2807 ipsum
666 2773 704 2796 se
724 2764 932 2810 propendere
953 2763 995 2800 ad
1017 2762 1096 2798 belli
1117 2763 1252 2798 consilia
1272 2775 1336 2798 non
1357 2768 1557 2808 gravaretur
