1858 3126
341 166 418 210 DE
448 164 774 209 ANDRONICO
813 161 1183 206 PALAEOLOGO
1218 161 1264 205 L.
1286 160 1362 205 VI.
1480 159 1578 204 555

145 277 267 324 οὗτοί
287 294 331 335 γε
367 277 416 322 τὸ
450 278 538 334 περὶ
564 276 636 320 τὸν
664 274 835 331 βασιλέα
865 270 1096 317 ἄνᾶπυστον
1127 272 1287 330 γεγονὸς
1312 272 1360 316 τὸ
1389 269 1582 327 παράπαν

142 347 318 403 ἠμέλουν
326 377 341 400 ,
377 345 481 388 ἀλλὰ
511 343 651 402 φήμης
673 343 933 397 διαδοθείσης
954 340 1010 391 ὥς
1028 341 1133 384 κατὰ
1152 339 1301 397 κράτος
1324 339 1581 396 ἡττηθέντων

144 419 229 458 τῶν
257 413 461 469 ἡμετέρων
489 414 556 456 καὶ
587 413 625 455 οἶ
653 417 727 455 τοῦ
751 411 887 468 γένους
911 409 1046 452 αὐτῶν
1070 409 1186 463 μέχρι
1208 411 1273 452 καὶ
1296 409 1433 451 αὐτῶν
1451 408 1573 461 ἴασιν,
1598 413 1628 448 Β

146 480 362 536 ἀρήξοντες
376 483 506 538 σφίσι,
542 478 733 537 ῥήξαντες
755 479 807 522 τὰ
828 475 968 531 δεσμά,
1005 478 1086 519 ἐπεὶ
1107 478 1174 533 ἐκᾳ
1183 474 1363 532 υγγάνειν
1381 476 1456 520 οὐκ
1475 474 1580 531 εἶχον

114 551 413 595 ὄδυσανοίκτου
438 549 555 598 ὄντος
583 553 656 591 τοῦ
683 545 835 601 πύργου
859 547 927 588 ἵνα
955 546 1021 587 καὶ
1051 545 1364 600 ἐγκαθίδρυντο,
1402 544 1486 587 ιῖνω
1502 561 1581 586 που

145 615 416 673 ἇνερρηφότες
445 615 549 659 κατὰ
576 616 622 658 τὸ
652 614 857 668 ὕπαιθρον
895 612 1046 656 ἐκεῖθεν
1079 611 1312 668 παρακειμέι
1323 628 1388 661 αις
1420 612 1586 667 πέτραις

144 684 454 740 ἠκροβολίζοντο
487 685 555 726 καὶ
581 682 678 732 τοίς
705 680 889 730 ἐπιόντας
907 678 1106 735 ἠμῦνοντο
1120 713 1133 731 ,
1170 677 1435 733 σκοποιῖμενοι
1457 698 1585 723 κατα-

145 753 301 795 πίπτειν
318 751 412 806 μετ’
435 751 670 808 ἅσφαλειάς.
721 748 816 792 ἀλλ’
838 749 913 791 οὐκ
931 748 1079 803 ἤνυτον
1096 747 1143 791 τὸ
1160 745 1373 800 παράπαν,
1409 752 1491 791 τῶν
1507 765 1585 790 πο-

146 823 270 863 λιτῶν
297 820 424 876 ἐκείνῃ
452 837 508 876 πῃ
544 815 828 874 περιστάντων.
896 815 995 859 ὅθεν
1014 818 1080 859 καὶ
1102 815 1246 872 ὀλίγων
1266 812 1586 872 φυγομαχησάν-

95 897 140 933 10
149 903 231 931 των
249 889 315 930 καὶ
337 886 507 936 ἑαυτοὺς
526 883 815 940 παραδόντων,
845 884 884 927 οἳ
916 886 1046 926 λοιποὶ
1072 885 1187 938 μέχρι
1210 886 1275 926 καὶ
1295 883 1421 927 αὐτοῦ
1442 881 1579 927 θανά·
1602 889 1633 924 C

149 972 223 998 του
247 954 518 1011 ἐνεργέστερον
537 955 754 1006 ἐπολέμουν
777 954 842 995 καὶ
861 951 1081 1005 βάλλοντες
1100 950 1401 1006 ἐτιτρώσκοντο.
1469 952 1585 1002 τέλος

148 1021 250 1077 ὕλην
274 1022 536 1075 παντοδαπὴν
562 1018 895 1077 συμφορήσαντες
917 1020 955 1062 οἶ
975 1024 1134 1062 πολῖται
1161 1025 1242 1075 πῦρ
1269 1020 1417 1062 ἐνιᾶσιν
1437 1017 1491 1069 ὥς
1510 1037 1586 1062 κα-

93 1120 100 1126 -
148 1090 411 1146 ταφλέξοντες
440 1091 506 1132 καὶ
533 1088 684 1144 πύργον
710 1090 776 1130 καὶ
806 1088 902 1137 τούς
928 1089 969 1130 ἐν
995 1086 1143 1146 τούτῳ.
1214 1089 1279 1130 καὶ
1300 1087 1346 1130 τό
1368 1088 1442 1141 μέν
1464 1087 1585 1145 ᾔρετο

148 1157 250 1214 μέγα
263 1189 277 1209 ,
312 1158 354 1200 οἱ
374 1157 419 1199 δὲ
446 1161 496 1214 τῇ
524 1159 644 1213 φλογὶ
673 1154 934 1209 ἐνειλούμενοι
962 1155 1054 1198 οὐδ’
1077 1157 1119 1204 ἐς
1138 1155 1271 1210 βραχὺ
1294 1160 1366 1198 τοῦ
1386 1151 1585 1208 εὐτόλμου

97 1233 141 1270 15
151 1225 448 1282 καθυφεέκεσαν
487 1223 668 1279 λήματος
682 1257 695 1277 ,
739 1224 842 1266 ἀλλὰ
885 1228 1048 1278 πρῶτον
1082 1221 1358 1278 περιδυόμενοι
1387 1224 1583 1277 ἐσθῆτας,

151 1292 256 1335 κατὰ
276 1292 404 1348 πυρὸς
421 1290 637 1344 βάλλοντες
650 1324 663 1343 ,
700 1291 748 1334 τὸ
766 1296 846 1345 πῦρ
865 1288 951 1333 οἷον
967 1289 1192 1344 ἠμύνοντο,
1229 1290 1363 1333 ἔπειτα
1380 1290 1472 1334 κατ’
1495 1291 1580 1334 ‹m-
1600 1298 1634 1334 D

150 1377 222 1416 γον
244 1359 560 1416 κραταιουμένου
584 1364 657 1402 τοῦ
680 1359 892 1415 φλέγοντος
916 1358 1178 1412 ἀνηλίσκοντο
1200 1359 1240 1407 ἐς
1261 1358 1360 1400 αὐτὸ
1381 1361 1587 1414 πηδῶντες

152 1424 330 1479 ἑκόντες,
364 1425 585 1483 φιλήμασιν
611 1425 808 1480 ἀλλήλους
830 1423 1117 1482 ἀφοσιούμενοι
1137 1427 1202 1468 καὶ
1222 1430 1385 1484 σταυρῷ
1403 1425 1588 1483 φραττό-

149 1511 279 1550 μενοι.
346 1492 420 1537 δύο
450 1494 499 1536 δέ
522 1511 621 1544 τινες
640 1495 682 1544 ἐξ
702 1494 836 1537 αὐτῶν
844 1526 859 1546 ‚
893 1493 1057 1550 ἀδελφὼ
1083 1495 1147 1535 καὶ
1171 1494 1283 1549 γένος
1310 1496 1377 1536 καὶ
1405 1492 1584 1550 γνώμας,

237 1579 273 1614 4.
295 1577 506 1625 ἀρήξοντες]
531 1576 729 1625 α’ρὴξαντες
752 1578 791 1612 Ρ.
927 1579 961 1612 6.
985 1574 1246 1622 ducendae?

148 1646 258 1683 nturi
279 1650 396 1681 contra
417 1658 510 1681 suam
530 1647 679 1692 ipsorum
700 1649 832 1692 gentem
855 1645 1018 1691 pugnanti
1038 1646 1233 1688 accidisset,
1257 1649 1316 1681 aut
1338 1657 1379 1680 ea
1401 1646 1450 1680 uti
1468 1646 1589 1682 notitia

148 1691 196 1728 nd
223 1691 291 1726 sibi
319 1703 452 1737 quoque
479 1703 542 1736 per
572 1703 609 1726 se
640 1692 873 1726 consulendum
895 1691 1090 1736 neglexere,
1124 1692 1285 1737 siquidem
1309 1703 1382 1726 cum
1406 1693 1496 1725 fama
1517 1693 1589 1726 late

148 1747 340 1783 pervagans
370 1738 519 1772 susorum
546 1738 803 1782 fugatornmque
828 1749 945 1781 magno
976 1737 1104 1782 praelio
1126 1738 1349 1773 Romanorum
1371 1748 1393 1770 a
1415 1737 1483 1771 suis
1506 1748 1589 1770 con-

149 1782 330 1835 tribulibus
360 1782 539 1836 ati-ipsos·
553 1794 686 1828 quoque
715 1783 943 1835 pervenisset,
977 1782 1118 1816 audacia
1151 1782 1339 1835 confestim·
1354 1781 1432 1815 inde
1454 1786 1588 1826 sumpta

150 1829 802 1918 fflfflmmff'inrffzffizsszzz
832 1827 1590 1916 ἓιὲἓὲἷᾜ,ζῖἷῗὲῗῑἒίοῗέἕῑὲῗᾶἓᾞρὲἶῖἓῆῖὲἓ

153 1915 291 1959 effringi
321 1927 420 1950 manu
448 1918 620 1961 facilibus,
651 1926 722 1952 tum
746 1918 855 1952 valvis
884 1918 1094 1951 securissime
1123 1917 1304 1951 obstructis
1329 1916 1589 1951 ineluctabiliter

154 1959 280 1996 exitum
309 1964 475 2003 negante,
505 1967 662 2006 superato
692 1963 764 1997 eius
794 1963 950 2006 fastigio,
978 1963 1036 1996 ubi
1064 1962 1235 1996 subdivale
1265 1962 1404 2006 patebat
1425 1962 1586 2007 spatium,

153 2005 235 2039 inde
255 2011 406 2049 repertas
426 2005 496 2039 illic
517 2011 632 2051 petras
653 2007 688 2041 in
710 2012 843 2042 nostros
865 2007 1078 2047 deiiciebant,
1103 2007 1152 2040 sic
1174 2006 1348 2041 studentes
1370 2013 1589 2051 praevertere

155 2061 201 2085 ne
222 2050 401 2084 descensus
423 2061 465 2084 ex
487 2061 527 2084 eo
549 2051 622 2084 loco
643 2052 813 2096 ipsorum,
848 2052 882 2085 in
904 2063 969 2096 qno
992 2063 1092 2097 quam
1115 2051 1324 2085 securissime
1346 2051 1466 2086 liceret
1488 2053 1588 2087 ador-

154 2095 266 2131 nando
287 2094 422 2128 interim
442 2094 607 2130 industria
628 2108 747 2140 magna
769 2097 980 2140 satagebant,
1003 2108 1025 2130 a
1046 2097 1238 2130 custodibus
1253 2097 1382 2130 inferne
1397 2109 1588 2142 repugnan-

154 2141 248 2176 tibus
285 2140 530 2185 prohiberetur.
584 2152 698 2175 verum
729 2141 1033 2186 Adrianopolitanis
1063 2142 1107 2174 ad
1136 2141 1306 2176 tumultum
1337 2144 1588 2179 accurrentibus

154 2184 414 2229 iuvantibusque
443 2187 617 2226 custodes,
651 2197 765 2232 parum
797 2186 878 2231 ipsis
908 2197 988 2219 suus
1019 2189 1078 2218 aut
1099 2197 1236 2230 prorsus
1259 2187 1336 2220 nihil
1358 2189 1588 2232 quantuslibet

156 2235 295 2266 conatus
325 2230 532 2275 proficiebat.
577 2231 664 2265 unde
698 2231 814 2276 paucis
840 2229 897 2275 qui
927 2230 1061 2264 demissi
1091 2243 1133 2264 ex
1162 2232 1229 2264 alto
1261 2233 1407 2273 frustra,
1442 2234 1588 2279 undique

156 2275 287 2317 ambiti,
311 2276 430 2319 sugere
451 2276 700 2318 contenderant,
723 2276 866 2320 denique
889 2287 964 2309 sese
983 2276 1109 2310 dedere
1131 2276 1268 2318 coactis,
1293 2277 1414 2323 reliqui
1435 2290 1589 2324 pugnare

156 2331 266 2366 mque
287 2318 330 2355 ad
353 2326 513 2364 mortem,
546 2333 613 2366 qua
635 2323 741 2356 solent
763 2321 934 2365 desperati
955 2321 1105 2360 ferocia,
1126 2327 1358 2366 perrexerunt.
1403 2329 1438 2358 et
1460 2325 1588 2360 iacula-

156 2365 281 2400 bantur
302 2365 351 2399 illi
373 2365 503 2411 quidem
526 2366 640 2400 noxie:
674 2373 841 2401 caeterum
865 2366 1009 2411 undique
1033 2370 1067 2399 et
1086 2366 1151 2411 ipsi
1172 2366 1249 2400 telis
1271 2367 1413 2412 appetiti
1432 2370 1590 2405 vulnera-

155 2409 292 2446 bantur.
337 2412 540 2456 procedente
560 2412 594 2445 in
615 2412 746 2456 longum
769 2411 949 2445 certamine
962 2436 971 2453 ,
994 2412 1142 2455 pertaesi
1163 2423 1274 2446 morae
1296 2414 1385 2447 cives
1405 2419 1500 2449 strue
1521 2416 1589 2450 cir·-

158 2467 235 2489 eum
257 2455 402 2500 undique
425 2457 585 2491 materiae
607 2463 767 2502 congesta
786 2457 895 2500 ignem
918 2455 1106 2496 subiiciunt,
1131 2461 1171 2490 ut
1192 2457 1310 2491 turrim
1331 2459 1427 2493 simul
1450 2472 1524 2495 cum
1547 2472 1590 2495 ea

157 2500 296 2534 inclusis
330 2502 542 2536 combusturi.
587 2504 714 2537 exarsit
744 2502 944 2536 luculentum
976 2502 1182 2543 incendium,
1216 2502 1310 2536 cuius
1340 2504 1479 2539 involuti
1507 2506 1589 2540 licet

157 2544 300 2579 flammis
322 2547 535 2591 Amogabari,
558 2559 600 2582 ne
621 2548 676 2581 vel
698 2548 863 2582 minimum
887 2547 1020 2592 quidem
1044 2547 1087 2580 de
1108 2557 1271 2590 generosa
1292 2551 1461 2594 pugnandi
1483 2551 1590 2585 auda-

160 2588 216 2622 cia
246 2590 428 2632 remisere,
462 2593 522 2626 sed
552 2593 715 2639 principio
747 2593 880 2638 quidem
911 2596 1070 2626 exuentes
1101 2603 1138 2626 se
1170 2593 1318 2627 vestibus
1340 2606 1399 2628 eas
1422 2595 1456 2628 in
1479 2596 1590 2639 ignem

160 2632 403 2678 indignabundi
425 2648 466 2671 ac
488 2638 583 2672 velut
605 2639 769 2673 flammam
794 2638 896 2671 ferire
918 2637 1091 2671 studentes
1113 2636 1296 2680 iaciebant,
1328 2639 1450 2673 deiude
1471 2641 1592 2685 paula-

162 2677 222 2730 tim
243 2683 339 2713 aestu
362 2692 400 2715 se
421 2684 669 2718 corroborante
683 2684 978 2724 consumebantur,
1009 2682 1099 2716 ultro
1121 2682 1156 2716 in
1178 2683 1293 2728 globos
1315 2683 1517 2719 flammarum
1539 2685 1593 2719 in-

163 2722 326 2767 nheutes,
347 2731 521 2772 postquam
541 2730 664 2764 mutuis
685 2729 751 2763 sibi
773 2729 896 2763 osculis
916 2730 992 2762 vale
1013 2727 1171 2763 dixerant
1189 2734 1225 2762 et
1243 2729 1341 2773 signo
1362 2730 1473 2764 crucis
1492 2741 1590 2765 manu

163 2766 308 2802 formato
329 2781 407 2806 sese
426 2773 648 2809 muniverant.
693 2774 759 2809 duo
783 2774 872 2808 inter
892 2773 955 2808 hos
974 2772 1136 2817 iuvenes,
1167 2778 1205 2809 et
1225 2775 1387 2821 sanguine
1406 2775 1536 2811 fratres
1555 2779 1591 2811 et
