1820 3112
370 158 446 201 DE
479 156 810 201 ANDRONICO
845 154 1217 199 PALAEOLOGO
1253 155 1299 199 L.
1330 153 1364 197 Ι.
1541 151 1605 198 75

142 269 221 330 γάρ
251 288 356 322 τινες
383 268 540 320 ἰδόντες
570 270 690 313 οὐδὲν
716 269 816 312 ἄλλο
838 266 1036 312 ὑπενόουν
1064 265 1156 310 τότε
1178 266 1202 323 ἢ
1233 265 1295 311 ὅτι
1318 264 1487 322 ὁρισθὲν
1507 264 1609 322 πρὸς

141 340 344 396 βασιλέως
366 339 423 382 δι’
448 336 693 394 ἀπορρήτων
714 337 838 386 αὐτὸς
859 337 1091 391 οἰκονομοίη
1111 336 1165 379 τὰ
1185 333 1522 392 προσταττόμενα
1541 335 1609 376 καὶ

144 409 243 459 τούς
264 407 507 465 ὃρισθὲντας
528 407 683 463 ἔκᾳιέρει
700 405 846 455 νυκτὸς
869 404 971 448 ὅπου
993 405 1044 447 ἂν
1066 406 1132 446 καὶ
1155 402 1471 460 προστάσσοιτο.
1509 404 1610 445 ἐκεῖ-

143 495 208 520 νοι
236 477 282 520 δὲ
310 477 387 527 τὰς
422 475 610 533 φυλακὰς
641 473 976 531 ὖποδραμοῦντες
1005 474 1256 525 ἐπιβαίνουσι
1278 477 1349 525 τῆς
1366 469 1475 527 νηός.
1511 482 1519 489 ‘
1543 472 1611 512 καὶ

111 541 196 601 δῆν
217 545 357 595 αὐτοῖς
388 542 444 593 ὥς
471 546 537 586 καὶ
567 547 667 586 πᾶσι
688 544 944 599 γνωσθέντος
962 540 984 585 ὃ
1003 546 1100 590 νοῦς
1121 542 1162 583 ἓν
1188 542 1341 582 ἐλπίσιν
1374 537 1610 595 ἀναμφιβό-
1634 540 1667 575 D

144 619 254 666 λοις,
293 611 348 663 ὥς
378 613 499 655 οὐδὲν
526 611 715 666 ἐμποδὼν
743 613 892 654 ἓσεῖται
921 613 1035 653 δυοῖν
1065 608 1092 663 ἢ
1124 611 1191 651 καὶ
1222 613 1345 663 τριῶν
1378 607 1538 663 ἡμερῶν
1559 612 1610 664 τῇ

143 683 311 740 Εὐρίπῳ
332 687 551 736 προσσχεῖν
564 682 629 723 καὶ
645 685 725 723 τῶν
746 684 820 735 τῆς
833 684 967 736 φυγῆς
988 678 1188 733 ἀνεθῆναι
1210 675 1368 734 φόβων,
1395 681 1469 731 τῆς
1488 675 1611 718 ἀδελ-

145 755 229 807 φῆς
250 747 513 806 κυριευούσης
534 753 608 802 τῆς
629 746 768 803 νήσου.
824 747 919 790 ἀλλ’
943 745 969 801 ἦ
993 747 1226 800 παλίμπους
1245 747 1478 800 περιίστατο
1498 746 1606 799 δίκη,

145 820 212 862 καὶ
241 818 293 861 τὰ
319 822 401 861 τῶν
428 817 713 874 φονευθέντων
743 818 899 870 αἵματα
929 816 1078 869 δεσμὸς
1111 810 1161 869 ἦν
1189 814 1263 868 τὴν
1281 812 1422 869 πρόσω
1443 814 1611 868 πορείαν

93 897 138 931 10
147 885 315 930 κωλύων
333 883 535 941 ἄρρηκτός
554 903 596 928 τε
618 887 684 927 καὶ
703 884 866 934 ἅλυτος.
938 884 1122 926 ἀντιπνεΐ
1138 883 1216 938 γὰρ
1239 884 1432 938 ἐξαίφνης
1452 886 1612 935 πνεῦμα

146 957 283 1008 βίαιον
304 952 426 997 νότου
449 985 461 1006 ,
494 952 549 1004 ὥς
570 955 635 996 καὶ
657 953 733 1002 τὰς
755 951 1077 1007 ἓλλιμενιζούσας
1099 952 1317 1002 ἐξοκέλλειν
1338 953 1380 993 ἐκ
1399 952 1509 1004 βίας,
1545 950 1614 992 καὶ

147 1022 295 1077 ι’ίνεμος
325 1021 514 1077 ἐμποδῶν
545 1021 641 1077 ἔστη
662 1019 1015 1078 παρανομήσασιν.
1088 1020 1136 1062 οὐ
1163 1020 1241 1076 γὰρ
1260 1021 1359 1074 μίαν
1382 1018 1407 1074 ἢ
1427 1021 1494 1061 καὶ
1513 1021 1607 1061 δευ-
1633 1028 1664 1062 Ε

146 1091 268 1148 τέραν
285 1089 441 1146 ἡμέραν
461 1087 602 1145 ἠπλόει
626 1091 669 1132 ἐκ
690 1091 835 1144 βιαίων
855 1088 984 1133 νότων
1003 1088 1050 1131 τὸ
1069 1089 1257 1144 πέλαγος,
1295 1087 1391 1130 ἀλλ’
1417 1087 1488 1144 ἐφ’
1513 1085 1616 1142 ἡμέ-

150 1176 264 1216 ραις,
310 1159 450 1213 μέχρις
475 1157 526 1201 ἂν
554 1160 693 1201 ἐκεῖνοι
726 1158 832 1202 κατὰ
864 1158 938 1214 τὴν
972 1156 1203 1200 Ῥαιδεστὸν
1231 1158 1503 1207 ἐξοκείλαντες
1531 1154 1615 1198 ὑπὸ

93 1236 136 1274 15
144 1235 261 1285 χεῖρα
279 1227 454 1283 γένοιντο
476 1234 561 1276 τοῖς
583 1231 766 1282 τυχοῦσι.

285 1297 370 1339 Καὶ
404 1299 537 1338 ταῦτα
563 1296 636 1348 μὲν
666 1295 770 1347 μετὰ
784 1292 958 1350 χρόνους
978 1293 1232 1349 πέπρακται,
1269 1297 1344 1348 τῆς
1370 1291 1415 1335 δ’
1441 1291 1617 1334 ἀκολου-

148 1365 248 1413 θίας
278 1361 473 1418 διδούσης
512 1368 586 1405 τοῦ
621 1361 742 1418 λόγου
783 1363 969 1406 ἐνταῦθα
1000 1362 1366 1417 προανατέτακται.
1445 1359 1543 1415 ἡμῖν
1569 1360 1615 1402 δὲ

149 1432 256 1475 ι’τέον
286 1431 388 1485 πρὸς
415 1431 468 1474 τὰ
495 1429 598 1485 ἑξῆς.
671 1431 800 1487 ἔμπης
829 1432 874 1473 δὲ
901 1431 1155 1486 προσθετέον
1198 1432 1264 1472 καὶ
1292 1433 1428 1473 τοῦτο.
1449 1431 1615 1485 σφίσιν·

149 1501 399 1543 ἐπικοινωνεῖ
411 1499 490 1556 γὰρ
508 1506 594 1550 τοῖς
610 1499 1042 1557 προανατεταγμένοις.
1113 1496 1260 1555 ὀγδόου
1289 1498 1368 1556 γὰρ
1396 1497 1439 1540 ἐκ
1466 1494 1618 1540 τούτου

240 1633 274 1668 4.
299 1628 601 1677 ἀποδράσαντεςῗ

150 1757 217 1780 ιιοιι
252 1745 342 1780 aliud
372 1745 406 1780 in
439 1749 584 1780 mentem
614 1744 710 1780 venit
738 1744 830 1779 forte
862 1744 1117 1780 occurrentibus
1149 1743 1213 1779 nisi
1244 1743 1435 1778 mandatum
1459 1753 1619 1777 arcanum

150 1792 332 1837 quoppiam
355 1792 468 1826 Erren
491 1792 551 1826 tali
573 1797 726 1846 tempore
745 1791 898 1845 exequi,
930 1794 966 1824 et
994 1791 1124 1824 vinctos
1156 1801 1223 1835 quo
1255 1795 1346 1824 esset
1367 1790 1479 1823 iussus
1502 1794 1617 1821 trans—

150 1842 300 1891 portare.
346 1849 408 1883 per
432 1838 518 1871 banc
538 1838 685 1882 speciem
708 1836 831 1878 etiam,
855 1847 940 1881 quas
961 1837 1171 1881 pertransire
1194 1836 1356 1880 oportuit,
1379 1841 1619 1868 nocturnorum

150 1882 292 1926 vigilum
315 1883 479 1917 custodiis
501 1883 614 1923 elusis,
649 1882 856 1917 inobservati
879 1882 1129 1926 incolumesque
1151 1893 1266 1915 omnes
1288 1893 1407 1914 navem
1432 1885 1619 1924 expectan-

150 1929 219 1961 tem
242 1929 528 1983 conscenderunt,
559 1929 687 1974 optima
709 1940 771 1973 spe
793 1929 980 1972 gestientes
1002 1927 1188 1961 felicissimi
1212 1937 1410 1968 successus,
1433 1937 1495 1958 nec
1519 1925 1621 1958 dubi-

151 1973 274 2007 tabant
296 1974 389 2019 quin,
413 1983 453 2008 ut
477 1974 577 2008 initia
600 1986 639 2008 se
662 1975 802 2014 dabant,
829 1973 961 2007 cunctis
985 1973 1028 2007 ad
1054 1979 1169 2006 votum
1192 1972 1400 2010 fluentibus,
1427 1971 1529 2004 biduo
1554 1969 1620 2003 tri-

152 2018 263 2052 duove
285 2020 496 2064 appellerent
519 2020 707 2064 Euripum,
740 2026 846 2064 atque
869 2020 959 2063 apud
988 2019 1047 2051 isti
1068 2018 1295 2051 dominantem
1315 2017 1447 2051 insulae
1469 2026 1620 2050 sororem

150 2063 322 2108 ipsorum,
345 2066 540 2098 miserarum
567 2065 690 2098 anxiae
719 2067 822 2108 fugae
844 2064 1054 2097 formidinum
1080 2068 1116 2097 et
1139 2063 1229 2107 longi
1262 2063 1410 2097 carceris
1441 2072 1622 2096 aerumna-

152 2120 228 2143 rum
250 2109 349 2143 unice
372 2111 501 2151 securi,
525 2110 741 2154 tranquillam
762 2112 806 2143 de
829 2115 965 2143 caetero
988 2109 1090 2142 vitam
1116 2114 1267 2152 agerent.
1312 2119 1427 2142 verum
1454 2108 1620 2141 interver-

153 2154 198 2188 tit
220 2166 413 2189 successum
437 2156 567 2188 cruenti
589 2155 701 2200 coepti
725 2166 931 2199 persequens
954 2155 1138 2188 homicidas
1160 2154 1316 2188 coelestis
1338 2153 1433 2196 ultio,
1456 2153 1620 2196 sanguine

153 2199 285 2235 scilicet
311 2201 507 2234 miserorum
530 2211 615 2245 quos
637 2201 790 2234 incautos
813 2205 1056 2244 oppresserant
1088 2200 1252 2234 clamante
1276 2201 1317 2234 ad
1342 2200 1462 2240 deum,
1497 2205 1532 2232 et
1563 2209 1620 2232 re-

153 2252 280 2280 mo'ram
303 2245 475 2280 iniiciente
498 2245 651 2290 fugitivis
673 2246 932 2281 ineluctabilem.
978 2247 1035 2278 vix
1061 2247 1165 2279 altum
1188 2249 1388 2287 tenuerant,
1412 2257 1487 2278 cum
1509 2244 1560 2278 eis
1584 2243 1620 2276 in

154 2291 331 2325 adversum
360 2297 429 2326 tam
453 2292 632 2326 vehemens
655 2297 772 2325 auster
794 2291 964 2334 incubuit,
987 2295 1027 2325 ut
1048 2291 1158 2325 adhuc
1180 2296 1335 2325 tenentes
1358 2296 1490 2334 portum
1513 2299 1621 2323 naves

154 2336 188 2370 iu
211 2336 302 2369 illa
293 2348 367 2382 ipsa
389 2342 467 2371 tuta
491 2337 638 2371 statione
662 2340 879 2378 concuteret,
906 2349 948 2370 ac
969 2348 1036 2382 quo
1058 2341 1224 2371 momento
1247 2349 1332 2371 aura
1352 2335 1622 2381 inopinatissima

154 2381 302 2422 reflavit,
326 2394 396 2427 qua
419 2383 674 2427 perseverantia
697 2382 845 2425 duravit,
870 2387 1000 2417 tantum
1024 2394 1090 2416 non
1113 2383 1204 2416 clare
1227 2388 1412 2428 appareret
1435 2381 1622 2416 sceleribus

155 2427 349 2470 fugientium
372 2429 538 2463 infensum
563 2429 688 2462 coelum
713 2434 870 2471 receptus
891 2428 975 2472 ipsis
998 2429 1110 2462 securi
1141 2440 1267 2473 negare
1298 2428 1507 2462 facultatem.
1555 2437 1621 2459 non

156 2473 242 2506 enim
264 2485 329 2507 uno
353 2474 506 2508 alterove
530 2474 585 2508 die
607 2474 821 2508 intractabile
845 2473 1093 2508 violentissimis
1121 2475 1246 2508 austris
1269 2485 1361 2508 mare
1383 2473 1537 2514 horruit,
1563 2471 1623 2504 sed

156 2518 309 2562 pluribus
333 2520 488 2553 continue
511 2520 647 2561 diebus,
679 2519 790 2563 quoad
824 2519 940 2553 infelix
971 2520 1140 2563 navigium
1164 2520 1358 2554 sustinendo
1390 2519 1499 2563 impar
1532 2517 1624 2550 reie-

156 2568 247 2596 ctum
272 2564 315 2597 ad
337 2565 523 2598 Rbaedesti
546 2577 638 2599 oram
661 2565 709 2599 ibi
730 2567 820 2599 sorte
838 2565 985 2600 inventis
1005 2566 1152 2610 Augusti
1173 2565 1347 2607 ministris,
1369 2576 1454 2610 quos
1477 2563 1625 2597 vehebat

156 2608 330 2652 fugitivos,
354 2610 388 2643 in
412 2622 530 2644 manus
550 2611 703 2645 tradidit.

250 2654 347 2689 Haec
369 2661 567 2701 postquam,
594 2661 633 2690 ut
654 2656 822 2697 indicavi,
847 2656 1019 2702 posterius
1040 2659 1139 2700 gesta
1173 2668 1215 2690 ex
1240 2655 1418 2690 occasione
1441 2663 1625 2706 praeoccu-

159 2697 312 2742 pavimus
335 2711 525 2745 exponere,
557 2713 728 2737 resumere
749 2682 899 2736 ordinem
922 2708 1122 2756 eventuum,
1156 2706 1191 2736 et
1215 2702 1258 2735 ad
1289 2712 1331 2734 ea
1353 2711 1441 2745 quae
1465 2698 1625 2740 deinceps

159 2743 238 2776 fieri
260 2746 402 2798 contigit
423 2747 540 2780 eadem
573 2759 643 2792 qua
674 2751 850 2782 transacta
881 2752 960 2782 sunt
985 2748 1074 2782 serie
1100 2749 1230 2782 referre
1253 2756 1438 2780 sermonem
1459 2743 1626 2776 debuera—

159 2799 256 2822 mus.
294 2789 391 2835 piget
420 2794 534 2827 tamen
566 2793 647 2828 hine
685 2793 862 2828 discedere
894 2805 962 2827 non
992 2793 1150 2839 imposita
1179 2794 1281 2837 longo
1302 2790 1439 2835 negotio
1462 2789 1626 2823 clausula.
