1858 3126
600 164 705 211 ΠΒ.
728 163 783 210 Π.
850 162 1053 208 NOTAE.
1074 184 1078 190 ·
1441 161 1541 211 769

102 276 240 327 unm,
266 281 338 315 aut
355 274 419 314 vel
434 273 527 325 fingi
544 273 746 326 potuisse?
772 285 824 312 an
842 273 945 312 enim
960 271 1189 312 silentioad
1203 277 1357 325 tempus
1374 272 1539 324 quibus-

101 333 194 372 dam
210 332 315 371 inter
332 344 374 369 se
390 330 712 369 contendentibus
732 329 938 369 indicendo
959 329 1160 368 damnavit
1177 329 1324 380 aliquid
1347 335 1452 368 recte
1475 343 1538 369 as-
1553 363 1561 366 .

99 394 269 436 sutum,
305 393 377 425 aut
401 399 523 439 prave
556 386 705 424 dictum
735 385 840 424 aliud
870 386 1067 425 sancivit?
1102 384 1201 423 nihil
1228 385 1371 428 minus.
1436 385 1542 425 sileri

100 444 242 496 quippe
261 443 310 480 de
326 455 372 481 re
392 443 507 480 etiam
531 455 625 481 vera
652 442 733 480 sine
759 441 840 480 ullo
870 442 1048 480 veritatis
1066 441 1305 493 praeiudicio
1324 447 1475 493 potest;
1501 448 1542 480 et

98 499 301 539 interdum
323 505 485 550 propter
505 510 709 536 commune
728 497 875 535 bonum
899 497 1070 549 expedit.
1124 497 1241 549 plura
1261 498 1310 536 de
1330 497 1540 536 celeberri-

99 569 164 595 ma
181 555 448 594 controversia
468 567 491 591 a
515 553 610 592 viris
633 553 861 591 doctissimis
882 552 1075 605 hodieque
1095 553 1351 593 eruditissime
1369 558 1541 594 menta

35 617 38 620 ’
100 611 178 652 dici
194 623 219 649 ι
234 622 298 650 me
315 623 397 648 non
412 610 587 662 postulat
607 608 672 647 hic
687 610 809 650 locus.

207 706 247 746 p.
267 692 350 736 469
369 706 407 731 v.
431 697 496 734 11.
550 695 630 732 τῶν
650 686 938 743 ἆνεπιλήπτων.
992 689 1058 729 bic
1074 702 1207 730 errore
1222 691 1372 732 librarii
1389 693 1539 734 descri-

96 750 223 802 ptoris
243 749 395 799 negatio
411 748 621 796 exciderat,
648 760 746 798 quse
759 747 950 786 sententia
965 746 1069 786 clare
1084 747 1283 798 flagitante
1297 750 1538 790 restituenda

98 805 187 854 fuit,
216 800 291 845 mix
306 810 396 842 ante
411 801 686 855 ἀνεπιλήπτων
705 803 888 854 reposito.
943 809 1058 841 sonat
1075 804 1180 842 enim
1198 800 1471 857 ἀνεπίληπτος,
1491 813 1538 845 ut

97 867 208 913 patet
222 867 262 898 et
280 859 497 911 Hesychius
518 860 697 898 distincte
716 859 910 906 admonet,
928 856 1128 910 ἄμεμπτος
1147 855 1458 914 ἄκατᾶγνωστος,
1477 866 1536 900 ir·-

98 916 414 968 reprehensibilis
429 930 498 954 nec
515 915 720 967 reprobari
739 914 900 966 dignus·-
956 914 1066 953 mins
1085 917 1325 956 contradam
1342 917 1393 956 de
1406 931 1539 958 sacer-

98 971 208 1018 dotio
225 972 404 1010 ecclesiae
421 972 632 1021 praesentis
649 970 864 1019 Arseniani,
889 975 937 1009 ut
953 977 993 1008 et
1009 969 1087 1008 hoc
1103 971 1193 1009 loco
1214 977 1255 1010 et
1270 973 1363 1011 alibi
1380 974 1537 1026 Pachy-

95 1040 222 1067 meres
239 1027 375 1076 docet,
403 1027 670 1077 affirmabant,
698 1032 910 1065 asserentes
929 1026 1110 1065 videlicet
1128 1026 1287 1066 dubiam
1311 1029 1448 1068 saltem
1461 1059 1474 1078 ,
1503 1031 1537 1068 si

96 1097 178 1122 non
190 1083 391 1122 manifeste
408 1083 633 1131 invalidam,
662 1082 948 1121 ordinationem
973 1095 1109 1120 eorum
1134 1095 1215 1121 esse
1237 1085 1304 1134 qui
1323 1098 1347 1122 a
1364 1086 1537 1136 patriar-

96 1139 172 1178 011ι
190 1145 290 1178 tunc
309 1138 774 1190 Constantinopolitanam
794 1138 990 1176 ecclesiam
1009 1144 1165 1189 regente
1189 1140 1309 1178 sacris
1331 1141 1538 1180 initiaren-

96 1202 177 1237 tur.
233 1195 384 1246 scripsit
413 1208 503 1246 ergo
530 1195 612 1233 sine
639 1194 758 1233 dubio
782 1193 1058 1246 Pachymores,
1084 1200 1205 1246 prout
1228 1195 1471 1236 restituimus
1485 1210 1536 1236 ex

95 1251 199 1290 iusta
220 1251 466 1299 coniectura,
490 1250 534 1291 ἐν
552 1250 660 1303 μέρει
679 1252 808 1291 τίθετε
825 1253 904 1291 τῶν
923 1247 998 1292 οὐκ
1019 1246 1305 1303 ἀνεπιλήπτων.

205 1346 244 1385 p.
258 1333 340 1375 472
359 1344 399 1371 v.
419 1335 457 1374 3.
497 1329 679 1385 παριδών
692 1334 814 1372 ταῦτα
828 1329 927 1372 ἑλόν
941 1347 983 1372 τε
1003 1331 1122 1384 ὖμᾶς.
1178 1339 1271 1372 sunt
1288 1333 1330 1373 in
1349 1333 1424 1373 hac
1443 1347 1535 1375 ora-

96 1388 204 1427 tione
216 1388 450 1440 perobscura
466 1394 506 1426 et
526 1385 717 1428 ἀσύνδετα
736 1390 954 1426 inconnexa
971 1388 1159 1438 quaedam
1170 1417 1182 1437 ,
1209 1389 1305 1437 nisi,
1334 1391 1443 1441 qnod
1471 1392 1536 1430 in-

95 1445 254 1483 terdum
274 1445 421 1482 factum
444 1450 503 1482 est
529 1457 552 1481 a
576 1457 655 1493 me,
684 1443 912 1496 paraphrasi
932 1456 981 1481 ex
1006 1444 1319 1484 antecedentibus
1338 1452 1376 1484 et
1398 1459 1537 1485 conse-

94 1500 305 1550 quentibus
322 1499 535 1538 necessaria
554 1500 754 1538 divinante
779 1501 1045 1551 suppleantur.
1098 1500 1142 1538 in
1165 1500 1249 1539 istis
1270 1502 1536 1552 perintricatis

94 1555 204 1594 locus
224 1554 291 1594 hic
315 1555 416 1605 suit,
443 1556 485 1593 in
508 1555 594 1594 cod.
614 1556 728 1594 Allat.
756 1556 811 1594 sic
827 1557 1014 1606 scriptus:
1043 1554 1223 1608 παριδών
1240 1559 1372 1597 ’ταῦτα
1398 1557 1537 1610 ἔλομαί

92 1618 136 1652 τε
150 1610 267 1663 ὖμᾶς.
324 1611 411 1650 cod.
430 1611 545 1650 Barb.
557 1611 675 1649 habet
693 1611 835 1664 ἔλωμα.
888 1617 1029 1650 neutra
1044 1611 1158 1650 lectio
1177 1624 1266 1650 cum
1285 1614 1535 1664 sequentibus

94 1666 286 1706 cohaeret.
341 1668 496 1719 reposui
518 1664 617 1708 ἑλόν
631 1683 673 1709 τε
691 1663 796 1720 ὖμᾶς
810 1697 822 1718 ‚
851 1667 1040 1706 sententia
1058 1668 1134 1706 iam
1153 1668 1358 1708 tolerabili.

201 1764 242 1802 p.
258 1751 340 1793 477
360 1763 403 1794 v-
421 1752 459 1792 8.
487 1744 569 1791 ἄλλ’
586 1745 748 1804 ἆκριτοῦ·
763 1744 830 1793 αὖ.
875 1750 930 1789 sic
950 1750 1163 1789 necessario
1185 1751 1354 1802 reposui,
1382 1764 1474 1790 cum
1491 1753 1533 1790 in

95 1804 212 1844 codd.
229 1812 414 1857 corrupte
437 1806 626 1857 legeretur
653 1803 752 1848 ἄλλιὶ
775 1809 913 1859 κριτοῦ
932 1802 999 1848 αὖ.
1053 1812 1326 1857 praeterquam
1347 1808 1449 1845 enim
1467 1808 1533 1844 in·-

93 1860 197 1898 sulsa
215 1867 313 1897 esset
327 1861 395 1898 illa
415 1862 580 1900 nominis
597 1865 732 1912 κριτοῦ
756 1862 866 1912 quasi
885 1862 1112 1900 continuata
1136 1861 1340 1912 repetitio,
1366 1863 1533 1903 manife-

94 1921 154 1952 ste
172 1914 247 1952 loci
272 1916 459 1952 sententia
477 1917 614 1966 exigit,
641 1923 688 1955 ut
711 1918 910 1966 sequentia
933 1917 1154 1965 declarant,
1182 1917 1395 1966 significare
1411 1917 1533 1956 Arse-

93 1971 231 2011 nianos
247 1983 344 2022 opus
360 1983 440 2007 esse
456 1971 508 2008 ad
526 1971 755 2009 decisionem
772 1972 1059 2009 controversiae
1077 1984 1165 2008 suae
1190 1972 1316 2010 iudice
1335 1986 1533 2025 supremo,

94 2026 247 2076 qualem
266 2031 409 2064 vocant
427 2023 564 2078 κριτήν
579 2024 741 2078 ἄκριτον
748 2055 760 2075 ,
789 2027 955 2064 iudicem
977 2027 1119 2074 iudicio
1137 2027 1339 2066 subeundo
1359 2043 1440 2068 non
1457 2030 1532 2068 ob-
1553 2039 1582 2073 P
1606 2040 1669 2073 554

93 2081 269 2129 noxium,
298 2094 348 2119 ex
363 2081 473 2119 cuius
495 2081 686 2119 sententia
701 2082 910 2132 provocari
925 2087 1104 2131 nequeat,
1123 2088 1262 2133 utpote
1282 2097 1401 2136 supra
1416 2098 1534 2135 quem

94 2137 192 2175 alius
210 2149 290 2175 non
313 2136 364 2174 sit
379 2137 420 2174 in
439 2138 555 2175 terris
574 2137 718 2185 iudex;
744 2143 785 2174 et
808 2138 926 2175 talem
945 2137 1041 2174 istos
1067 2137 1289 2177 adulatores
1309 2139 1530 2179 schismati-

94 2205 160 2230 cos
180 2204 385 2243 agnoscere
396 2192 537 2230 laicum
555 2192 825 2243 imperatorem
836 2221 846 2240 ‚
874 2193 919 2230 in
938 2192 1061 2229 causis
1078 2193 1193 2231 etiam
1211 2195 1471 2235 ecclesiasticis
1490 2202 1529 2234 et

92 2248 376 2299 spiritualibus,
405 2261 484 2286 non
505 2249 639 2299 pudet.
694 2247 763 2285 sed
778 2247 919 2286 similes
935 2246 1082 2286 habent
1098 2248 1207 2287 labra
1224 2250 1405 2291 lactum.

200 2343 239 2382 p.
259 2331 342 2373 482
366 2343 407 2368 v.
426 2334 462 2371 1.
492 2326 662 2370 Πλάτων
676 2329 721 2370 ἐν
740 2326 904 2382 Νόμοις.
949 2329 1058 2368 locus
1080 2329 1144 2368 hic
1161 2330 1388 2384 indigitatus
1405 2347 1429 2372 a
1449 2335 1527 2373 Pa-

92 2384 275 2437 cbymere
295 2391 405 2424 extat
428 2386 532 2437 apud
554 2387 752 2424 Platonem
779 2386 804 2424 l.
826 2390 849 2428 1
871 2386 919 2422 de
935 2385 1116 2436 Legibus,
1142 2399 1182 2438 p.
1198 2390 1281 2430 680
1301 2390 1362 2431 ed.
1379 2391 1527 2442 steph„

91 2441 159 2479 ubi
178 2442 233 2480 sic
250 2442 409 2493 legitur:
437 2440 643 2493 διαβάντες
658 2440 781 2481 δὲκαὶ
803 2437 1019 2493 μαχόμενοι
1035 2440 1238 2492 ἐθέλοντες
1255 2440 1531 2498 ἆποθνήσκειν

91 2495 136 2536 ἓν
149 2501 207 2552 τῷ
222 2497 378 2552 πολέμῳ
397 2494 554 2550 (φράζει
577 2496 785 2549 Τυρταῖος)
810 2499 888 2536 τῶν
909 2492 1171 2548 μισθοφόρων
1187 2498 1263 2539 εἶσὶ
1282 2497 1526 2552 πάμπολλοι·

94 2546 153 2590 ὧν
169 2552 212 2591 οἱ
225 2555 396 2598 πλεῖστοι
414 2555 590 2605 γίνονται
607 2556 771 2604 θρασεῖς
790 2551 859 2592 καὶ
878 2550 1010 2592 ἄδικοι
1024 2551 1093 2592 καὶ
1112 2551 1294 2606 ὑβρισταὶ
1314 2556 1382 2596 καὶ
1402 2553 1526 2608 ἄφρο-

91 2604 266 2647 νέστατοι
284 2606 421 2659 σχεδὸν
437 2605 637 2659 daimon,
657 2605 767 2655 ἔκτός
788 2605 839 2659 δή
862 2611 981 2649 τινῶν
1001 2604 1107 2659 μάλα
1124 2605 1275 2663 ὀλίγων.
1329 2611 1437 2662 quod
1452 2613 1527 2649 ad-

94 2659 153 2698 dit
177 2675 272 2700 mox
291 2669 423 2702 noster
450 2677 500 2701 ex
516 2665 674 2703 Platone
702 2663 752 2702 de
777 2664 860 2703 cive
881 2664 984 2701 inter
1010 2662 1216 2703 seditiones
1238 2666 1340 2714 fido,
1369 2667 1445 2705 hoc
1470 2674 1530 2706 est

91 2728 164 2766 pro
183 2716 379 2767 republica
410 2718 564 2757 fortiter
589 2725 718 2758 stante
744 2725 784 2757 et
810 2732 892 2757 eam
913 2731 983 2757 sua
1004 2719 1152 2757 virtute
1180 2734 1227 2759 sc
1253 2722 1439 2774 sapientia
1463 2724 1531 2762 iu-

91 2777 222 2819 vante,
245 2771 378 2811 videre
402 2779 459 2811 est
480 2772 521 2812 in
546 2775 676 2813 verbis
697 2787 795 2826 quae
812 2770 969 2828 α’μέσως
985 2774 1224 2827 praecedunt
1243 2778 1362 2818 modo
1381 2777 1530 2819 descri—

147 2829 320 2874 Georgius
348 2831 567 2875 pachymeres
596 2835 649 2869 11.
1205 2832 1260 2874 49
