<?xml version="1.0" encoding="UTF-8"?>
<!DOCTYPE html PUBLIC "-//W3C//DTD XHTML 1.0 Transitional//EN"
    "http://www.w3.org/TR/xhtml1/DTD/xhtml1-transitional.dtd">
<html xmlns="http://www.w3.org/1999/xhtml" xml:lang="en" lang="en">
 <head>
  <title>
</title>
<meta http-equiv="Content-Type" content="text/html;charset=utf-8" />
  <meta name='ocr-system' content='tesseract 3.04.00' />
  <meta name='ocr-capabilities' content='ocr_page ocr_carea ocr_par ocr_line ocrx_word'/>
</head>
<body>
  <div class='ocr_page' id='page_1' title='image "./corpusscriptorum18niebuoft_0771.png"; bbox 0 0 1858 3126; ppageno 0'>
   <div class='ocr_carea' id='block_1_1' title="bbox 631 138 1595 184">
    <p class='ocr_par' dir='ltr' id='par_1_1' title="bbox 631 138 1595 184">
     <span class='ocr_line' id='line_1_1' title="bbox 631 138 1595 184; baseline 0.002 -2.017"><span class='ocrx_word' id='word_1_1' title='bbox 631 139 739 183; x_wconf 85' lang='lat' dir='ltr'><strong>LIB.</strong></span> <span class='ocrx_word' id='word_1_2' title='bbox 774 138 829 184; x_wconf 89' lang='lat'>11.</span> <span class='ocrx_word' id='word_1_3' title='bbox 899 138 1102 183; x_wconf 82' lang='lat' dir='ltr'><strong>NOTAE.</strong></span> <span class='ocrx_word' id='word_1_4' title='bbox 1499 139 1595 184; x_wconf 84' lang='lat'>753</span> 
     </span>
    </p>
   </div>
   <div class='ocr_carea' id='block_1_2' title="bbox 142 246 1737 2779">
    <p class='ocr_par' dir='ltr' id='par_1_2' title="bbox 142 246 1597 694">
     <span class='ocr_line' id='line_1_2' title="bbox 143 246 1595 303; baseline -0.002 -14"><span class='ocrx_word' id='word_1_5' title='bbox 143 262 313 303; x_wconf 71' lang='lat' dir='ltr'>Pmoun</span> <span class='ocrx_word' id='word_1_6' title='bbox 330 246 548 301; x_wconf 81' lang='lat' dir='ltr'>praesentis</span> <span class='ocrx_word' id='word_1_7' title='bbox 569 248 806 299; x_wconf 79' lang='lat' dir='ltr'>imperativi.</span> <span class='ocrx_word' id='word_1_8' title='bbox 862 248 997 297; x_wconf 84' lang='lat' dir='ltr'>itaque</span> <span class='ocrx_word' id='word_1_9' title='bbox 1007 247 1183 286; x_wconf 80' lang='lat' dir='ltr'>acuenda</span> <span class='ocrx_word' id='word_1_10' title='bbox 1201 260 1261 299; x_wconf 85' lang='lat' dir='ltr'>pe</span> <span class='ocrx_word' id='word_1_11' title='bbox 1254 247 1418 287; x_wconf 72' lang='lat' dir='ltr'>mltimn</span> <span class='ocrx_word' id='word_1_12' title='bbox 1436 253 1517 296; x_wconf 79' lang='lat' dir='ltr'>est,</span> <span class='ocrx_word' id='word_1_13' title='bbox 1550 256 1595 286; x_wconf 90' lang='lat' dir='ltr'>ut</span> 
     </span>
     <span class='ocr_line' id='line_1_3' title="bbox 143 302 1595 356; baseline 0 -12"><span class='ocrx_word' id='word_1_14' title='bbox 143 306 198 346; x_wconf 87' lang='lat' dir='ltr'>sit</span> <span class='ocrx_word' id='word_1_15' title='bbox 214 306 307 347; x_wconf 60' lang='lat' dir='ltr'>vlia</span> <span class='ocrx_word' id='word_1_16' title='bbox 323 310 585 343; x_wconf 87' lang='lat' dir='ltr'>contractum</span> <span class='ocrx_word' id='word_1_17' title='bbox 591 318 641 342; x_wconf 86' lang='lat' dir='ltr'>ex</span> <span class='ocrx_word' id='word_1_18' title='bbox 662 305 787 344; x_wconf 79' lang='grc' dir='ltr'><strong><em>νίκαε.</em></strong></span> <span class='ocrx_word' id='word_1_19' title='bbox 843 310 883 342; x_wconf 84' lang='lat' dir='ltr'>st</span> <span class='ocrx_word' id='word_1_20' title='bbox 900 302 1019 342; x_wconf 87' lang='lat' dir='ltr'>huius</span> <span class='ocrx_word' id='word_1_21' title='bbox 1046 303 1253 355; x_wconf 68' lang='lat' dir='ltr'>vestigium</span> <span class='ocrx_word' id='word_1_22' title='bbox 1276 303 1497 356; x_wconf 74' lang='lat' dir='ltr'>scripturae</span> <span class='ocrx_word' id='word_1_23' title='bbox 1518 305 1595 344; x_wconf 80' lang='lat' dir='ltr'>ali-</span> 
     </span>
     <span class='ocr_line' id='line_1_4' title="bbox 142 359 1594 424; baseline -0.001 -23"><span class='ocrx_word' id='word_1_24' title='bbox 142 362 253 413; x_wconf 81' lang='lat' dir='ltr'>quod</span> <span class='ocrx_word' id='word_1_25' title='bbox 270 361 400 400; x_wconf 81' lang='lat' dir='ltr'>videri</span> <span class='ocrx_word' id='word_1_26' title='bbox 426 366 560 424; x_wconf 81' lang='lat' dir='ltr'>potest</span> <span class='ocrx_word' id='word_1_27' title='bbox 587 361 785 412; x_wconf 79' lang='lat' dir='ltr'>praeferre</span> <span class='ocrx_word' id='word_1_28' title='bbox 806 359 890 398; x_wconf 81' lang='lat' dir='ltr'>vat.</span> <span class='ocrx_word' id='word_1_29' title='bbox 915 360 1068 407; x_wconf 82' lang='lat' dir='ltr'>codex,</span> <span class='ocrx_word' id='word_1_30' title='bbox 1099 361 1197 398; x_wconf 85' lang='lat' dir='ltr'>dum</span> <span class='ocrx_word' id='word_1_31' title='bbox 1218 360 1396 398; x_wconf 87' lang='lat' dir='ltr'>ultimam</span> <span class='ocrx_word' id='word_1_32' title='bbox 1429 361 1535 400; x_wconf 79' lang='lat' dir='ltr'>acuit</span> <span class='ocrx_word' id='word_1_33' title='bbox 1549 362 1594 400; x_wconf 89' lang='lat' dir='ltr'>in</span> 
     </span>
     <span class='ocr_line' id='line_1_5' title="bbox 144 414 1594 467; baseline 0 -11"><span class='ocrx_word' id='word_1_34' title='bbox 144 430 246 457; x_wconf 73' lang='lat' dir='ltr'>voco</span> <span class='ocrx_word' id='word_1_35' title='bbox 269 414 386 464; x_wconf 67' lang='grc' dir='ltr'><strong><em>νικά,</em></strong></span> <span class='ocrx_word' id='word_1_36' title='bbox 420 418 465 454; x_wconf 89' lang='lat' dir='ltr'>in</span> <span class='ocrx_word' id='word_1_37' title='bbox 487 416 577 454; x_wconf 87' lang='lat' dir='ltr'>sede</span> <span class='ocrx_word' id='word_1_38' title='bbox 606 423 814 464; x_wconf 85' lang='lat' dir='ltr'>accentus,</span> <span class='ocrx_word' id='word_1_39' title='bbox 844 429 925 454; x_wconf 89' lang='lat' dir='ltr'>non</span> <span class='ocrx_word' id='word_1_40' title='bbox 954 415 997 452; x_wconf 90' lang='lat' dir='ltr'>in</span> <span class='ocrx_word' id='word_1_41' title='bbox 1030 423 1198 454; x_wconf 90' lang='lat' dir='ltr'>accentu</span> <span class='ocrx_word' id='word_1_42' title='bbox 1228 429 1408 467; x_wconf 77' lang='lat' dir='ltr'>peccans.</span> <span class='ocrx_word' id='word_1_43' title='bbox 1466 417 1525 456; x_wconf 82' lang='lat' dir='ltr'>sic</span> <span class='ocrx_word' id='word_1_44' title='bbox 1544 418 1594 456; x_wconf 82' lang='lat' dir='ltr'>ad</span> 
     </span>
     <span class='ocr_line' id='line_1_6' title="bbox 145 470 1593 524; baseline -0.001 -12"><span class='ocrx_word' id='word_1_45' title='bbox 145 474 312 512; x_wconf 77' lang='lat' dir='ltr'>verbum</span> <span class='ocrx_word' id='word_1_46' title='bbox 326 473 426 511; x_wconf 77' lang='lat' dir='ltr'>haec</span> <span class='ocrx_word' id='word_1_47' title='bbox 443 478 607 511; x_wconf 86' lang='lat' dir='ltr'>sonant:</span> <span class='ocrx_word' id='word_1_48' title='bbox 636 475 751 510; x_wconf 83' lang='lat' dir='ltr'>vince</span> <span class='ocrx_word' id='word_1_49' title='bbox 761 470 1009 523; x_wconf 80' lang='lat' dir='ltr'>prudentia,</span> <span class='ocrx_word' id='word_1_50' title='bbox 1039 479 1085 508; x_wconf 83' lang='lat' dir='ltr'>ut</span> <span class='ocrx_word' id='word_1_51' title='bbox 1110 474 1326 510; x_wconf 72' lang='lat' dir='ltr'>necessitas</span> <span class='ocrx_word' id='word_1_52' title='bbox 1337 475 1482 523; x_wconf 78' lang='lat' dir='ltr'>gratia</span> <span class='ocrx_word' id='word_1_53' title='bbox 1495 473 1593 524; x_wconf 75' lang='lat' dir='ltr'>fiat.</span> 
     </span>
     <span class='ocr_line' id='line_1_7' title="bbox 143 529 1597 579; baseline 0 -11"><span class='ocrx_word' id='word_1_54' title='bbox 143 530 224 568; x_wconf 85' lang='lat' dir='ltr'>hoc</span> <span class='ocrx_word' id='word_1_55' title='bbox 246 535 331 569; x_wconf 82' lang='lat' dir='ltr'>est:</span> <span class='ocrx_word' id='word_1_56' title='bbox 358 542 450 567; x_wconf 85' lang='lat' dir='ltr'>cum</span> <span class='ocrx_word' id='word_1_57' title='bbox 478 529 530 566; x_wconf 85' lang='lat' dir='ltr'>sit</span> <span class='ocrx_word' id='word_1_58' title='bbox 554 542 710 567; x_wconf 85' lang='lat' dir='ltr'>necesse</span> <span class='ocrx_word' id='word_1_59' title='bbox 736 541 814 566; x_wconf 84' lang='lat' dir='ltr'>usu</span> <span class='ocrx_word' id='word_1_60' title='bbox 830 529 906 566; x_wconf 86' lang='lat' dir='ltr'>iam</span> <span class='ocrx_word' id='word_1_61' title='bbox 926 534 1086 579; x_wconf 86' lang='lat' dir='ltr'>recepto</span> <span class='ocrx_word' id='word_1_62' title='bbox 1106 529 1200 567; x_wconf 89' lang='lat' dir='ltr'>dare</span> <span class='ocrx_word' id='word_1_63' title='bbox 1225 529 1386 566; x_wconf 88' lang='lat' dir='ltr'>titulum</span> <span class='ocrx_word' id='word_1_64' title='bbox 1404 530 1538 568; x_wconf 71' lang='lat' dir='ltr'>fratris</span> <span class='ocrx_word' id='word_1_65' title='bbox 1554 530 1597 568; x_wconf 89' lang='lat' dir='ltr'>iu</span> 
     </span>
     <span class='ocr_line' id='line_1_8' title="bbox 145 583 1596 636; baseline 0 -12"><span class='ocrx_word' id='word_1_66' title='bbox 145 586 271 625; x_wconf 73' lang='lat' dir='ltr'>literis</span> <span class='ocrx_word' id='word_1_67' title='bbox 291 584 467 633; x_wconf 78' lang='lat' dir='ltr'>Sultani,</span> <span class='ocrx_word' id='word_1_68' title='bbox 514 597 565 636; x_wconf 83' lang='lat' dir='ltr'>ne</span> <span class='ocrx_word' id='word_1_69' title='bbox 604 585 761 623; x_wconf 89' lang='lat' dir='ltr'>dubites</span> <span class='ocrx_word' id='word_1_70' title='bbox 785 583 862 622; x_wconf 85' lang='lat' dir='ltr'>hoc</span> <span class='ocrx_word' id='word_1_71' title='bbox 895 583 1064 622; x_wconf 81' lang='lat' dir='ltr'>libenter</span> <span class='ocrx_word' id='word_1_72' title='bbox 1088 585 1239 633; x_wconf 78' lang='lat' dir='ltr'>facere,</span> <span class='ocrx_word' id='word_1_73' title='bbox 1281 585 1596 624; x_wconf 82' lang='lat' dir='ltr'>consideratione</span> 
     </span>
     <span class='ocr_line' id='line_1_9' title="bbox 144 641 576 694; baseline -0.007 -14"><span class='ocrx_word' id='word_1_74' title='bbox 144 641 379 694; x_wconf 80' lang='lat' dir='ltr'>scrupulum</span> <span class='ocrx_word' id='word_1_75' title='bbox 401 641 576 678; x_wconf 83' lang='lat' dir='ltr'>vincens.</span> 
     </span>
    </p>

    <p class='ocr_par' dir='ltr' id='par_1_3' title="bbox 143 695 1601 1702">
     <span class='ocr_line' id='line_1_10' title="bbox 256 695 1595 750; baseline 0.001 -16"><span class='ocrx_word' id='word_1_76' title='bbox 256 711 298 750; x_wconf 84' lang='lat' dir='ltr'>p.</span> <span class='ocrx_word' id='word_1_77' title='bbox 317 698 400 739; x_wconf 84' lang='lat'>250</span> <span class='ocrx_word' id='word_1_78' title='bbox 416 710 455 734; x_wconf 82' lang='lat' dir='ltr'>v.</span> <span class='ocrx_word' id='word_1_79' title='bbox 480 699 546 739; x_wconf 79' lang='lat'>20.</span> <span class='ocrx_word' id='word_1_80' title='bbox 604 709 708 747; x_wconf 77' lang='lat' dir='ltr'>quae</span> <span class='ocrx_word' id='word_1_81' title='bbox 728 708 818 733; x_wconf 84' lang='lat' dir='ltr'>cum</span> <span class='ocrx_word' id='word_1_82' title='bbox 843 697 903 733; x_wconf 80' lang='lat' dir='ltr'>ita</span> <span class='ocrx_word' id='word_1_83' title='bbox 921 697 1027 744; x_wconf 64' lang='lat' dir='ltr'>sint,</span> <span class='ocrx_word' id='word_1_84' title='bbox 1055 698 1143 734; x_wconf 76' lang='lat' dir='ltr'>acri</span> <span class='ocrx_word' id='word_1_85' title='bbox 1169 709 1272 747; x_wconf 77' lang='lat' dir='ltr'>opus</span> <span class='ocrx_word' id='word_1_86' title='bbox 1299 710 1377 734; x_wconf 79' lang='lat' dir='ltr'>esse</span> <span class='ocrx_word' id='word_1_87' title='bbox 1395 695 1595 735; x_wconf 79' lang='lat' dir='ltr'>delibera-</span> 
     </span>
     <span class='ocr_line' id='line_1_11' title="bbox 148 751 1597 804; baseline 0 -12"><span class='ocrx_word' id='word_1_88' title='bbox 148 755 258 791; x_wconf 72' lang='lat' dir='ltr'>tione</span> <span class='ocrx_word' id='word_1_89' title='bbox 274 759 348 792; x_wconf 84' lang='lat' dir='ltr'>etc.</span> <span class='ocrx_word' id='word_1_90' title='bbox 401 752 467 791; x_wconf 85' lang='lat' dir='ltr'>his</span> <span class='ocrx_word' id='word_1_91' title='bbox 484 752 617 791; x_wconf 83' lang='lat' dir='ltr'>verbis</span> <span class='ocrx_word' id='word_1_92' title='bbox 634 751 857 802; x_wconf 75' lang='lat' dir='ltr'>explicatur</span> <span class='ocrx_word' id='word_1_93' title='bbox 872 758 1004 789; x_wconf 87' lang='lat' dir='ltr'>aestus</span> <span class='ocrx_word' id='word_1_94' title='bbox 1026 752 1169 798; x_wconf 87' lang='lat' dir='ltr'>animi,</span> <span class='ocrx_word' id='word_1_95' title='bbox 1207 766 1286 803; x_wconf 91' lang='lat' dir='ltr'>quo</span> <span class='ocrx_word' id='word_1_96' title='bbox 1315 753 1537 804; x_wconf 82' lang='lat' dir='ltr'>patriarcha</span> <span class='ocrx_word' id='word_1_97' title='bbox 1557 762 1597 792; x_wconf 88' lang='lat' dir='ltr'>et</span> 
     </span>
     <span class='ocr_line' id='line_1_12' title="bbox 143 807 1596 861; baseline -0.001 -13"><span class='ocrx_word' id='word_1_98' title='bbox 143 811 363 861; x_wconf 79' lang='lat' dir='ltr'>imperator</span> <span class='ocrx_word' id='word_1_99' title='bbox 380 822 430 846; x_wconf 88' lang='lat' dir='ltr'>ex</span> <span class='ocrx_word' id='word_1_100' title='bbox 446 808 613 860; x_wconf 83' lang='lat' dir='ltr'>repertis</span> <span class='ocrx_word' id='word_1_101' title='bbox 633 807 835 846; x_wconf 80' lang='lat' dir='ltr'>Athanasii</span> <span class='ocrx_word' id='word_1_102' title='bbox 851 808 1010 859; x_wconf 86' lang='lat' dir='ltr'>scriptis</span> <span class='ocrx_word' id='word_1_103' title='bbox 1030 808 1137 846; x_wconf 83' lang='lat' dir='ltr'>diras</span> <span class='ocrx_word' id='word_1_104' title='bbox 1153 808 1438 847; x_wconf 77' lang='lat' dir='ltr'>intentantibus</span> <span class='ocrx_word' id='word_1_105' title='bbox 1453 810 1596 848; x_wconf 82' lang='lat' dir='ltr'>turba-</span> 
     </span>
     <span class='ocr_line' id='line_1_13' title="bbox 144 863 1597 916; baseline 0.001 -14"><span class='ocrx_word' id='word_1_106' title='bbox 144 865 312 914; x_wconf 82' lang='lat' dir='ltr'>bantur,</span> <span class='ocrx_word' id='word_1_107' title='bbox 344 878 448 902; x_wconf 85' lang='lat' dir='ltr'>vauo</span> <span class='ocrx_word' id='word_1_108' title='bbox 465 865 623 916; x_wconf 86' lang='lat' dir='ltr'>quidem</span> <span class='ocrx_word' id='word_1_109' title='bbox 646 870 766 902; x_wconf 87' lang='lat' dir='ltr'>metu.</span> <span class='ocrx_word' id='word_1_110' title='bbox 823 877 916 902; x_wconf 87' lang='lat' dir='ltr'>nam</span> <span class='ocrx_word' id='word_1_111' title='bbox 934 863 1031 915; x_wconf 79' lang='lat' dir='ltr'>quid</span> <span class='ocrx_word' id='word_1_112' title='bbox 1053 878 1102 902; x_wconf 80' lang='lat' dir='ltr'>ex</span> <span class='ocrx_word' id='word_1_113' title='bbox 1119 865 1330 916; x_wconf 86' lang='lat' dir='ltr'>impotenti</span> <span class='ocrx_word' id='word_1_114' title='bbox 1350 866 1499 916; x_wconf 85' lang='lat' dir='ltr'>privati</span> <span class='ocrx_word' id='word_1_115' title='bbox 1518 867 1597 904; x_wconf 88' lang='lat' dir='ltr'>iam</span> 
     </span>
     <span class='ocr_line' id='line_1_14' title="bbox 144 919 1598 962; baseline 0.001 -2"><span class='ocrx_word' id='word_1_116' title='bbox 144 921 318 960; x_wconf 83' lang='lat' dir='ltr'>hominis</span> <span class='ocrx_word' id='word_1_117' title='bbox 339 921 543 959; x_wconf 80' lang='lat' dir='ltr'>iracundia</span> <span class='ocrx_word' id='word_1_118' title='bbox 563 919 711 958; x_wconf 87' lang='lat' dir='ltr'>chartis</span> <span class='ocrx_word' id='word_1_119' title='bbox 728 920 975 958; x_wconf 82' lang='lat' dir='ltr'>clanculariis</span> <span class='ocrx_word' id='word_1_120' title='bbox 994 920 1132 958; x_wconf 87' lang='lat' dir='ltr'>timide</span> <span class='ocrx_word' id='word_1_121' title='bbox 1143 921 1269 959; x_wconf 88' lang='lat' dir='ltr'>indita</span> <span class='ocrx_word' id='word_1_122' title='bbox 1287 922 1490 961; x_wconf 83' lang='lat' dir='ltr'>formidari</span> <span class='ocrx_word' id='word_1_123' title='bbox 1510 923 1598 962; x_wconf 87' lang='lat' dir='ltr'>iure</span> 
     </span>
     <span class='ocr_line' id='line_1_15' title="bbox 147 975 1598 1030; baseline 0.001 -14"><span class='ocrx_word' id='word_1_124' title='bbox 147 977 334 1030; x_wconf 73' lang='lat' dir='ltr'>potent?</span> <span class='ocrx_word' id='word_1_125' title='bbox 366 983 497 1015; x_wconf 85' lang='lat' dir='ltr'>tamen</span> <span class='ocrx_word' id='word_1_126' title='bbox 526 977 595 1015; x_wconf 87' lang='lat' dir='ltr'>isti</span> <span class='ocrx_word' id='word_1_127' title='bbox 618 975 879 1025; x_wconf 72' lang='lat' dir='ltr'>schismatici,</span> <span class='ocrx_word' id='word_1_128' title='bbox 915 978 984 1028; x_wconf 89' lang='lat' dir='ltr'>qui</span> <span class='ocrx_word' id='word_1_129' title='bbox 1009 976 1203 1015; x_wconf 84' lang='lat' dir='ltr'>dirissima</span> <span class='ocrx_word' id='word_1_130' title='bbox 1233 978 1410 1016; x_wconf 85' lang='lat' dir='ltr'>omnium</span> <span class='ocrx_word' id='word_1_131' title='bbox 1439 979 1598 1017; x_wconf 84' lang='lat' dir='ltr'>anathe-</span> 
     </span>
     <span class='ocr_line' id='line_1_16' title="bbox 147 1032 1598 1083; baseline 0.001 -11"><span class='ocrx_word' id='word_1_132' title='bbox 147 1040 254 1072; x_wconf 73' lang='lat' dir='ltr'>muta</span> <span class='ocrx_word' id='word_1_133' title='bbox 274 1034 390 1072; x_wconf 63' lang='lat' dir='ltr'>ultro⁴</span> <span class='ocrx_word' id='word_1_134' title='bbox 409 1045 604 1071; x_wconf 67' lang='lat' dir='ltr'>arcessere</span> <span class='ocrx_word' id='word_1_135' title='bbox 626 1032 669 1070; x_wconf 92' lang='lat' dir='ltr'>in</span> <span class='ocrx_word' id='word_1_136' title='bbox 700 1045 771 1070; x_wconf 86' lang='lat' dir='ltr'>sua</span> <span class='ocrx_word' id='word_1_137' title='bbox 791 1033 968 1083; x_wconf 86' lang='lat' dir='ltr'>ipsorum</span> <span class='ocrx_word' id='word_1_138' title='bbox 993 1033 1123 1083; x_wconf 87' lang='lat' dir='ltr'>capita</span> <span class='ocrx_word' id='word_1_139' title='bbox 1145 1047 1226 1072; x_wconf 91' lang='lat' dir='ltr'>non</span> <span class='ocrx_word' id='word_1_140' title='bbox 1249 1034 1483 1073; x_wconf 84' lang='lat' dir='ltr'>dubitabant</span> <span class='ocrx_word' id='word_1_141' title='bbox 1502 1036 1598 1073; x_wconf 88' lang='lat' dir='ltr'>obe-</span> 
     </span>
     <span class='ocr_line' id='line_1_17' title="bbox 146 1088 1595 1142; baseline 0 -14"><span class='ocrx_word' id='word_1_142' title='bbox 146 1089 296 1128; x_wconf 80' lang='lat' dir='ltr'>dientia</span> <span class='ocrx_word' id='word_1_143' title='bbox 313 1088 461 1128; x_wconf 82' lang='lat' dir='ltr'>Christi</span> <span class='ocrx_word' id='word_1_144' title='bbox 483 1089 635 1127; x_wconf 85' lang='lat' dir='ltr'>vicario</span> <span class='ocrx_word' id='word_1_145' title='bbox 657 1090 832 1139; x_wconf 86' lang='lat' dir='ltr'>neganda</span> <span class='ocrx_word' id='word_1_146' title='bbox 855 1095 894 1126; x_wconf 85' lang='lat' dir='ltr'>et</span> <span class='ocrx_word' id='word_1_147' title='bbox 922 1089 1175 1127; x_wconf 85' lang='lat' dir='ltr'>dilaceranda</span> <span class='ocrx_word' id='word_1_148' title='bbox 1198 1090 1387 1137; x_wconf 85' lang='lat' dir='ltr'>ecclesia,</span> <span class='ocrx_word' id='word_1_149' title='bbox 1420 1092 1595 1142; x_wconf 84' lang='lat' dir='ltr'>religiosi</span> 
     </span>
     <span class='ocr_line' id='line_1_18' title="bbox 147 1145 1596 1198; baseline 0 -13"><span class='ocrx_word' id='word_1_150' title='bbox 147 1145 352 1198; x_wconf 70' lang='lat' dir='ltr'>usquead</span> <span class='ocrx_word' id='word_1_151' title='bbox 375 1145 699 1197; x_wconf 81' lang='lat' dir='ltr'>superstitionem</span> <span class='ocrx_word' id='word_1_152' title='bbox 726 1158 918 1196; x_wconf 87' lang='lat' dir='ltr'>apparere</span> <span class='ocrx_word' id='word_1_153' title='bbox 951 1145 1210 1193; x_wconf 85' lang='lat' dir='ltr'>affectabant,</span> <span class='ocrx_word' id='word_1_154' title='bbox 1254 1146 1339 1184; x_wconf 87' lang='lat' dir='ltr'>illic</span> <span class='ocrx_word' id='word_1_155' title='bbox 1356 1148 1596 1198; x_wconf 83' lang='lat' dir='ltr'>trepidantes</span> 
     </span>
     <span class='ocr_line' id='line_1_19' title="bbox 146 1201 1597 1254; baseline 0.001 -14"><span class='ocrx_word' id='word_1_156' title='bbox 146 1202 293 1243; x_wconf 78' lang='lat' dir='ltr'>timore</span> <span class='ocrx_word' id='word_1_157' title='bbox 310 1201 383 1240; x_wconf 83' lang='lat' dir='ltr'>ubi</span> <span class='ocrx_word' id='word_1_158' title='bbox 398 1215 481 1240; x_wconf 85' lang='lat' dir='ltr'>non</span> <span class='ocrx_word' id='word_1_159' title='bbox 500 1206 585 1239; x_wconf 87' lang='lat' dir='ltr'>erat</span> <span class='ocrx_word' id='word_1_160' title='bbox 605 1201 736 1249; x_wconf 87' lang='lat' dir='ltr'>timor,</span> <span class='ocrx_word' id='word_1_161' title='bbox 764 1207 810 1238; x_wconf 90' lang='lat' dir='ltr'>ut</span> <span class='ocrx_word' id='word_1_162' title='bbox 827 1201 979 1239; x_wconf 66' lang='lat' dir='ltr'>dieitur</span> <span class='ocrx_word' id='word_1_163' title='bbox 997 1202 1092 1239; x_wconf 83' lang='lat' dir='ltr'>Psal.</span> <span class='ocrx_word' id='word_1_164' title='bbox 1114 1205 1181 1243; x_wconf 85' lang='lat'>13.</span> <span class='ocrx_word' id='word_1_165' title='bbox 1227 1202 1268 1240; x_wconf 91' lang='lat' dir='ltr'>id</span> <span class='ocrx_word' id='word_1_166' title='bbox 1289 1203 1398 1254; x_wconf 88' lang='lat' dir='ltr'>quod</span> <span class='ocrx_word' id='word_1_167' title='bbox 1415 1203 1495 1242; x_wconf 84' lang='lat' dir='ltr'>illis</span> <span class='ocrx_word' id='word_1_168' title='bbox 1514 1218 1597 1241; x_wconf 86' lang='lat' dir='ltr'>me-</span> 
     </span>
     <span class='ocr_line' id='line_1_20' title="bbox 144 1256 1598 1310; baseline 0.001 -14"><span class='ocrx_word' id='word_1_169' title='bbox 144 1258 226 1297; x_wconf 83' lang='lat' dir='ltr'>rito</span> <span class='ocrx_word' id='word_1_170' title='bbox 242 1257 459 1310; x_wconf 76' lang='lat' dir='ltr'>exprobrat</span> <span class='ocrx_word' id='word_1_171' title='bbox 481 1257 643 1308; x_wconf 85' lang='lat' dir='ltr'>quidam</span> <span class='ocrx_word' id='word_1_172' title='bbox 665 1256 842 1308; x_wconf 87' lang='lat' dir='ltr'>prudens</span> <span class='ocrx_word' id='word_1_173' title='bbox 869 1257 999 1295; x_wconf 84' lang='lat' dir='ltr'>verbis</span> <span class='ocrx_word' id='word_1_174' title='bbox 1020 1257 1129 1296; x_wconf 86' lang='lat' dir='ltr'>hisce</span> <span class='ocrx_word' id='word_1_175' title='bbox 1146 1258 1197 1296; x_wconf 92' lang='lat' dir='ltr'>ad</span> <span class='ocrx_word' id='word_1_176' title='bbox 1226 1272 1335 1296; x_wconf 89' lang='lat' dir='ltr'>oram</span> <span class='ocrx_word' id='word_1_177' title='bbox 1357 1260 1504 1298; x_wconf 82' lang='lat' dir='ltr'>codicis</span> <span class='ocrx_word' id='word_1_178' title='bbox 1526 1261 1559 1298; x_wconf 89' lang='lat' dir='ltr'>B</span> <span class='ocrx_word' id='word_1_179' title='bbox 1576 1273 1598 1297; x_wconf 91' lang='lat' dir='ltr'>e</span> 
     </span>
     <span class='ocr_line' id='line_1_21' title="bbox 146 1309 1598 1382; baseline 0.002 -30"><span class='ocrx_word' id='word_1_180' title='bbox 146 1314 304 1364; x_wconf 81' lang='lat' dir='ltr'>regions</span> <span class='ocrx_word' id='word_1_181' title='bbox 321 1313 401 1352; x_wconf 90' lang='lat' dir='ltr'>loci</span> <span class='ocrx_word' id='word_1_182' title='bbox 425 1313 546 1352; x_wconf 85' lang='lat' dir='ltr'>huius</span> <span class='ocrx_word' id='word_1_183' title='bbox 562 1313 793 1364; x_wconf 87' lang='lat' dir='ltr'>adscriptis:</span> <span class='ocrx_word' id='word_1_184' title='bbox 822 1312 851 1364; x_wconf 75' lang='grc' dir='ltr'><em>ἦ</em></span> <span class='ocrx_word' id='word_1_185' title='bbox 872 1309 1109 1354; x_wconf 69' lang='grc' dir='ltr'><em>ἀπαιδευσία</em></span> <span class='ocrx_word' id='word_1_186' title='bbox 1124 1329 1192 1354; x_wconf 83' lang='grc' dir='ltr'>και</span> <span class='ocrx_word' id='word_1_187' title='bbox 1212 1313 1243 1366; x_wconf 76' lang='grc' dir='ltr'><em>ἦ</em></span> <span class='ocrx_word' id='word_1_188' title='bbox 1266 1311 1446 1365; x_wconf 77' lang='grc' dir='ltr'><strong><em>αμάθεια</em></strong></span> <span class='ocrx_word' id='word_1_189' title='bbox 1460 1332 1509 1355; x_wconf 82' lang='grc' dir='ltr'>τα</span> <span class='ocrx_word' id='word_1_190' title='bbox 1505 1319 1598 1382; x_wconf 79' lang='grc' dir='ltr'>μη-</span> 
     </span>
     <span class='ocr_line' id='line_1_22' title="bbox 145 1365 1599 1426; baseline 0.001 -16"><span class='ocrx_word' id='word_1_191' title='bbox 145 1371 258 1426; x_wconf 69' lang='grc' dir='ltr'>δαμῇ</span> <span class='ocrx_word' id='word_1_192' title='bbox 274 1370 466 1422; x_wconf 68' lang='grc' dir='ltr'><strong><em>μηδαμῶς</em></strong></span> <span class='ocrx_word' id='word_1_193' title='bbox 483 1366 638 1421; x_wconf 83' lang='grc' dir='ltr'><strong><em>φοβερα</em></strong></span> <span class='ocrx_word' id='word_1_194' title='bbox 654 1370 850 1420; x_wconf 78' lang='grc' dir='ltr'><strong><em>φοβεῖται,</em></strong></span> <span class='ocrx_word' id='word_1_195' title='bbox 878 1366 927 1408; x_wconf 71' lang='grc' dir='ltr'>τοὶ</span> <span class='ocrx_word' id='word_1_196' title='bbox 944 1366 984 1409; x_wconf 78' lang='grc' dir='ltr'>δ’</span> <span class='ocrx_word' id='word_1_197' title='bbox 1007 1365 1172 1421; x_wconf 64' lang='grc' dir='ltr'><strong><em>ἀληθῶς</em></strong></span> <span class='ocrx_word' id='word_1_198' title='bbox 1188 1367 1445 1425; x_wconf 79' lang='grc' dir='ltr'><strong><em>φοβερωτερα</em></strong></span> <span class='ocrx_word' id='word_1_199' title='bbox 1465 1387 1515 1413; x_wconf 83' lang='lat' dir='ltr'>ov</span> <span class='ocrx_word' id='word_1_200' title='bbox 1539 1370 1599 1412; x_wconf 83' lang='grc' dir='ltr'>δέ-</span> 
     </span>
     <span class='ocr_line' id='line_1_23' title="bbox 147 1426 1599 1478; baseline -0.001 -10"><span class='ocrx_word' id='word_1_201' title='bbox 147 1427 294 1469; x_wconf 74' lang='grc' dir='ltr'><strong><em>δοικεν.</em></strong></span> <span class='ocrx_word' id='word_1_202' title='bbox 349 1427 499 1464; x_wconf 76' lang='lat' dir='ltr'>inscita</span> <span class='ocrx_word' id='word_1_203' title='bbox 514 1426 751 1476; x_wconf 66' lang='lat' dir='ltr'>insuhaque</span> <span class='ocrx_word' id='word_1_204' title='bbox 768 1426 948 1463; x_wconf 75' lang='lat' dir='ltr'>stultitia</span> <span class='ocrx_word' id='word_1_205' title='bbox 958 1455 971 1475; x_wconf 90' lang='lat'>,</span> <span class='ocrx_word' id='word_1_206' title='bbox 1001 1439 1106 1477; x_wconf 78' lang='lat' dir='ltr'>quae</span> <span class='ocrx_word' id='word_1_207' title='bbox 1121 1427 1238 1464; x_wconf 78' lang='lat' dir='ltr'>nulla</span> <span class='ocrx_word' id='word_1_208' title='bbox 1249 1441 1426 1478; x_wconf 72' lang='lat' dir='ltr'>prorsus</span> <span class='ocrx_word' id='word_1_209' title='bbox 1441 1430 1599 1466; x_wconf 71' lang='lat' dir='ltr'>ratione</span> 
     </span>
     <span class='ocr_line' id='line_1_24' title="bbox 146 1480 1598 1534; baseline 0.001 -14"><span class='ocrx_word' id='word_1_210' title='bbox 146 1480 359 1520; x_wconf 77' lang='lat' dir='ltr'>metuenda</span> <span class='ocrx_word' id='word_1_211' title='bbox 375 1489 491 1530; x_wconf 75' lang='lat' dir='ltr'>sunt,</span> <span class='ocrx_word' id='word_1_212' title='bbox 520 1483 684 1528; x_wconf 77' lang='lat' dir='ltr'>metuit5</span> <span class='ocrx_word' id='word_1_213' title='bbox 714 1495 817 1533; x_wconf 84' lang='lat' dir='ltr'>quae</span> <span class='ocrx_word' id='word_1_214' title='bbox 835 1489 970 1519; x_wconf 78' lang='lat' dir='ltr'>autem</span> <span class='ocrx_word' id='word_1_215' title='bbox 987 1483 1103 1534; x_wconf 81' lang='lat' dir='ltr'>longe</span> <span class='ocrx_word' id='word_1_216' title='bbox 1104 1482 1500 1533; x_wconf 68' lang='lat' dir='ltr'>firmadolosssszma</span> <span class='ocrx_word' id='word_1_217' title='bbox 1520 1498 1598 1521; x_wconf 75' lang='lat' dir='ltr'>me-</span> 
     </span>
     <span class='ocr_line' id='line_1_25' title="bbox 149 1539 1601 1591; baseline 0.002 -16"><span class='ocrx_word' id='word_1_218' title='bbox 149 1540 229 1576; x_wconf 71' lang='lat' dir='ltr'>rito</span> <span class='ocrx_word' id='word_1_219' title='bbox 247 1545 502 1588; x_wconf 69' lang='lat' dir='ltr'>aem-eantur,</span> <span class='ocrx_word' id='word_1_220' title='bbox 529 1551 668 1575; x_wconf 82' lang='lat' dir='ltr'>securo</span> <span class='ocrx_word' id='word_1_221' title='bbox 689 1545 914 1589; x_wconf 82' lang='lat' dir='ltr'>contemptu</span> <span class='ocrx_word' id='word_1_222' title='bbox 929 1539 1114 1590; x_wconf 73' lang='lat' dir='ltr'>negligit.</span> <span class='ocrx_word' id='word_1_223' title='bbox 1170 1539 1309 1590; x_wconf 87' lang='lat' dir='ltr'>quibus</span> <span class='ocrx_word' id='word_1_224' title='bbox 1338 1540 1474 1591; x_wconf 86' lang='lat' dir='ltr'>utique</span> <span class='ocrx_word' id='word_1_225' title='bbox 1497 1540 1601 1578; x_wconf 83' lang='lat' dir='ltr'>illud</span> 
     </span>
     <span class='ocr_line' id='line_1_26' title="bbox 150 1593 1599 1646; baseline 0.001 -14"><span class='ocrx_word' id='word_1_226' title='bbox 150 1593 293 1634; x_wconf 75' lang='lat' dir='ltr'>ctu-isti</span> <span class='ocrx_word' id='word_1_227' title='bbox 316 1593 458 1633; x_wconf 84' lang='lat' dir='ltr'>Matth.</span> <span class='ocrx_word' id='word_1_228' title='bbox 483 1597 537 1637; x_wconf 80' lang='lat'>23</span> <span class='ocrx_word' id='word_1_229' title='bbox 558 1594 614 1635; x_wconf 83' lang='lat'>24</span> <span class='ocrx_word' id='word_1_230' title='bbox 644 1594 847 1632; x_wconf 81' lang='lat' dir='ltr'>convenit:</span> <span class='ocrx_word' id='word_1_231' title='bbox 878 1593 996 1632; x_wconf 74' lang='lat' dir='ltr'>duces</span> <span class='ocrx_word' id='word_1_232' title='bbox 1019 1598 1140 1646; x_wconf 72' lang='lat' dir='ltr'>coeci,</span> <span class='ocrx_word' id='word_1_233' title='bbox 1171 1596 1391 1633; x_wconf 68' lang='lat' dir='ltr'>excolantes</span> <span class='ocrx_word' id='word_1_234' title='bbox 1418 1597 1599 1644; x_wconf 73' lang='lat' dir='ltr'>culicem,</span> 
     </span>
     <span class='ocr_line' id='line_1_27' title="bbox 147 1651 749 1702; baseline -0.003 -12"><span class='ocrx_word' id='word_1_235' title='bbox 147 1651 345 1691; x_wconf 77' lang='lat' dir='ltr'>carnelum</span> <span class='ocrx_word' id='word_1_236' title='bbox 364 1658 499 1688; x_wconf 77' lang='lat' dir='ltr'>autem</span> <span class='ocrx_word' id='word_1_237' title='bbox 518 1651 749 1702; x_wconf 74' lang='lat' dir='ltr'>glutientes.</span> 
     </span>
    </p>

    <p class='ocr_par' dir='ltr' id='par_1_4' title="bbox 147 1705 1737 1914">
     <span class='ocr_line' id='line_1_28' title="bbox 259 1705 1595 1759; baseline 0 -14"><span class='ocrx_word' id='word_1_238' title='bbox 259 1720 298 1759; x_wconf 86' lang='lat' dir='ltr'>p.</span> <span class='ocrx_word' id='word_1_239' title='bbox 317 1707 454 1750; x_wconf 74' lang='lat' dir='ltr'><strong>251V.</strong></span> <span class='ocrx_word' id='word_1_240' title='bbox 478 1710 513 1748; x_wconf 89' lang='lat'>1.</span> <span class='ocrx_word' id='word_1_241' title='bbox 570 1705 823 1757; x_wconf 68' lang='lat' dir='ltr'>disquirebat</span> <span class='ocrx_word' id='word_1_242' title='bbox 849 1707 971 1743; x_wconf 72' lang='lat' dir='ltr'>anxio</span> <span class='ocrx_word' id='word_1_243' title='bbox 1003 1708 1227 1758; x_wconf 81' lang='lat' dir='ltr'>incertoque</span> <span class='ocrx_word' id='word_1_244' title='bbox 1254 1707 1416 1744; x_wconf 70' lang='lat' dir='ltr'>consilii</span> <span class='ocrx_word' id='word_1_245' title='bbox 1446 1709 1595 1746; x_wconf 79' lang='lat' dir='ltr'>animo,</span> 
     </span>
     <span class='ocr_line' id='line_1_29' title="bbox 149 1759 1737 1813; baseline -0.001 -11"><span class='ocrx_word' id='word_1_246' title='bbox 149 1763 201 1802; x_wconf 79' lang='lat' dir='ltr'>sd</span> <span class='ocrx_word' id='word_1_247' title='bbox 214 1762 315 1801; x_wconf 79' lang='lat' dir='ltr'>haec</span> <span class='ocrx_word' id='word_1_248' title='bbox 329 1763 396 1801; x_wconf 87' lang='lat' dir='ltr'>ille</span> <span class='ocrx_word' id='word_1_249' title='bbox 413 1763 516 1801; x_wconf 88' lang='lat' dir='ltr'>idem</span> <span class='ocrx_word' id='word_1_250' title='bbox 534 1775 675 1801; x_wconf 89' lang='lat' dir='ltr'>censor</span> <span class='ocrx_word' id='word_1_251' title='bbox 692 1763 916 1813; x_wconf 84' lang='lat' dir='ltr'>marginalis</span> <span class='ocrx_word' id='word_1_252' title='bbox 934 1762 1031 1800; x_wconf 87' lang='lat' dir='ltr'>haec</span> <span class='ocrx_word' id='word_1_253' title='bbox 1043 1769 1226 1800; x_wconf 84' lang='lat' dir='ltr'>annotat:</span> <span class='ocrx_word' id='word_1_254' title='bbox 1257 1759 1328 1813; x_wconf 71' lang='grc' dir='ltr'>οὐχ</span> <span class='ocrx_word' id='word_1_255' title='bbox 1344 1759 1469 1809; x_wconf 67' lang='grc' dir='ltr'><strong><em>οὕτως</em></strong></span> <span class='ocrx_word' id='word_1_256' title='bbox 1488 1759 1597 1803; x_wconf 83' lang='grc' dir='ltr'>Ἀλέ-</span> <span class='ocrx_word' id='word_1_257' title='bbox 1619 1767 1647 1801; x_wconf 85' lang='grc' dir='ltr'><strong><em>Ρ</em></strong></span> <span class='ocrx_word' id='word_1_258' title='bbox 1670 1771 1737 1806; x_wconf 79' lang='lat'>540</span> 
     </span>
     <span class='ocr_line' id='line_1_30' title="bbox 149 1814 1595 1870; baseline -0.002 -12"><span class='ocrx_word' id='word_1_259' title='bbox 149 1819 340 1869; x_wconf 75' lang='grc' dir='ltr'><strong><em>ξανὸρος,</em></strong></span> <span class='ocrx_word' id='word_1_260' title='bbox 390 1814 488 1858; x_wconf 77' lang='grc' dir='ltr'><strong><em>ἆλλὰ</em></strong></span> <span class='ocrx_word' id='word_1_261' title='bbox 519 1816 586 1858; x_wconf 77' lang='grc' dir='ltr'><strong><em>τὸν</em></strong></span> <span class='ocrx_word' id='word_1_262' title='bbox 623 1820 795 1870; x_wconf 84' lang='grc' dir='ltr'><strong><em>Γορδίου</em></strong></span> <span class='ocrx_word' id='word_1_263' title='bbox 834 1816 978 1869; x_wconf 74' lang='grc' dir='ltr'><strong><em>δεσμόν</em></strong></span> <span class='ocrx_word' id='word_1_264' title='bbox 1020 1818 1173 1858; x_wconf 77' lang='grc' dir='ltr'><strong><em>πελέκει</em></strong></span> <span class='ocrx_word' id='word_1_265' title='bbox 1214 1818 1360 1858; x_wconf 77' lang='grc' dir='ltr'><strong><em>ἔλυσεν.</em></strong></span> <span class='ocrx_word' id='word_1_266' title='bbox 1424 1831 1504 1855; x_wconf 82' lang='lat' dir='ltr'>non</span> <span class='ocrx_word' id='word_1_267' title='bbox 1535 1821 1595 1855; x_wconf 71' lang='lat' dir='ltr'>sic</span> 
     </span>
     <span class='ocr_line' id='line_1_31' title="bbox 147 1873 1132 1922; baseline -0.003 -8"><span class='ocrx_word' id='word_1_268' title='bbox 147 1873 398 1922; x_wconf 58' lang='lat' dir='ltr'>Alexander,</span> <span class='ocrx_word' id='word_1_269' title='bbox 422 1874 495 1911; x_wconf 73' lang='lat' dir='ltr'>sed</span> <span class='ocrx_word' id='word_1_270' title='bbox 513 1873 660 1911; x_wconf 66' lang='lat' dir='ltr'>Gordia·</span> <span class='ocrx_word' id='word_1_271' title='bbox 676 1873 828 1912; x_wconf 83' lang='lat' dir='ltr'>nodum</span> <span class='ocrx_word' id='word_1_272' title='bbox 849 1876 981 1911; x_wconf 76' lang='lat' dir='ltr'>securi</span> <span class='ocrx_word' id='word_1_273' title='bbox 997 1875 1132 1911; x_wconf 71' lang='lat' dir='ltr'>solvit.</span> 
     </span>
    </p>

    <p class='ocr_par' dir='ltr' id='par_1_5' title="bbox 147 1929 1595 2764">
     <span class='ocr_line' id='line_1_32' title="bbox 261 1929 1594 1981; baseline -0.002 -11"><span class='ocrx_word' id='word_1_274' title='bbox 261 1943 301 1981; x_wconf 89' lang='lat' dir='ltr'>p.</span> <span class='ocrx_word' id='word_1_275' title='bbox 316 1931 399 1970; x_wconf 81' lang='lat'>266</span> <span class='ocrx_word' id='word_1_276' title='bbox 417 1941 455 1968; x_wconf 80' lang='lat' dir='ltr'>v.</span> <span class='ocrx_word' id='word_1_277' title='bbox 473 1929 515 1969; x_wconf 79' lang='grc'>4</span> <span class='ocrx_word' id='word_1_278' title='bbox 572 1943 671 1978; x_wconf 87' lang='lat' dir='ltr'>quac</span> <span class='ocrx_word' id='word_1_279' title='bbox 690 1936 908 1979; x_wconf 86' lang='lat' dir='ltr'>sequuntur</span> <span class='ocrx_word' id='word_1_280' title='bbox 932 1930 975 1966; x_wconf 89' lang='lat' dir='ltr'>in</span> <span class='ocrx_word' id='word_1_281' title='bbox 1006 1935 1197 1967; x_wconf 81' lang='lat' dir='ltr'>contextu</span> <span class='ocrx_word' id='word_1_282' title='bbox 1218 1929 1367 1966; x_wconf 83' lang='lat' dir='ltr'>Graeco</span> <span class='ocrx_word' id='word_1_283' title='bbox 1386 1936 1479 1980; x_wconf 88' lang='lat' dir='ltr'>post</span> <span class='ocrx_word' id='word_1_284' title='bbox 1496 1929 1594 1968; x_wconf 85' lang='lat' dir='ltr'>haec</span> 
     </span>
     <span class='ocr_line' id='line_1_33' title="bbox 147 1980 1594 2035; baseline -0.001 -10"><span class='ocrx_word' id='word_1_285' title='bbox 147 1985 287 2025; x_wconf 78' lang='lat' dir='ltr'>verba·</span> <span class='ocrx_word' id='word_1_286' title='bbox 317 1980 408 2024; x_wconf 66' lang='grc' dir='ltr'><strong><em>ἀλλ’</em></strong></span> <span class='ocrx_word' id='word_1_287' title='bbox 428 1981 533 2024; x_wconf 71' lang='grc' dir='ltr'><strong><em>οὕτω</em></strong></span> <span class='ocrx_word' id='word_1_288' title='bbox 551 1982 623 2034; x_wconf 79' lang='grc' dir='ltr'><strong><em>μὲν</em></strong></span> <span class='ocrx_word' id='word_1_289' title='bbox 640 1981 1019 2035; x_wconf 82' lang='grc' dir='ltr'><strong><em>Ὀσφεντίσθλαβος,</em></strong></span> <span class='ocrx_word' id='word_1_290' title='bbox 1049 1985 1105 2022; x_wconf 82' lang='lat' dir='ltr'>sic</span> <span class='ocrx_word' id='word_1_291' title='bbox 1125 1985 1240 2035; x_wconf 87' lang='lat' dir='ltr'>plane</span> <span class='ocrx_word' id='word_1_292' title='bbox 1259 1990 1304 2021; x_wconf 90' lang='lat' dir='ltr'>ut</span> <span class='ocrx_word' id='word_1_293' title='bbox 1325 1983 1392 2021; x_wconf 89' lang='lat' dir='ltr'>hic</span> <span class='ocrx_word' id='word_1_294' title='bbox 1409 1985 1594 2035; x_wconf 83' lang='lat' dir='ltr'>leguntur</span> 
     </span>
     <span class='ocr_line' id='line_1_34' title="bbox 149 2040 1593 2091; baseline 0.001 -12"><span class='ocrx_word' id='word_1_295' title='bbox 149 2042 195 2080; x_wconf 86' lang='lat' dir='ltr'>in</span> <span class='ocrx_word' id='word_1_296' title='bbox 210 2047 383 2090; x_wconf 84' lang='lat' dir='ltr'>utroque</span> <span class='ocrx_word' id='word_1_297' title='bbox 410 2041 560 2091; x_wconf 86' lang='lat' dir='ltr'>optimo</span> <span class='ocrx_word' id='word_1_298' title='bbox 577 2040 664 2078; x_wconf 89' lang='lat' dir='ltr'>cod.</span> <span class='ocrx_word' id='word_1_299' title='bbox 690 2053 895 2090; x_wconf 76' lang='lat' dir='ltr'>expressa,</span> <span class='ocrx_word' id='word_1_300' title='bbox 927 2040 1191 2077; x_wconf 78' lang='lat' dir='ltr'>inextricabili</span> <span class='ocrx_word' id='word_1_301' title='bbox 1210 2040 1470 2091; x_wconf 83' lang='lat' dir='ltr'>perplexitate</span> <span class='ocrx_word' id='word_1_302' title='bbox 1486 2055 1593 2080; x_wconf 77' lang='lat' dir='ltr'>cou-</span> 
     </span>
     <span class='ocr_line' id='line_1_35' title="bbox 149 2096 1594 2150; baseline 0 -14"><span class='ocrx_word' id='word_1_303' title='bbox 149 2099 237 2136; x_wconf 76' lang='lat' dir='ltr'>fusa</span> <span class='ocrx_word' id='word_1_304' title='bbox 258 2102 362 2134; x_wconf 86' lang='lat' dir='ltr'>sunt.</span> <span class='ocrx_word' id='word_1_305' title='bbox 418 2109 510 2133; x_wconf 85' lang='lat' dir='ltr'>nam</span> <span class='ocrx_word' id='word_1_306' title='bbox 537 2102 670 2132; x_wconf 86' lang='lat' dir='ltr'>noster</span> <span class='ocrx_word' id='word_1_307' title='bbox 698 2103 838 2133; x_wconf 78' lang='lat' dir='ltr'>natuia</span> <span class='ocrx_word' id='word_1_308' title='bbox 860 2096 1113 2141; x_wconf 81' lang='lat' dir='ltr'>tenebrosus,</span> <span class='ocrx_word' id='word_1_309' title='bbox 1143 2096 1295 2146; x_wconf 86' lang='lat' dir='ltr'>quoties</span> <span class='ocrx_word' id='word_1_310' title='bbox 1311 2097 1435 2134; x_wconf 81' lang='lat' dir='ltr'>multa</span> <span class='ocrx_word' id='word_1_311' title='bbox 1456 2098 1594 2150; x_wconf 84' lang='lat' dir='ltr'>paucis</span> 
     </span>
     <span class='ocr_line' id='line_1_36' title="bbox 149 2151 1595 2206; baseline 0 -14"><span class='ocrx_word' id='word_1_312' title='bbox 149 2152 284 2192; x_wconf 80' lang='lat' dir='ltr'>studet</span> <span class='ocrx_word' id='word_1_313' title='bbox 313 2163 470 2202; x_wconf 86' lang='lat' dir='ltr'>cogere,</span> <span class='ocrx_word' id='word_1_314' title='bbox 508 2151 682 2188; x_wconf 81' lang='lat' dir='ltr'>densiori</span> <span class='ocrx_word' id='word_1_315' title='bbox 712 2165 754 2189; x_wconf 88' lang='lat' dir='ltr'>se</span> <span class='ocrx_word' id='word_1_316' title='bbox 782 2151 946 2201; x_wconf 88' lang='lat' dir='ltr'>caligine</span> <span class='ocrx_word' id='word_1_317' title='bbox 979 2152 1161 2189; x_wconf 83' lang='lat' dir='ltr'>involvit.</span> <span class='ocrx_word' id='word_1_318' title='bbox 1227 2151 1440 2190; x_wconf 82' lang='lat' dir='ltr'>Vaticanus</span> <span class='ocrx_word' id='word_1_319' title='bbox 1461 2155 1595 2206; x_wconf 89' lang='lat' dir='ltr'>epito-</span> 
     </span>
     <span class='ocr_line' id='line_1_37' title="bbox 150 2206 1594 2259; baseline 0.001 -12"><span class='ocrx_word' id='word_1_320' title='bbox 150 2214 279 2248; x_wconf 77' lang='lat' dir='ltr'>mator</span> <span class='ocrx_word' id='word_1_321' title='bbox 303 2207 421 2259; x_wconf 86' lang='lat' dir='ltr'>paulo</span> <span class='ocrx_word' id='word_1_322' title='bbox 451 2207 676 2244; x_wconf 86' lang='lat' dir='ltr'>distinctius</span> <span class='ocrx_word' id='word_1_323' title='bbox 704 2206 812 2244; x_wconf 87' lang='lat' dir='ltr'>hunc</span> <span class='ocrx_word' id='word_1_324' title='bbox 841 2208 971 2244; x_wconf 86' lang='lat' dir='ltr'>locum</span> <span class='ocrx_word' id='word_1_325' title='bbox 998 2208 1182 2258; x_wconf 80' lang='lat' dir='ltr'>explicat.</span> <span class='ocrx_word' id='word_1_326' title='bbox 1248 2207 1329 2245; x_wconf 89' lang='lat' dir='ltr'>eius</span> <span class='ocrx_word' id='word_1_327' title='bbox 1354 2208 1452 2246; x_wconf 85' lang='lat' dir='ltr'>haec</span> <span class='ocrx_word' id='word_1_328' title='bbox 1474 2211 1594 2248; x_wconf 81' lang='lat' dir='ltr'>verba</span> 
     </span>
     <span class='ocr_line' id='line_1_38' title="bbox 151 2257 1592 2334; baseline 0.002 -31"><span class='ocrx_word' id='word_1_329' title='bbox 151 2271 267 2334; x_wconf 44' lang='lat' dir='ltr'>strat:</span> <span class='ocrx_word' id='word_1_330' title='bbox 298 2260 374 2315; x_wconf 79' lang='grc' dir='ltr'>εἶχε</span> <span class='ocrx_word' id='word_1_331' title='bbox 389 2261 461 2315; x_wconf 82' lang='grc' dir='ltr'><strong><em>μὲν</em></strong></span> <span class='ocrx_word' id='word_1_332' title='bbox 480 2257 554 2302; x_wconf 76' lang='grc' dir='ltr'><strong><em>οὖν</em></strong></span> <span class='ocrx_word' id='word_1_333' title='bbox 575 2261 596 2302; x_wconf 83' lang='grc' dir='ltr'><strong><em>ὁ</em></strong></span> <span class='ocrx_word' id='word_1_334' title='bbox 614 2260 796 2314; x_wconf 82' lang='grc' dir='ltr'><strong><em>βασιλευς</em></strong></span> <span class='ocrx_word' id='word_1_335' title='bbox 819 2261 887 2302; x_wconf 82' lang='grc' dir='ltr'><strong><em>τὸν</em></strong></span> <span class='ocrx_word' id='word_1_336' title='bbox 912 2265 1080 2328; x_wconf 76' lang='grc' dir='ltr'><strong><em>Τερτερῆ</em></strong></span> <span class='ocrx_word' id='word_1_337' title='bbox 1103 2260 1199 2314; x_wconf 78' lang='grc' dir='ltr'>μετᾰ</span> <span class='ocrx_word' id='word_1_338' title='bbox 1217 2266 1376 2303; x_wconf 73' lang='grc' dir='ltr'><strong><em>πολλῶν</em></strong></span> <span class='ocrx_word' id='word_1_339' title='bbox 1383 2261 1592 2331; x_wconf 76' lang='grc' dir='ltr'><strong><em>α’ρχὸντων</em></strong></span> 
     </span>
     <span class='ocr_line' id='line_1_39' title="bbox 151 2315 1590 2387; baseline 0.001 -26"><span class='ocrx_word' id='word_1_340' title='bbox 151 2317 279 2361; x_wconf 60' lang='grc' dir='ltr'><strong><em>αὐτοῦ</em></strong></span> <span class='ocrx_word' id='word_1_341' title='bbox 294 2319 362 2360; x_wconf 85' lang='grc' dir='ltr'>καὶ</span> <span class='ocrx_word' id='word_1_342' title='bbox 378 2318 682 2387; x_wconf 66' lang='grc' dir='ltr'><strong><em>“Ραδο’σθλαβον</em></strong></span> <span class='ocrx_word' id='word_1_343' title='bbox 710 2315 1046 2370; x_wconf 78' lang='grc' dir='ltr'><strong><em>σεβαστοκράτορα</em></strong></span> <span class='ocrx_word' id='word_1_344' title='bbox 1061 2317 1319 2371; x_wconf 78' lang='grc' dir='ltr'><strong><em>Βουλγοὶρων,</em></strong></span> <span class='ocrx_word' id='word_1_345' title='bbox 1348 2316 1491 2386; x_wconf 70' lang='grc' dir='ltr'><strong><em>εὐγενῆ</em></strong></span> <span class='ocrx_word' id='word_1_346' title='bbox 1509 2338 1590 2362; x_wconf 85' lang='grc' dir='ltr'><strong><em>των</em></strong></span> 
     </span>
     <span class='ocr_line' id='line_1_40' title="bbox 152 2369 1591 2443; baseline 0.001 -26"><span class='ocrx_word' id='word_1_347' title='bbox 152 2377 258 2418; x_wconf 72' lang='grc' dir='ltr'><strong><em>ἐκεῖ·</em></strong></span> <span class='ocrx_word' id='word_1_348' title='bbox 287 2372 456 2424; x_wconf 75' lang='grc' dir='ltr'><strong><em>ἆδελφὸς</em></strong></span> <span class='ocrx_word' id='word_1_349' title='bbox 474 2373 548 2427; x_wconf 77' lang='grc' dir='ltr'>γᾰρ</span> <span class='ocrx_word' id='word_1_350' title='bbox 569 2369 621 2425; x_wconf 79' lang='grc' dir='ltr'><strong><em>ἦν</em></strong></span> <span class='ocrx_word' id='word_1_351' title='bbox 638 2377 711 2415; x_wconf 86' lang='grc' dir='ltr'>τοῦ</span> <span class='ocrx_word' id='word_1_352' title='bbox 730 2372 940 2422; x_wconf 81' lang='grc' dir='ltr'><strong><em>Μίλτζου</em></strong></span> <span class='ocrx_word' id='word_1_353' title='bbox 930 2373 974 2422; x_wconf 75' lang='grc' dir='ltr'>ὃς</span> <span class='ocrx_word' id='word_1_354' title='bbox 998 2375 1220 2427; x_wconf 77' lang='grc' dir='ltr'><strong><em>ἐβασίλευσε</em></strong></span> <span class='ocrx_word' id='word_1_355' title='bbox 1232 2372 1477 2443; x_wconf 76' lang='grc' dir='ltr'><strong><em>Βουλγάρων</em></strong></span> <span class='ocrx_word' id='word_1_356' title='bbox 1498 2380 1591 2429; x_wconf 89' lang='grc' dir='ltr'><strong><em>βου-</em></strong></span> 
     </span>
     <span class='ocr_line' id='line_1_41' title="bbox 151 2426 1591 2501; baseline 0 -29"><span class='ocrx_word' id='word_1_357' title='bbox 151 2429 261 2501; x_wconf 80' lang='grc' dir='ltr'><strong><em>λήσει</em></strong></span> <span class='ocrx_word' id='word_1_358' title='bbox 284 2433 400 2484; x_wconf 59' lang='lat' dir='ltr'>Nor&amp;</span> <span class='ocrx_word' id='word_1_359' title='bbox 420 2426 667 2478; x_wconf 71' lang='grc' dir='ltr'><strong><em>ἀποστάντος</em></strong></span> <span class='ocrx_word' id='word_1_360' title='bbox 686 2433 761 2470; x_wconf 81' lang='grc' dir='ltr'>τοῦ</span> <span class='ocrx_word' id='word_1_361' title='bbox 783 2433 968 2484; x_wconf 78' lang='grc' dir='ltr'><strong><em>Τερτερη·</em></strong></span> <span class='ocrx_word' id='word_1_362' title='bbox 997 2428 1186 2479; x_wconf 79' lang='grc' dir='ltr'><strong><em>ἐλθόντος</em></strong></span> <span class='ocrx_word' id='word_1_363' title='bbox 1203 2429 1247 2470; x_wconf 82' lang='grc' dir='ltr'>δὲ</span> <span class='ocrx_word' id='word_1_364' title='bbox 1265 2434 1349 2473; x_wconf 75' lang='grc' dir='ltr'>τοῦ</span> <span class='ocrx_word' id='word_1_365' title='bbox 1361 2435 1501 2481; x_wconf 74' lang='grc' dir='ltr'><strong><em>Τζακᾶ,</em></strong></span> <span class='ocrx_word' id='word_1_366' title='bbox 1520 2437 1591 2483; x_wconf 85' lang='grc' dir='ltr'>τῆς</span> 
     </span>
     <span class='ocr_line' id='line_1_42' title="bbox 151 2483 1590 2557; baseline 0.001 -30"><span class='ocrx_word' id='word_1_367' title='bbox 151 2483 275 2540; x_wconf 67' lang='grc' dir='ltr'><strong><em>ἆρχῆς</em></strong></span> <span class='ocrx_word' id='word_1_368' title='bbox 278 2487 495 2557; x_wconf 53' lang='lat' dir='ltr'>jgf&#39;fflnw‘</span> <span class='ocrx_word' id='word_1_369' title='bbox 522 2486 546 2527; x_wconf 79' lang='grc' dir='ltr'><em>ὁ</em></span> <span class='ocrx_word' id='word_1_370' title='bbox 570 2488 755 2534; x_wconf 83' lang='grc' dir='ltr'><strong><em>Μίλτζος.</em></strong></span> <span class='ocrx_word' id='word_1_371' title='bbox 809 2490 950 2526; x_wconf 81' lang='grc' dir='ltr'><strong><em>τοῦτον</em></strong></span> <span class='ocrx_word' id='word_1_372' title='bbox 984 2489 1058 2526; x_wconf 81' lang='grc' dir='ltr'><strong><em>οὖν</em></strong></span> <span class='ocrx_word' id='word_1_373' title='bbox 1090 2502 1160 2527; x_wconf 82' lang='grc' dir='ltr'><strong><em>τον</em></strong></span> <span class='ocrx_word' id='word_1_374' title='bbox 1185 2483 1492 2554; x_wconf 81' lang='grc' dir='ltr'><strong><em>Ῥαδόσθλαβον</em></strong></span> <span class='ocrx_word' id='word_1_375' title='bbox 1515 2486 1590 2539; x_wconf 83' lang='grc' dir='ltr'><strong><em>εἶχε</em></strong></span> 
     </span>
     <span class='ocr_line' id='line_1_43' title="bbox 153 2539 1588 2613; baseline 0 -29"><span class='ocrx_word' id='word_1_376' title='bbox 153 2541 224 2595; x_wconf 69' lang='grc' dir='ltr'>μὲν</span> <span class='ocrx_word' id='word_1_377' title='bbox 243 2559 318 2584; x_wconf 86' lang='grc' dir='ltr'><strong><em>ουν</em></strong></span> <span class='ocrx_word' id='word_1_378' title='bbox 335 2543 356 2584; x_wconf 85' lang='grc' dir='ltr'>ὅ</span> <span class='ocrx_word' id='word_1_379' title='bbox 374 2542 556 2612; x_wconf 77' lang='grc' dir='ltr'><strong><em>βασιλεῦς</em></strong></span> <span class='ocrx_word' id='word_1_380' title='bbox 571 2558 662 2596; x_wconf 81' lang='grc' dir='ltr'><strong><em>περι</em></strong></span> <span class='ocrx_word' id='word_1_381' title='bbox 681 2545 817 2613; x_wconf 82' lang='grc' dir='ltr'><strong><em>τιμῆς,</em></strong></span> <span class='ocrx_word' id='word_1_382' title='bbox 843 2542 912 2583; x_wconf 82' lang='grc' dir='ltr'>καὶ</span> <span class='ocrx_word' id='word_1_383' title='bbox 929 2558 972 2582; x_wconf 90' lang='grc' dir='ltr'>το</span> <span class='ocrx_word' id='word_1_384' title='bbox 999 2545 1071 2582; x_wconf 87' lang='grc' dir='ltr'>τοῦ</span> <span class='ocrx_word' id='word_1_385' title='bbox 1089 2540 1446 2611; x_wconf 75' lang='grc' dir='ltr'><strong><em>σεβαστοκρᾶτορος</em></strong></span> <span class='ocrx_word' id='word_1_386' title='bbox 1467 2539 1588 2592; x_wconf 65' lang='lat' dir='ltr'>agim—</span> 
     </span>
     <span class='ocr_line' id='line_1_44' title="bbox 154 2594 1594 2651; baseline 0.001 -13"><span class='ocrx_word' id='word_1_387' title='bbox 154 2613 208 2649; x_wconf 86' lang='grc' dir='ltr'>μα</span> <span class='ocrx_word' id='word_1_388' title='bbox 225 2599 390 2651; x_wconf 82' lang='grc' dir='ltr'>βεβαιοῖ.</span> <span class='ocrx_word' id='word_1_389' title='bbox 447 2596 719 2639; x_wconf 79' lang='grc' dir='ltr'><strong><em>αποστέλλεται</em></strong></span> <span class='ocrx_word' id='word_1_390' title='bbox 740 2614 815 2639; x_wconf 88' lang='grc' dir='ltr'><strong><em>ουν</em></strong></span> <span class='ocrx_word' id='word_1_391' title='bbox 842 2598 863 2640; x_wconf 84' lang='grc' dir='ltr'><em>ὅ</em></span> <span class='ocrx_word' id='word_1_392' title='bbox 887 2595 1189 2650; x_wconf 79' lang='grc' dir='ltr'><strong><em>Ῥαόόσθλαβος</em></strong></span> <span class='ocrx_word' id='word_1_393' title='bbox 1204 2594 1283 2639; x_wconf 63' lang='grc' dir='ltr'>ἀπὸ</span> <span class='ocrx_word' id='word_1_394' title='bbox 1303 2601 1594 2650; x_wconf 78' lang='grc' dir='ltr'><strong><em>Θεσσαλονίκης</em></strong></span> 
     </span>
     <span class='ocr_line' id='line_1_45' title="bbox 153 2651 1591 2726; baseline 0.002 -33"><span class='ocrx_word' id='word_1_395' title='bbox 153 2651 261 2707; x_wconf 56' lang='lat' dir='ltr'>nacti</span> <span class='ocrx_word' id='word_1_396' title='bbox 281 2657 357 2695; x_wconf 77' lang='grc' dir='ltr'>τοῦ</span> <span class='ocrx_word' id='word_1_397' title='bbox 390 2654 581 2707; x_wconf 78' lang='grc' dir='ltr'><strong><em>βασιλέως</em></strong></span> <span class='ocrx_word' id='word_1_398' title='bbox 601 2653 697 2706; x_wconf 66' lang='lat' dir='ltr'>‘ae-roi</span> <span class='ocrx_word' id='word_1_399' title='bbox 726 2652 969 2726; x_wconf 79' lang='grc' dir='ltr'><strong><em>μεγιστάνων</em></strong></span> <span class='ocrx_word' id='word_1_400' title='bbox 993 2653 1201 2706; x_wconf 74' lang='grc' dir='ltr'><strong><em>Ῥωμαίων</em></strong></span> <span class='ocrx_word' id='word_1_401' title='bbox 1225 2655 1292 2695; x_wconf 79' lang='grc' dir='ltr'>καὶ</span> <span class='ocrx_word' id='word_1_402' title='bbox 1314 2655 1456 2707; x_wconf 80' lang='grc' dir='ltr'><strong><em>ἴκανῆς</em></strong></span> <span class='ocrx_word' id='word_1_403' title='bbox 1471 2653 1591 2696; x_wconf 75' lang='grc' dir='ltr'><strong><em>δυνά·</em></strong></span> 
     </span>
     <span class='ocr_line' id='line_1_46' title="bbox 154 2707 1591 2779; baseline 0.003 -31"><span class='ocrx_word' id='word_1_404' title='bbox 154 2723 257 2760; x_wconf 82' lang='grc' dir='ltr'><strong><em>μεως</em></strong></span> <span class='ocrx_word' id='word_1_405' title='bbox 274 2707 372 2749; x_wconf 75' lang='grc' dir='ltr'><strong>κατα</strong></span> <span class='ocrx_word' id='word_1_406' title='bbox 387 2713 462 2750; x_wconf 85' lang='grc' dir='ltr'>τοῦ</span> <span class='ocrx_word' id='word_1_407' title='bbox 473 2707 691 2778; x_wconf 72' lang='grc' dir='ltr'><strong><em>Ἐλτιμηρῆ</em></strong></span> <span class='ocrx_word' id='word_1_408' title='bbox 699 2740 711 2760; x_wconf 85' lang='grc'><strong><em>,</em></strong></span> <span class='ocrx_word' id='word_1_409' title='bbox 740 2709 782 2760; x_wconf 82' lang='grc' dir='ltr'>ὃς</span> <span class='ocrx_word' id='word_1_410' title='bbox 797 2707 851 2764; x_wconf 76' lang='grc' dir='ltr'><strong><em>ἦν</em></strong></span> <span class='ocrx_word' id='word_1_411' title='bbox 867 2707 1034 2761; x_wconf 65' lang='grc' dir='ltr'><strong><em>ἀδελφός</em></strong></span> <span class='ocrx_word' id='word_1_412' title='bbox 1051 2714 1125 2751; x_wconf 81' lang='grc' dir='ltr'>τοῦ</span> <span class='ocrx_word' id='word_1_413' title='bbox 1142 2714 1320 2779; x_wconf 74' lang='grc' dir='ltr'>Τερτερῆ.</span> <span class='ocrx_word' id='word_1_414' title='bbox 1377 2714 1473 2766; x_wconf 72' lang='grc' dir='ltr'><strong><em>νικᾷ</em></strong></span> <span class='ocrx_word' id='word_1_415' title='bbox 1491 2714 1591 2778; x_wconf 66' lang='lat' dir='ltr'>yot&#39;iy</span> 
     </span>
    </p>
   </div>
   <div class='ocr_carea' id='block_1_3' title="bbox 153 2752 1590 2869">
    <p class='ocr_par' dir='ltr' id='par_1_6' title="bbox 153 2752 1590 2869">
     <span class='ocr_line' id='line_1_47' title="bbox 153 2752 1590 2819; baseline 0.003 -16"><span class='ocrx_word' id='word_1_416' title='bbox 153 2762 176 2804; x_wconf 81' lang='grc' dir='ltr'><strong><em>ὅ</em></strong></span> <span class='ocrx_word' id='word_1_417' title='bbox 193 2759 426 2818; x_wconf 66' lang='grc' dir='ltr'><strong><em>Ἠτιμηρῆς</em></strong></span> <span class='ocrx_word' id='word_1_418' title='bbox 442 2763 508 2805; x_wconf 84' lang='grc' dir='ltr'><strong><em>τόν</em></strong></span> <span class='ocrx_word' id='word_1_419' title='bbox 529 2765 846 2819; x_wconf 67' lang='grc' dir='ltr'><strong><em>Ῥαδόθθλαβον,</em></strong></span> <span class='ocrx_word' id='word_1_420' title='bbox 874 2767 942 2807; x_wconf 80' lang='grc' dir='ltr'>καὶ</span> <span class='ocrx_word' id='word_1_421' title='bbox 957 2763 1155 2819; x_wconf 77' lang='grc' dir='ltr'><strong><em>κρατήσας</em></strong></span> <span class='ocrx_word' id='word_1_422' title='bbox 1174 2762 1293 2808; x_wconf 65' lang='grc' dir='ltr'><strong><em>αὐτὸν</em></strong></span> <span class='ocrx_word' id='word_1_423' title='bbox 1308 2766 1378 2807; x_wconf 71' lang='grc' dir='ltr'>καὶ</span> <span class='ocrx_word' id='word_1_424' title='bbox 1393 2752 1590 2818; x_wconf 56' lang='lat' dir='ltr'>‹immisi-</span> 
     </span>
     <span class='ocr_line' id='line_1_48' title="bbox 209 2822 1322 2869; baseline 0.004 -11"><span class='ocrx_word' id='word_1_425' title='bbox 209 2824 382 2869; x_wconf 74' lang='lat' dir='ltr'>Georgius</span> <span class='ocrx_word' id='word_1_426' title='bbox 411 2825 633 2869; x_wconf 67' lang='lat' dir='ltr'>Pachymem</span> <span class='ocrx_word' id='word_1_427' title='bbox 662 2827 710 2859; x_wconf 87' lang='lat'>11.</span> <span class='ocrx_word' id='word_1_428' title='bbox 1270 2822 1322 2863; x_wconf 81' lang='lat'>48</span> 
     </span>
    </p>
   </div>
  </div>
 </body>
</html>
