1858 3126
149 163 458 210 OBSERVAT.
478 162 784 207 PAOEYMER.
818 161 924 207 ΠΒ.
944 160 1020 205 m.
1054 160 1413 205 CHRONOLOG.
1487 160 1587 206 777

149 272 204 316 25
227 271 378 311 solidos
403 271 616 320 addamus,
643 270 711 309 fiet
734 283 860 309 annua
883 270 1030 308 Christi
1053 273 1184 319 1307,
1211 270 1254 308 in
1279 270 1394 309 cuins
1421 269 1485 308 die
1510 283 1587 309 nn-

148 327 299 367 decima
326 327 550 366 Decembris
575 339 730 366 necesse
757 327 808 364 sit
829 333 970 365 meum
1001 326 1167 376 defigere
1193 326 1372 364 ultimam
1398 327 1586 378 temporis

151 383 227 422 hac
251 382 415 422 historia
440 383 643 435 descripti.
699 382 791 434 quia
818 395 912 420 vero
941 382 984 419 in
1012 381 1245 420 collectione
1273 382 1466 420 maiorum
1481 396 1587 421 aum.

146 452 302 478 anarum
331 440 412 478 fere
439 440 628 478 minutiae
656 444 984 486 contemnuntur,
1010 436 1116 476 hand
1138 451 1370 489 magnopere
1392 451 1589 489 repugna·

146 495 293 543 verim,
320 495 354 533 ai
373 495 461 546 quis
482 495 594 533 malit
611 507 633 532 a
650 494 828 533 kalendis
847 492 1039 532 Ianuariis
1058 493 1151 531 anni
1169 493 1316 532 Christi
1343 495 1451 536 1283
1467 493 1586 534 huius
1608 498 1636 533 P
1658 499 1724 534 562

146 549 335 589 historiae
356 550 513 590 initium
539 550 706 598 duca-e,
732 563 781 588 ac
812 549 930 588 finem
966 549 1142 587 eiusdem
1173 549 1216 587 in
1242 549 1420 588 kalendis
1447 550 1588 589 iisdem

147 606 243 644 anni
261 609 370 648 1808
385 611 577 655 atatam,
606 606 791 657 neglectis
809 605 1017 656 utrobique
1032 605 1177 656 viginti
1196 605 1357 651 diebus,
1386 606 1452 655 qui
1469 620 1588 658 supra

147 662 321 714 priorem
341 661 532 714 epocham
550 661 774 712 abundant,
799 660 1010 714 posteriori
1031 661 1175 700 desunt
1195 662 1245 700 ad
1268 662 1480 714 perfectam
1501 663 1588 715 ple-

256 798 327 842 111.
382 799 433 840 Et
459 799 708 840 commodum
740 799 791 838 ad
815 800 929 838 istam
956 798 1124 852 putandi
1157 799 1351 839 rationem
1376 799 1470 839 satis
1497 807 1587 854 apte

149 856 346 908 quadrant
365 855 459 895 anni
478 857 584 895 vitae
602 855 844 905 Andronici,
873 869 974 907 quos
991 855 1238 907 insigniendo
1257 855 1452 908 principio
1470 858 1588 910 spatii

146 919 392 952 narratarum
413 926 436 950 a
453 925 495 950 se
514 911 592 951 hoc
612 926 729 964 opere
748 925 878 951 rerum
899 917 1033 951 noster
1050 911 1209 950 adhibet
1228 911 1449 951 historicus.
1496 927 1588 952 nam

147 969 298 1007 editum
325 968 366 1007 in
393 968 521 1006 lucem
539 968 606 1007 vel
628 982 761 1007 mense
782 968 962 1006 ianuario
984 968 1047 1006 vel
1066 967 1267 1006 Februarii
1292 968 1487 1021 principio
1509 970 1588 1008 An-

147 1023 355 1063 dronicum
377 1022 485 1062 hunc
504 1023 798 1076 imperatorem,
826 1023 976 1062 dudum
994 1023 1221 1075 collegimus
1250 1022 1361 1078 (vol.
1382 1025 1400 1063 1
1418 1038 1460 1076 p.
1476 1024 1587 1078 748)

145 1092 198 1119 ex
206 1079 301 1118 illis
322 1077 535 1131 Nicephori
563 1079 756 1130 Gregorae
781 1079 911 1118 verbis
937 1080 965 1120 L
986 1083 1036 1121 10
1065 1094 1104 1132 p·
1126 1079 1230 1128 214,
1259 1080 1399 1130 quibus
1425 1080 1468 1118 in
1496 1095 1589 1118 mo-

143 1135 268 1175 nodia
294 1134 344 1174 de
365 1134 585 1174 Andronici
610 1136 782 1174 eiusdem
810 1135 921 1174 obitu
950 1135 1121 1174 affirmat
1147 1148 1235 1173 eum
1262 1135 1328 1174 die
1354 1136 1588 1176 duodecimo

146 1190 349 1230 kebmarii
375 1190 607 1230 morientem
641 1191 861 1244 explevisse
895 1205 1044 1230 annum
1081 1191 1219 1229 aetatis
1250 1198 1433 1242 quartum
1466 1206 1589 1262 supra

146 1245 489 1314 septuagesimum.
544 1246 743 1315 τέταρτον
756 1245 829 1314 μὲν
860 1244 940 1299 ἤδη
968 1246 1036 1287 καὶ
1065 1244 1358 1299 ἕβδομηκοστὸν
1392 1247 1478 1296 ἕως
1506 1264 1585 1290 axo

146 1300 333 1357 γενέσεως
348 1298 454 1358 αὐτῷ
473 1305 697 1343 τελευτῶντι
714 1299 870 1356 ἤνύὲτο.
928 1310 1102 1354 quartus·
1122 1309 1159 1340 et
1177 1305 1492 1356 septuagesimus
1513 1318 1590 1342 an-

147 1372 228 1397 nus
255 1372 283 1396 a
306 1343 523 1396 nativitate
549 1360 631 1409 ipsi
656 1360 839 1396 morienti
867 1357 997 1396 ahsolt
999 1358 1155 1396 ebatur.
1211 1372 1302 1397 cum
1336 1365 1463 1398 autem
1501 1373 1590 1398 eum

146 1419 287 1453 natum
326 1413 620 1452 definiverimus
655 1414 799 1453 ibidem
837 1427 941 1452 anno
978 1414 1126 1452 Christi
1164 1417 1293 1465 1258,
1336 1416 1591 1480 intelligimus

147 1469 281 1522 ipsum
319 1469 537 1520 ingressum
576 1483 722 1508 annum
754 1476 937 1522 quartum
964 1476 1003 1509 et
1030 1469 1259 1508 vicesimum
1291 1471 1428 1509 aetatis
1457 1472 1589 1523 primo

148 1525 414 1576 aesqnimense
428 1525 523 1563 anni
541 1526 686 1565 Christi
710 1530 822 1570 1282
836 1526 949 1564 cuius
969 1526 1063 1564 anni
1080 1539 1212 1564 mense
1232 1526 1372 1565 ultimo
1393 1527 1496 1578 patri
1518 1527 1592 1565 de-

150 1580 304 1620 cedenti
319 1581 428 1620 solas
445 1580 487 1618 in
505 1581 671 1635 imperio
689 1582 904 1620 succedens
920 1588 1115 1620 extremos
1135 1581 1313 1620 trahebat
1329 1596 1479 1620 menses
1497 1584 1591 1621 anni

147 1649 243 1676 auae
270 1637 375 1675 vitae
403 1637 536 1688 quarti
565 1644 604 1677 et
633 1637 829 1686 vicesimi,
858 1643 951 1690 post
979 1651 1062 1676 non
1091 1639 1238 1676 multos
1258 1638 1342 1676 dies
1360 1638 1591 1688 vigesimum

149 1692 334 1744 quintum
361 1692 556 1741 initum-*13
593 1707 642 1733 ex
673 1707 753 1744 quo
779 1699 957 1746 tempore
992 1707 1082 1732 cum
1114 1707 1238 1732 annos
1269 1694 1443 1745 quinque
1470 1707 1592 1746 supra

148 1747 290 1799 viginti
316 1748 546 1798 evolvisset,
575 1750 733 1801 quando
749 1762 791 1788 ea
810 1750 1079 1800 ger'ebantnr
1067 1763 1110 1787 in
1135 1750 1278 1800 quibus
1296 1748 1501 1787 narrandis
1521 1751 1593 1787 de-

147 1803 245 1842 sinit
264 1803 363 1842 baec
389 1803 551 1843 historia
579 1805 851 1858 Pachymeris,
878 1805 1215 1856 quadragesimum
1248 1817 1399 1842 nonum
1427 1804 1591 1842 Andro-

148 1859 264 1953 &3¹2⁸
291 1858 402 1899 vitae
425 1873 574 1898 annum
601 1874 728 1914 prope
754 1861 996 1909 absolverat,
1028 1859 1391 1913 quinquagesimum
1405 1859 1591 1913 proxime

147 1926 192 1952 m
245 1919 421 1954 oamrua.

261 1996 331 2038 IV.
385 1996 513 2048 Atque
539 1996 608 2035 hic
636 1997 862 2036 declarandi
880 1998 995 2036 locus
1010 2003 1069 2036 est
1086 1997 1196 2049 quod
1211 1997 1338 2036 obiter
1357 1996 1444 2036 dixi
1461 2010 1589 2049 prae-

152 2052 301 2092 fatione
330 2052 380 2091 ad
410 2053 634 2091 universum
661 2051 738 2091 hoc
769 2066 891 2105 opus,
931 2066 1030 2104 quae
1058 2054 1101 2091 in
1128 2054 1258 2092 {rente
1284 2053 1409 2105 partis
1443 2053 1589 2105 prioris

151 2107 360 2162 proposita
379 2114 416 2146 et
436 2108 486 2147 ad
507 2108 611 2146 hanc
624 2107 878 2147 nihilominus
899 2109 1138 2148 extenditur.
1193 2109 1338 2161 scripsi
1355 2115 1484 2147 autem
1502 2109 1589 2148 illic

152 2178 227 2217 per
255 2163 359 2202 hanc
382 2177 489 2202 nunc
512 2164 770 2216 prodeuntem
802 2163 1049 2215 Pachymeris
1075 2164 1280 2203 historiam
1303 2164 1455 2217 expleri
1476 2165 1590 2204 velut

154 2220 350 2272 quendam
379 2218 529 2258 hiatum
554 2219 732 2271 publicae
763 2220 971 2258 memoriae
998 2233 1021 2257 a
1047 2220 1183 2258 Niceta
1210 2227 1249 2260 et
1275 2220 1504 2272 Acropolita
1535 2220 1589 2259 ad

154 2277 480 2315 Cantacuzcnum.
534 2274 579 2312 id
615 2274 721 2342 quod
747 2289 829 2313 non
853 2274 1063 2327 ὁλοσχεραῖς
1088 2276 1214 2339 accipi
1241 2282 1310 2314 aut
1337 2275 1506 2315 resecari
1536 2275 1591 2314 ad

153 2331 291 2372 vivum
319 2332 456 2377 volui,
484 2330 593 2381 quasi
624 2326 778 2380 ἆμὲσως
804 2337 842 2368 et
868 2331 1048 2382 protinus
1071 2332 1252 2382 contigue
1270 2331 1429 2370 initium
1447 2332 1588 2370 Canta-

157 2387 390 2426 cnzenianae
423 2386 611 2425 historiae
635 2386 708 2424 fini
732 2385 1058 2437 Pachymerianae
1092 2388 1372 2428 committatur.
1426 2387 1590 2426 inchoat

155 2443 453 2482 Cantacnzenua
490 2442 752 2481 narrationem
778 2452 890 2480 auam
918 2455 941 2480 a
963 2449 1090 2481 morte
1115 2444 1360 2495 imperatoris
1389 2442 1590 2482 Michaelis

153 2499 317 2538 aemndi
341 2499 579 2550 Palaeologi‚
609 2511 725 2549 quem
755 2503 936 2550 nepotem
961 2498 1106 2550 prioris
1121 2498 1318 2538 Michaelis
1335 2499 1591 2538 Andronicus

155 2554 287 2594 senior
303 2554 506 2594 Michaelis
519 2554 637 2607 primi
654 2554 780 2602 filius,
810 2554 973 2592 secundi
993 2560 1123 2606 pater,
1152 2555 1453 2619 primogenitum
1473 2566 1591 2592 suum

155 2609 312 2674 imperii
335 2611 524 2660 collegam
545 2610 694 2650 habuit.
749 2583 856 2648 lianc
880 2611 1172 2649 Cantacuzenns
1196 2611 1324 2662 primo
1344 2610 1474 2649 statim
1494 2607 1590 2647 libri

155 2665 276 2715 primi
295 2665 423 2731 capite
438 2665 543 2704 diem
562 2679 677 2705 anum
693 2665 834 2705 obiisse
847 2665 1143 2704 Thessalonicae
1156 2666 1315 2715 scribit,
1341 2666 1472 2733 τρίτον
1490 2661 1592 2717 node

156 2717 445 2772 τεσσαράκοντα
466 2717 612 2774 χρόνον
633 2720 778 2776 ἄγοντα
796 2725 868 2774 τῆς
884 2721 1051 2774 ἡλικίας,
1081 2721 1192 2769 ἔτους
1207 2719 1372 2762 ἐννᾶτου
1387 2717 1489 2788 πρδς
1506 2722 1592 2768 τοῖς

159 2773 286 2816 εἴκοσι
312 2775 382 2817 καὶ
408 2773 654 2827 ὀκτακοσίοις
678 2777 746 2819 καὶ
772 2776 1058 2830 ἑξακισχιλίοις,
1088 2775 1289 2833 δωδεκάτῃ
1311 2774 1433 2830 μηνός
1449 2772 1589 2816 Ὀκτω-
