1858 3126
277 157 377 205 866
679 159 997 207 OBSERVAT.
1029 161 1346 210 PACHYMER‘.

297 266 371 294 Anni
419 265 573 293 nomano-

293 301 370 329 σω..
412 307 479 326 rum
500 299 580 327 Pon
604 266 730 330 unffi„
709 267 771 296 ΒΕ·
815 271 954 310 missos
996 285 1019 310 a
1051 273 1246 312 Galaiinis
1285 273 1557 316 Genuensibus
1590 276 1751 316 sicarios

436 332 563 360 tificmn.

413 366 595 429 cienlnlgntis
593 368 768 397 Andronici

280 443 388 483 1307
496 441 524 483 3
661 440 715 484 25

611 493 759 524 Michael.

662 533 715 575 14

142 1674 168 1707 Ρ
192 1670 260 1706 628

299 2550 406 2590 1308
631 2539 713 2567 And
700 2549 766 2568 on.

818 329 1070 370 vulneratur.
1127 344 1213 370 eam
1231 331 1282 370 ob
1300 345 1385 370 rem
1398 331 1649 373 Andronicus
1669 335 1752 372 Ga·
1777 377 1782 381 ,

816 387 986 425 latenses
1006 387 1116 426 urbis
1135 389 1311 440 ingressu
1333 394 1452 431 arcet.
1509 389 1536 428 l.
1556 390 1581 432 6
1599 404 1634 433 ο.
1654 393 1725 434 28.

874 454 1127 493 Andronicus
1156 457 1438 496 reconciliatur
1469 456 1754 509 Genuensibus,

818 517 857 550 et
876 512 1116 564 appellentes
1144 512 1185 550 in
1203 513 1341 552 urbem
1362 514 1498 566 longas
1516 527 1655 552 eorum
1678 528 1754 552 na-

818 583 886 608 ves
926 569 1095 607 sedecim
1143 576 1285 608 contra
1330 571 1492 609 classem
1527 570 1755 610 Catelanam

818 626 919 664 duce
944 626 1098 678 Mpyrig
1102 627 1184 665 exio
1217 628 1310 666 urbi
1338 629 1552 666 minantem
1579 641 1755 680 pugnare

817 683 1038 735 persuadet.
1098 697 1258 733 omnes,
1286 692 1446 736 praeter
1464 698 1606 733 unam,
1635 686 1755 723 Cate-

815 741 999 779 lanorum
1021 753 1141 778 naves
1166 741 1207 778 in
1230 741 1498 781 Genuensium
1517 747 1755 793 potestatem

814 797 998 837 veniunt.
1066 797 1152 836 dux
1184 797 1267 850 ipse
1298 799 1560 851 Mpyrigerius
1587 799 1755 852 capitur.

815 855 843 893 l.
871 857 896 896 6
918 868 953 894 c.
978 856 1043 897 29.

874 912 960 949 Duo
979 910 1151 948 Romani
1171 909 1313 961 duces,
1346 925 1368 950 a
1390 911 1581 951 michaele
1599 911 1756 950 iuniore

817 971 994 1020 Augusto
1014 981 1104 1006 cum
1125 975 1240 1020 parte
1262 970 1460 1007 exercitus
1480 975 1620 1007 contra
1638 969 1757 1007 Cate-

817 1026 927 1063 lanos
943 1025 1063 1074 missi,
1080 1025 1128 1062 ab
1147 1025 1194 1062 iis
1213 1026 1255 1063 in
1270 1026 1433 1064 insidias
1450 1026 1646 1078 pertracti
1662 1025 1756 1066 vin-

817 1088 978 1121 cuntur.
1036 1082 1063 1121 l.
1081 1084 1106 1123 6
1126 1095 1158 1122 c.
1181 1085 1250 1124 30.

873 1139 1031 1177 Plebem
1050 1139 1093 1176 in
1118 1139 1218 1177 urbe
1245 1139 1558 1177 tumultuantem
1580 1138 1756 1191 impera-

819 1203 885 1235 tor
911 1196 1164 1234 Andronicus
1195 1196 1384 1234 concione
1414 1193 1549 1234 habita
1573 1196 1690 1234 minis
1717 1201 1758 1233 et

817 1253 978 1292 monitis
999 1257 1165 1293 coercet.
1225 1253 1251 1291 l.
1271 1256 1296 1294 6
1314 1266 1348 1292 e.
1371 1255 1439 1294 31.

877 1311 1013 1349 Iunior
1049 1311 1270 1361 imperator
1310 1308 1480 1347 Michael
1525 1308 1758 1347 universum

821 1368 1042 1406 exercitum
1077 1373 1220 1404 contra
1244 1367 1451 1404 Catelanos
1486 1366 1567 1404 acie
1606 1365 1758 1404 instru-

821 1431 930 1463 ctum
960 1425 1043 1476 ipse
1075 1423 1245 1462 ductans
1272 1424 1470 1472 vincitur,
1519 1429 1559 1460 et
1596 1422 1645 1460 de
1674 1423 1759 1461 vita

819 1481 1065 1535 periclitatus
1090 1493 1203 1532 aegre
1220 1480 1332 1532 sugit.
1389 1480 1415 1520 l.
1437 1483 1462 1522 6
1485 1492 1518 1518 c.
1539 1483 1606 1522 32.

876 1549 1056 1588 Maturae
1097 1554 1243 1600 segetes
1278 1549 1321 1586 in
1363 1547 1532 1600 campiS,
1572 1546 1759 1585 collectae

820 1608 950 1657 fruges
968 1606 1009 1644 in
1029 1606 1128 1644 areis
1152 1612 1192 1643 et
1225 1605 1327 1643 villis
1348 1618 1370 1642 a
1398 1604 1556 1643 rusticis
1581 1603 1759 1653 undique

820 1663 863 1700 in
885 1663 1027 1700 urbem
1051 1662 1293 1712 fugientibus
1317 1661 1490 1710 relictae,
1508 1661 1550 1698 in
1567 1659 1759 1712 praedam

822 1719 1100 1757 Catelanorum
1120 1718 1280 1756 cedunt.
1336 1717 1433 1755 ibid.

879 1786 986 1824 Duae
1007 1799 1128 1824 naves
1147 1785 1311 1823 bellicae
1332 1785 1600 1823 Genuensium
1618 1797 1759 1836 magna

822 1843 1003 1882 mercede
1024 1844 1065 1881 in
1085 1843 1312 1880 bimestrem
1333 1841 1512 1879 militiam
1532 1842 1580 1879 ab
1596 1841 1760 1880 Andro-

823 1901 913 1939 nico
937 1900 1178 1951 imperatore
1199 1899 1491 1938 conducuntur.
1549 1898 1647 1940 ibid.

879 1957 1059 1995 Andreas
1087 1955 1283 1994 Muriscus
1317 1969 1389 2007 pro
1417 1956 1656 2006 imperatore
1679 1956 1760 1994 Te-

823 2014 971 2052 nedum
992 2013 1187 2062 obsidms,
1208 2018 1422 2064 procurata
1446 2025 1516 2064 per
1534 2012 1760 2050 Genuenses

826 2071 1039 2119 deditione,
1070 2083 1159 2108 arce
1178 2069 1244 2107 illa
1264 2069 1431 2121 potitur.
1486 2068 1512 2106 l.
1534 2072 1560 2110 6
1580 2083 1613 2107 c.
1635 2069 1702 2111 34.

882 2128 1042 2166 Manu'el
1061 2125 1270 2164 Zacharias
1305 2125 1504 2163 Phocaeae
1533 2125 1760 2176 imperitans

825 2184 972 2222 insulas
998 2185 1056 2222 illi
1087 2183 1310 2222 obiacentes
1332 2182 1533 2220 custodiae
1563 2194 1657 2219 suae
1681 2181 1761 2218 im-

826 2254 964 2279 munes
998 2240 1178 2293 permitti
1215 2239 1264 2278 ab
1291 2238 1522 2277 Andronico
1560 2239 1760 2291 impetrat.

825 2298 924 2338 ibid.

882 2352 1146 2405 ὟῙΡΥι-ἰςενίιιε
1175 2366 1198 2390 a
1218 2351 1491 2391 Genuensibus
1520 2349 1702 2402 captivus
1718 2350 1761 2388 in

826 2411 980 2449 Italiam
998 2410 1221 2450 abducitur.
1280 2409 1308 2452 l,
1324 2410 1350 2450 7
1376 2422 1409 2450 c.
1432 2410 1472 2449 7.

886 2544 1043 2583 Incluso
1074 2542 1340 2596 Didymotichi
1368 2541 1557 2580 michaele
1584 2540 1761 2591 Augusto

631 2628 694 2658 Mi
674 2580 776 2657 2¹13&
830 2599 983 2638 iuniore
1012 2607 1104 2652 post
1130 2613 1301 2651 pugnam
1337 2599 1563 2647 adversam,
1593 2601 1632 2636 et
1667 2597 1764 2635 hinc

677 2667 729 2709 15

832 2656 1184 2708 Osphentisthlabo
1209 2656 1377 2706 Bulgaro
1408 2656 1630 2693 Romanum
1655 2653 1762 2692 limi-

828 2719 913 2754 tem
935 2719 1127 2762 vexante,
1156 2713 1248 2751 inde
1270 2711 1462 2750 Catelanis
1493 2716 1637 2749 cuncta
1658 2710 1762 2748 infe-

832 2766 1051 2819 stantibus,
1083 2770 1333 2808 Andronicus
1352 2770 1570 2820 imperator
1593 2767 1643 2805 de
1667 2778 1763 2818 pace

833 2840 924 2866 cum
943 2827 1136 2866 Catelanis
1155 2840 1225 2880 per
1243 2820 1388 2878 legatos
1409 2824 1586 2878 Callipoli
1602 2827 1762 2873 tractat,
