1858 3126
283 156 382 204 722
687 150 1001 198 OBSERVAT.
1034 152 1345 198 PACHYMER.

283 280 387 307 voce
403 264 522 303 hodie
542 263 692 302 Gallica
710 270 834 301 treveo
854 262 959 301 idem
982 262 1164 310 valente,
1194 273 1312 315 quam
1330 268 1429 315 puto
1447 278 1470 302 a
1487 263 1649 303 Francis
1675 278 1746 303 oc-

286 322 443 362 casione
469 333 673 359 sacrarum
703 320 1003 372 expeditionum
1025 319 1092 359 diu
1115 320 1199 357 illic
1224 319 1387 360 versatis
1407 319 1501 360 inde
1521 322 1685 360 relatam
1702 322 1746 359 in

286 379 470 432 patriam.

396 442 713 498 ὖπὲρπυρον
741 457 782 496 p.
811 442 894 486 646
925 456 962 480 v.
984 446 1023 484 7.
1081 443 1224 481 merito
1252 443 1379 481 elevat
1402 443 1647 494 largitionem
1677 458 1747 483 sex

286 502 637 554 hyperpyrorum,
669 500 723 549 si,
755 500 864 551 quod
889 514 939 537 ex
970 500 1124 538 Graeco
1147 499 1306 538 homine
1323 500 1401 538 fide
1423 500 1651 551 dignissimo
1679 514 1747 539 au-

288 558 395 607 divi,
424 556 657 611 ὖπέρπυρον
686 556 916 595 nummulus
951 562 1009 594 est
1039 563 1248 606 argenteus
1269 564 1440 607 quatuor
1457 559 1593 609 aspris
1615 557 1749 608 aequi—

287 615 437 655 valens.
496 627 585 651 cum
613 619 763 662 autem,
794 619 840 650 ut
871 613 975 650 idem
1001 613 1206 663 tradebat,
1236 627 1362 664 aspra
1379 627 1461 651 non
1480 614 1569 666 plus
1594 613 1750 664 singula

286 673 446 713 valeant
478 683 548 708 sex
582 669 746 708 minutis
777 669 906 707 aeneis
934 670 1019 707 sive
1052 671 1278 719 quatrinis,
1311 676 1354 708 ut
1379 670 1500 720 vulgo
1523 669 1588 708 hic
1606 671 1751 708 Romae

286 729 530 780 loquuntur,
560 740 727 778 quorum
746 726 1033 776 quinquaginta
1052 726 1192 765 Iulium
1208 726 1289 764 sive
1308 726 1510 764 denarium
1529 727 1750 765 Romanum

286 784 417 838 pretio
444 783 686 833 adaequant,
714 783 952 832 intelligitur
981 781 1242 833 hyperpyron
1269 783 1475 834 quatrinos
1493 782 1631 833 viginti
1651 796 1752 834 qua-

287 847 383 880 tuor
408 840 608 891 pendere,
637 838 716 877 hoc
743 845 822 888 est,
854 852 901 876 ue
930 839 1163 876 semiiulium
1187 838 1344 890 quidem
1365 839 1604 888 Romanum,
1635 852 1751 890 quem

286 911 479 950 grossam
509 901 681 943 vocant,
710 895 980 934 aestimatione
1005 895 1184 945 assequi:
1227 909 1318 933 nam
1351 895 1386 933 is
1415 895 1550 945 viginti
1577 895 1752 946 quinque

290 953 498 1004 quatrinos
531 951 723 991 continet.
779 952 968 999 usitatum
997 957 1035 989 et
1068 952 1157 988 aliis
1184 952 1441 1002 scriptoribus
1467 950 1545 989 hoc
1580 952 1753 990 Graecae

289 1015 471 1048 monetae
499 1021 642 1047 nomen
671 1008 823 1046 dudum
850 1015 888 1046 te
922 1008 1117 1046 Meursius
1147 1007 1346 1046 docuerit:
1388 1009 1457 1046 sed
1487 1014 1675 1058 quantum
1707 1020 1752 1046 ea

289 1067 448 1114 valeat,
485 1065 518 1103 si
556 1064 797 1103 credendum
828 1065 988 1103 duxeris
1017 1064 1059 1102 in
1085 1078 1128 1103 re
1159 1064 1401 1102 Graecorum
1429 1065 1632 1116 popularis
1658 1076 1752 1102 usus

291 1121 447 1160 homini
465 1127 559 1159 nato
581 1121 831 1172 educatoque
855 1122 895 1158 in
922 1121 1104 1168 Graecia,
1134 1121 1241 1158 unde
1260 1134 1332 1158 nos
1353 1120 1574 1170 hausimus,
1605 1133 1655 1158 ex
1675 1119 1751 1159 1100

291 1185 429 1217 nostra
449 1177 665 1216 testimonii
689 1177 772 1216 eius
792 1178 1047 1227 recitatione,
1077 1177 1223 1226 lector,
1253 1177 1393 1216 disces.

408 1252 475 1307 φᾶ
488 1271 547 1308 μο
560 1272 584 1296 v
597 1268 683 1305 σος
712 1255 844 1308 [1.245
858 1269 893 1295 v.
908 1255 946 1297 4.
1003 1255 1153 1294 dudum
1171 1256 1306 1293 notavi
1324 1255 1374 1293 ad
1391 1255 1457 1293 illa
1477 1254 1599 1293 verba
1618 1253 1753 1293 Annae

293 1313 520 1351 comnenae
553 1314 581 1351 l.
604 1316 655 1355 13
687 1313 889 1351 Alexiadis
912 1327 951 1364 p.
970 1315 1071 1354 377:
1102 1309 1292 1364 φάμουσά
1311 1328 1399 1352 τινα
1416 1309 1636 1364 γράφοντες
1652 1308 1751 1351 κατὰ

293 1367 367 1422 τὴν
396 1372 470 1410 τοῦ
501 1369 691 1422 βασιλέως
720 1368 902 1422 ἔρριπτον
931 1365 1104 1420 σκηνήν,
1136 1375 1175 1406 et
1203 1367 1280 1406 hoc
1302 1368 1462 1406 Latinae
1478 1368 1614 1420 stirpis
1631 1382 1751 1406 voca-

293 1426 434 1464 bulum
459 1426 699 1477 Byzantinae
721 1425 908 1464 Graeciae
925 1425 1042 1463 fuisse
1061 1424 1220 1463 civitate
1243 1425 1434 1463 donatum
1457 1425 1532 1462 iam
1556 1439 1577 1462 a
1602 1431 1752 1476 tempo-

293 1483 405 1520 :ibus
437 1482 568 1519 Alexii
599 1482 811 1531 Comneni;
841 1496 918 1533 quo
948 1482 1078 1520 minus
1109 1482 1252 1520 mirum
1279 1487 1390 1519 tanto
1417 1481 1678 1533 posteriolem
1709 1480 1753 1518 id

293 1537 373 1575 1100
405 1538 494 1575 1000
530 1552 626 1576 usui
630 1552 720 1589 pare
749 1538 1052 1590 Pachymerem,
1095 1551 1145 1576 ex
1177 1537 1328 1587 vulgali
1357 1538 1443 1575 11110
1471 1536 1754 1575 consuetudine

294 1593 487 1644 loquendi
515 1594 664 1660 εο11[110
693 1595 883 1632 maledica
909 1600 1091 1632 mutuato
1122 1591 1169 1631 ab
1190 1593 1300 1632 Italis
1325 1593 1483 1632 nomine
1504 1589 1695 1646 φᾶμουσα
1715 1598 1755 1631 et.

293 1646 445 1703 τόμους
463 1649 546 1688 sive
565 1647 709 1703 λόγους
726 1647 962 1703 φαμούσους
983 1650 1193 1688 dicentem.

410 1723 572 1779 φιάλη
603 1726 881 1780 ἐκκλησίας
911 1741 950 1780 p-
977 1731 1032 1770 22
1062 1731 1194 1770 v.11-
1251 1722 1400 1778 φιαλη,
1427 1732 1474 1765 ut
1501 1726 1754 1765 doctissimus

295 1779 463 1822 Iacobus
486 1785 593 1822 Goar
610 1785 659 1822 0.
683 1785 722 1823 P.
753 1785 980 1823 observavit
1010 1784 1117 1822 notis
1144 1784 1194 1821 ad
1220 1781 1398 1832 διάταξιν
1430 1786 1502 1834 τῆς
1530 1783 1755 1836 ἷεροδιακο-
1820 1823 1823 1829 „

296 1841 387 1888 νίας
418 1855 456 1892 [1.
476 1841 531 1883 25
556 1836 618 1879 sui
646 1838 903 1908 Euchologii,
940 1842 1028 1878 fons
1053 1846 1138 1879 enat
1161 1840 1203 1878 in
1234 1840 1411 1878 ecclesiis
1437 1840 1676 1877 Graecorum
1711 1839 1755 1881 ἐν

298 1893 406 1952 αὐλῇ
433 1900 505 1936 τοῦ
533 1894 742 1951 νάρθηκος
769 1898 812 1936 in
841 1896 1051 1935 subdivali
1077 1911 1174 1934 area
1195 1896 1418 1946 nar-thecis,
1448 1896 1611 1934 ultimae
1633 1896 1756 1947 partis

299 1954 407 1992 aedis
434 1967 586 2003 sacrae,
614 1968 732 2004 aquas
759 1954 928 1992 fundens
955 1953 1044 1991 usui
1066 1954 1115 1992 ad
1136 1954 1326 1991 lotionem
1351 1953 1505 2001 ingredi
1529 1952 1756 1990 volentibus

158 2014 186 2049 P
210 2011 279 2048 513
305 2010 471 2048 futuimas
523 1986 724 2075 colligitur
740 2017 870 2048 autem
889 2024 940 2049 ex
958 2011 1188 2048 Balsamone
1202 2010 1251 2048 ad
1267 2023 1354 2048 0011
1371 2011 1425 2051 76
1443 2014 1576 2046 sextae
1591 2008 1755 2060 synodi,

299 2080 344 2104 01
347 2080 430 2103 eam
449 2066 564 2104 etiam
585 2069 733 2119 ipsam,
766 2067 807 2104 in
829 2081 903 2118 qua
927 2068 1015 2105 fons
1035 2074 1111 2116 est,
1141 2067 1283 2105 usitata
1301 2065 1490 2104 videlicet
1507 2064 1757 2116 synecdoche

303 2118 459 2173 φιάλην
477 2122 636 2161 dictam.
692 2130 954 2162 connumerat
970 2123 1072 2161 enim
1094 2119 1240 2174 φιάλας
1260 2126 1343 2169 τοῖς
1359 2120 1504 2173 ἑτέροις
1523 2120 1655 2173 μέρεσι
1673 2134 1757 2160 των

302 2178 430 2218 θείων
452 2182 584 2228 ναῶν,
607 2180 780 2231 phialas
810 2181 909 2217 aliis
928 2180 1118 2231 partibus
1143 2193 1352 2217 sacrorum
1373 2178 1629 2241 templorum,
1659 2189 1755 2226 quan

304 2247 439 2273 omnes
471 2242 687 2287 utcumque
717 2237 940 2274 subdivales
969 2236 1169 2274 communi
1185 2233 1377 2287 προνάων
1397 2233 1555 2271 nomine
1575 2244 1756 2298 compre-

302 2289 425 2328 hendi
447 2303 496 2329 ex
512 2292 733 2343 probatiori
755 2293 890 2331 multis
914 2292 1104 2330 sententia
1123 2292 1258 2330 tradit.
1316 2296 1374 2328 est
1390 2289 1511 2340 igitur
1529 2284 1655 2339 φιάλη
1683 2290 1757 2339 τῆς

304 2345 514 2408 ἐκκλησίας
539 2349 601 2386 vel
626 2349 713 2386 sons
742 2356 832 2387 ante
852 2350 955 2386 fores
976 2349 1082 2387 aedis
1100 2362 1232 2386 sacrae
1253 2347 1406 2399 positus
1421 2372 1433 2394 ,
1461 2345 1525 2383 vel
1545 2357 1633 2381 area
1652 2357 1755 2395 quo-

305 2414 382 2453 que
403 2402 489 2451 ipsa
513 2404 653 2454 templi
677 2405 787 2442 ostiis
812 2411 1037 2456 praetenta,
1066 2405 1108 2441 in
1133 2418 1209 2454 qua
1239 2399 1310 2440 sub
1329 2400 1452 2439 divo
1439 2413 1480 2437 111
1500 2399 1648 2437 concha
1667 2401 1756 2438 fons

303 2457 455 2496 tubulis
488 2455 631 2497 ductus
665 2473 785 2510 aquas
808 2461 988 2499 salientes
1012 2466 1173 2500 eructat.
1232 2459 1404 2496 imitatos
1425 2462 1464 2494 et
1481 2455 1590 2493 hunc
1608 2469 1757 2494 morem

304 2511 466 2552 Latinos
487 2514 728 2553 demonstrat
742 2516 894 2553 Paulini
913 2517 1025 2554 loeus
1043 2516 1154 2567 epist.
1177 2517 1230 2557 33
1249 2516 1292 2551 in
1313 2511 1529 2560 vestibulo,
1559 2512 1757 2563 inquiens,

306 2569 547 2608 cmitharum
577 2572 767 2608 ministra
789 2572 1000 2620 manibus,
1029 2579 1063 2608 et
1087 2571 1225 2608 oribus
1247 2571 1395 2606 nostri-s
1404 2543 1565 2619 fluen’ta
1586 2576 1757 2606 ructan-

307 2634 385 2664 tem
401 2626 658 2678 fastigiatus
679 2626 811 2664 solido
840 2641 928 2664 aere
959 2627 1096 2664 tholus·
1128 2632 1245 2664 ornat
1265 2633 1300 2663 et
1321 2624 1550 2673 inumbrat,
1577 2639 1656 2662 non
1672 2627 1758 2662 cine

308 2683 479 2733 mystica
504 2684 630 2734 specie
655 2691 834 2735 quatuor
863 2684 1061 2720 columnis·
1086 2683 1273 2719 salientes
1299 2695 1431 2732 aquas
1459 2681 1655 2722 ambiens..
1707 2681 1756 2719 de

308 2751 418 2777 more
439 2740 602 2790 antiquo
630 2739 789 2778 lavandi
810 2753 946 2778 manus
965 2743 1075 2777 extra
1096 2738 1296 2776 ecclesiam
1318 2744 1407 2775 ante
1429 2737 1645 2788 ingressum
1663 2736 1757 2776 vide

308 2795 515 2847 epistolam
531 2797 571 2836 S.
593 2793 674 2836 Nili
692 2795 747 2840 24
766 2796 795 2836 l.
817 2799 838 2838 1
861 2796 921 2835 ed.
939 2796 1052 2835 Rom.
1072 2795 1178 2848 typis
1194 2793 1417 2834 Barberinis
1437 2807 1478 2846 p.
1500 2796 1539 2836 9.
