1858 3126
273 143 368 191 598
685 141 920 186 GEORGII
951 142 1302 188 PACHYMERIS

271 255 375 301 καθ’
401 253 552 304 αὖτοὺς
569 255 712 311 φανείη
723 288 737 309 ,
774 256 878 311 πρὸς
898 259 957 314 τῷ
981 257 1046 298 καὶ
1065 255 1140 306 τὰς
1161 253 1326 307 ἐξόδους
1353 257 1538 313 παρέχειν
1555 258 1628 301 τὸν
1646 263 1729 311 βα-

271 324 384 368 σιλέα
414 324 625 377 ἐνέχεσθαι
651 325 694 375 ἐξ
722 318 847 381 οὗπερ
879 326 946 368 καὶ
973 329 1056 367 τῶν
1076 326 1188 368 ῗδίων
1218 323 1357 380 ὅρμων
1375 324 1726 382 ἀπολυθήσονται,

132 405 160 438 Ρ
182 404 250 441 418
277 391 333 442 ὥς
365 390 506 441 αὐτοῖς
534 394 618 434 ἐστὶ
647 390 847 448 σύνηθες,
886 393 1107 448 ἐμπορικὰς
1133 391 1287 443 ταύτας
1314 391 1498 448 εὗρόντες
1520 394 1622 449 πρὸς
1637 401 1728 444 ταῖς

271 459 426 512 ἐξόδοις
456 462 522 502 καὶ
545 462 717 520 πλείστῳ
748 466 834 520 λαῷ
863 462 1128 515 ἱκανουμὲνας
1158 461 1478 514 ἀποστέλλουσι,
1510 464 1730 518 παραγγεί-

272 533 415 577 λαντες
435 529 598 584 σφίσιν,
636 531 669 571 εἲ
697 530 890 583 βασιλεὺς
919 531 1169 586 προσκαλοιή
1194 528 1455 585 συμμάχους,
1495 527 1630 584 πάσης
1654 529 1763 578 &iz-5

274 602 349 652 λης
367 597 560 652 ἀσχολίας
585 597 792 655 ἀνωτέραν
821 599 896 653 τὴν
925 600 1160 653 συμμαχίαν
1189 599 1374 651 θέσθαι,
1409 595 1733 653 ὁμολογήσαντες
1769 648 1772 650 ‚

275 665 416 715 αὐτοῖς
433 666 583 708 ἐκεῖθεν
602 668 667 709 καὶ
687 667 761 716 τὰς
780 668 1063 724 μισθοφορίας
1095 671 1178 709 τῶν
1206 665 1402 722 συνήθων
1436 666 1732 720 ἑλαττουμένας

273 732 391 790 χάριν
409 733 483 788 τὴν
501 734 603 789 πρὸς
624 735 808 787 βασιλέα.
877 736 1124 790 συνέπραττε
1146 735 1193 778 δέ
1214 752 1274 785 τις
1293 735 1454 784 ἐκείνοις
1479 739 1611 777 ταῦτα
1630 738 1670 777 Γ
1666 752 1733 778 εν-

274 805 438 857 νου·ί’της
457 804 684 852 Σπίνουλος
697 837 709 855 ,
745 804 816 846 τὸν
838 809 910 847 τοῦ
927 804 1127 857 βασιλέως
1146 803 1236 847 υἱὸν
1258 805 1324 846 καὶ
1345 801 1546 858 δεσπότην
1565 800 1733 846 Θεόδω-

277 889 349 928 ρον
383 872 438 920 εἷς
461 872 648 927 γαμβρὸν
680 871 760 927 ἤδη
796 873 935 925 λαβὼν
962 873 1024 914 ἐπὶ
1046 873 1238 928 θυγατρί.
1308 870 1428 928 ὃγὰρ
1450 871 1644 925 βασιλεὺς
1664 872 1731 914 καὶ
1743 879 1787 915 10

227 956 256 990 Β
281 938 414 994 πατὴρ
442 939 513 982 τὸν
538 941 641 994 μετὰ
674 940 744 983 τὸν
772 939 963 996 Ἰωάννην
988 940 1215 984 πολλοστὸν
1244 943 1303 998 τῷ
1329 938 1465 999 χρόνῳ
1492 938 1734 995 Δημήτριον

274 1005 475 1062 δεσπότην
505 1007 766 1064 καταστήσας
801 1011 856 1059 εἲς
872 1011 1190 1065 Λαγγιβαρὸίαν
1208 1009 1444 1062 ἐξέπεμπεν·
1481 1006 1507 1062 ἦ
1533 1009 1578 1050 δὲ
1594 1006 1732 1064 μήτηρ

276 1074 332 1126 ὥς
358 1077 478 1130 μείζω
509 1076 676 1134 ἐξέκρινε
706 1077 777 1120 τὸν
807 1075 1050 1133 Θεόδωρον,
1096 1079 1162 1120 καὶ
1191 1076 1271 1119 ἀπὸ
1306 1077 1604 1130 Θεσσαλονίκης
1634 1074 1730 1118 ἀντ’

276 1145 426 1188 ἐκείνου
457 1150 604 1188 τοῦτον
627 1146 729 1201 πρὸς
754 1146 826 1189 τὸν
853 1151 926 1188 τοῦ
959 1146 1139 1202 ἀδελφοῦ
1167 1149 1315 1199 κλῆρον
1334 1144 1620 1196 ἀποκαθίστα,
1657 1143 1734 1199 τὴν

276 1217 352 1256 τοῦ
375 1215 596 1270 μαρκεσίου
619 1215 735 1269 τιμὴν
757 1212 989 1270 ληψόμενον
1002 1247 1014 1266 ,
1052 1216 1134 1256 ἐπεὶ
1158 1214 1305 1263 ἐκεῖνος
1333 1214 1405 1266 μέν
1433 1214 1475 1263 ἐξ
1499 1209 1732 1268 ἀνθρώπων
1744 1220 1787 1256 15

276 1281 452 1337 ἐγένετο,
482 1283 553 1325 τὸν
574 1284 618 1325 δὲ
644 1283 816 1335 βασιλέα
845 1283 883 1326 οἳ
913 1283 996 1324 ἐκεῖ
1019 1283 1256 1335 πέμψαντες
1275 1281 1413 1336 ἠξίουν
1436 1279 1503 1323 διά
1521 1297 1631 1330 τινος
1651 1284 1734 1323 τῶν

277 1351 392 1392 ι’ὃίων
411 1350 571 1403 τέκνων,
594 1353 658 1393 καὶ
680 1356 839 1405 μᾶλλον
857 1355 930 1394 τοῦ
951 1355 1009 1408 τῷ
1025 1348 1160 1408 χρόνῳ
1183 1355 1264 1393 τῶν
1284 1354 1436 1391 λοιπῶν
1459 1349 1736 1404 προφέροντος

230 1431 261 1475 c
283 1416 487 1471 Ἰωάννου,
525 1417 628 1462 κατά
648 1437 738 1462 τινα
760 1421 1030 1475 κληρονομίαν
1053 1420 1212 1462 δικαίαν
1234 1419 1382 1461 ἐκείνου
1402 1417 1576 1467 ἄπαιδος
1597 1420 1735 1459 τελευ-

278 1483 506 1540 τήσαντος,
538 1492 620 1531 τῶν
638 1487 734 1531 κατ’
762 1488 913 1538 αὐτοῦς
936 1487 1215 1543 ἀντίσχεσθαι.
1286 1485 1309 1530 ὃ
1341 1488 1407 1529 καὶ
1433 1485 1593 1543 γεγονὸς
1613 1483 1734 1528 ῧστε-

278 1593 501 1628 decreverunt
533 1594 623 1628 haud
657 1595 722 1629 sibi
750 1596 981 1630 aedificandas
1024 1596 1068 1630 de
1112 1606 1201 1630 novo
1232 1594 1372 1629 bellicas
1410 1604 1534 1627 navesz
1573 1592 1735 1626 sufficere

280 1639 405 1685 quippe
429 1641 474 1674 ad
497 1641 598 1675 fidem
621 1652 719 1686 quam
742 1641 866 1686 legatis
887 1642 1104 1684 imperatoris
1126 1640 1299 1674 dedissent
1319 1639 1545 1679 liberandam,
1566 1649 1607 1672 ex
1631 1649 1736 1683 prae-

278 1686 368 1723 senti
392 1687 490 1731 copia
512 1686 729 1720 servientium
753 1687 971 1721 mercimoniis
1002 1687 1135 1721 navium
1161 1686 1311 1720 delectas
1335 1685 1501 1730 plusculas
1524 1694 1564 1718 eo
1588 1684 1734 1725 mit-tere,

278 1742 420 1778 quarum
443 1743 523 1777 pars
544 1732 603 1766 ubi
627 1738 831 1767 exoneratae
853 1734 986 1774 forent,
1010 1731 1223 1778 imperatori,
1247 1732 1277 1765 si
1300 1741 1384 1776 opus
1407 1731 1571 1772 haberet,
1592 1732 1735 1764 navaret

279 1777 455 1812 militarem
481 1789 636 1823 operam,
666 1778 754 1812 aliae
775 1784 873 1813 notos
896 1778 980 1824 ipsis
1002 1783 1037 1812 et
1058 1779 1125 1812 iam
1149 1778 1277 1822 pridem
1299 1788 1361 1810 usu
1388 1775 1575 1810 commercii
1598 1774 1735 1821 pervios

279 1822 413 1858 illorum
435 1828 602 1858 tractuum
626 1824 759 1861 adirent
780 1830 908 1869 portus.
955 1828 1081 1859 tantum
1106 1824 1148 1858 iis
1169 1823 1398 1868 imposuerunt
1418 1821 1514 1856 simul
1538 1832 1612 1855 cum
1634 1831 1736 1855 onere

281 1869 437 1906 maiorem
463 1870 562 1903 solito
587 1870 724 1903 militum
759 1881 939 1904 numerum.
988 1870 1190 1904 mandarunt
1217 1872 1328 1902 autem
1354 1867 1538 1913 praefectis
1559 1867 1609 1901 ita
1631 1877 1737 1900 orna-

281 1919 339 1948 tae
362 1914 482 1949 classis
503 1915 714 1950 solventibus
728 1942 737 1956 ,
772 1920 811 1950 ut
833 1916 967 1961 quando
989 1915 1223 1961 pervenissent
1254 1913 1597 1958 Constantinopolim,
1627 1911 1737 1957 siqui-

281 1960 357 1993 dem
391 1960 576 2005 imperator
621 1962 767 2006 ipsorum
805 1961 1003 2007 imploraret
1039 1961 1219 2003 auxilium,
1261 1959 1390 1993 cunctis
1431 1960 1505 1993 aliis
1535 1958 1665 1993 omissis
1696 1968 1736 1992 se

281 2011 455 2050 promptos
487 2007 687 2041 exhiberent
710 2008 752 2041 ad
781 2019 855 2041 eum
880 2008 966 2042 bello
989 2007 1191 2050 iuvandum,
1223 2006 1316 2052 pacti
1339 2005 1472 2050 quidem
1493 2005 1536 2038 de
1558 2014 1651 2038 more
1671 2002 1737 2037 sti-

281 2051 404 2095 pendia
426 2052 588 2088 militibus
621 2054 663 2087 ab
699 2055 851 2098 Augusto
873 2053 1072 2098 pendenda;
1103 2064 1191 2098 quae
1214 2057 1326 2086 tamen
1347 2051 1509 2085 iubebant
1529 2048 1735 2084 moderatius

280 2096 408 2137 taxari,
441 2098 638 2144 remittique
670 2099 713 2133 de
741 2104 902 2133 consueta
932 2098 1179 2133 classiariorum
1212 2097 1366 2131 mercede
1386 2095 1513 2142 aliquid
1536 2095 1569 2129 iu
1591 2093 1736 2138 gratiam

279 2140 504 2185 imperatoris.
552 2144 669 2178 horum
694 2150 811 2178 auctor
834 2144 1046 2178 consiliorum
1078 2149 1113 2177 et
1135 2143 1232 2189 quasi
1254 2148 1430 2188 sequester
1461 2141 1567 2177 totius
1591 2150 1736 2174 couven-

280 2186 383 2220 tiouis
406 2187 470 2221 suit
493 2195 572 2223 tunc
602 2190 734 2235 quidam
759 2190 937 2236 Spinulus,
970 2191 1029 2235 qui
1051 2190 1156 2224 filium
1178 2189 1394 2234 imperatoris
1423 2187 1597 2231 despotam
1619 2185 1735 2219 Theo-

282 2231 398 2266 dorum
428 2245 588 2277 generum
619 2236 684 2270 iam
716 2236 808 2278 sibi,
841 2237 922 2270 data
953 2235 985 2269 ei
1018 2236 1051 2269 in
1085 2235 1325 2269 matrimonium
1348 2234 1434 2274 filia,
1469 2233 1611 2266 fecerat.
1657 2239 1735 2262 nain

282 2276 468 2321 imperator
490 2285 608 2324 pater,
631 2287 808 2326 postquam
832 2282 1004 2326 despotam
1027 2286 1178 2315 creasset
1192 2279 1396 2314 Demetrium
1418 2288 1511 2312 suum
1527 2276 1734 2309 filiurn·natu

285 2321 472 2365 minimum,
497 2326 677 2359 secundum
699 2339 719 2360 a
742 2327 887 2370 Ioanne,
912 2338 987 2361 eum
1009 2327 1043 2360 in
1066 2326 1336 2370 Longobardiam
1359 2324 1514 2357 miserat:
1543 2325 1650 2354 mater
1672 2330 1736 2354 au·-

286 2373 354 2401 tem
378 2369 421 2402 ad
445 2381 517 2403 eam
539 2371 605 2404 sibi
639 2371 766 2406 avitam
791 2373 989 2406 cernendam
1013 2372 1234 2405 hereditatem
1257 2370 1471 2403 Theodorum
1495 2365 1736 2411 praerogativa

285 2413 424 2448 maioris
446 2416 568 2448 aetatis
591 2428 731 2449 censens
755 2418 860 2461 magis
887 2417 1061 2457 idoneum,
1093 2417 1181 2450 hunc
1201 2413 1445 2450 Thessalonica
1473 2416 1568 2446 recta
1590 2411 1680 2444 misit
1699 2410 1736 2445 iu

285 2458 437 2500 Italiam,
469 2460 653 2504 legitimum
685 2462 841 2495 heredem
871 2463 1076 2495 declaratum
1100 2463 1262 2495 bonorum
1285 2465 1319 2493 et
1342 2458 1547 2503 principatus
1578 2456 1630 2490 sui
1661 2457 1736 2490 fra-

286 2503 371 2545 tris,
404 2510 611 2550 sumpturum
643 2507 711 2540 illic
745 2518 786 2540 eo
821 2507 918 2540 titulo
949 2507 1125 2540 marchesii
1155 2506 1363 2549 dignitatem.
1410 2503 1486 2537 huic
1507 2502 1736 2536 collocaverat

286 2549 390 2583 filiam
412 2550 589 2595 Spinulus:
621 2551 681 2584 sed
711 2556 750 2585 ut
770 2563 857 2596 quae
890 2558 1007 2586 secuta
1030 2556 1108 2585 sunt
1134 2552 1245 2585 obiter
1267 2550 1444 2589 adtexam,
1474 2552 1687 2594 praemature
1705 2547 1735 2581 is

286 2594 371 2628 obiit
392 2595 466 2630 sine
497 2597 591 2644 prole
621 2597 779 2630 mascula.
824 2597 911 2630 unde
943 2597 1192 2630 marchionatus
1214 2595 1312 2629 istius
1343 2595 1467 2628 subditi
1489 2598 1652 2637 rogarunt
1671 2592 1737 2626 im-

286 2646 481 2685 peratorem
503 2646 540 2676 ut
562 2641 627 2675 sibi
652 2642 833 2686 principem
857 2642 953 2675 daret
975 2654 995 2676 e
1018 2642 1088 2675 suis
1112 2654 1154 2676 ex
1177 2642 1275 2674 Irene
1298 2640 1376 2674 filiis
1399 2640 1606 2685 quempiam,
1629 2637 1737 2672 nomi-

286 2685 391 2719 natim
422 2690 533 2721 autem
566 2689 793 2732 exposcebant
823 2687 1001 2730 Ioannem,
1034 2687 1088 2721 cui
1118 2687 1170 2721 ius
1208 2686 1356 2720 moribus
1386 2686 1534 2730 ipsorum
1563 2683 1736 2730 peculiare

287 2736 478 2776 competere
500 2732 654 2775 aiebant,
685 2739 724 2767 ut
755 2738 838 2767 natu
868 2733 1030 2773 maximo,
1063 2733 1107 2766 ad
1129 2732 1374 2767 succedendum
1395 2732 1431 2766 in
1454 2731 1562 2764 locum
1585 2728 1735 2764 defuncti

285 2777 414 2824 absque
435 2778 531 2822 prole
553 2778 641 2814 virili
669 2779 786 2814 fratris
815 2779 867 2814 sui
898 2778 1122 2825 primogeniti.
1169 2778 1206 2814 id
1229 2779 1354 2814 factum
1377 2782 1432 2812 est
1453 2782 1594 2823 postea,
1615 2780 1652 2810 et
1674 2774 1736 2808 da-
