1820 3112
193 158 259 206 60
614 158 850 204 GEORGII
882 158 1234 203 PACHYMERIS

188 271 358 329 ἡμέραις
377 270 636 328 τεταγμέναις
652 276 728 328 τῆς
756 270 990 326 ἑβδομάδος
1018 269 1192 327 ἑκάστης
1220 270 1385 326 ὡμίλει,
1421 269 1526 328 ἔχων
1548 272 1655 330 παρ’

189 339 359 398 ἑκάτερα
388 342 453 382 καὶ
483 340 581 390 τούς
605 345 680 384 τοῦ
709 339 989 397 πατριάρχου,
1025 342 1096 384 καί
1128 340 1171 397 γ’
1203 341 1345 397 ἐπείρα
1372 340 1432 384 δι’
1462 340 1561 398 ὅλης
1584 346 1662 396 τῆς

188 408 631 465 τεσσαρακονθημίρου
668 408 933 464 συμβιβάζειν
974 411 1040 452 καὶ
1079 414 1276 452 συνενοῦν
1309 409 1574 466 ἀμφοτέρους
1603 412 1661 460 εἷς

187 479 286 532 μίαν
305 479 373 519 καὶ
392 477 466 532 τὴν
483 477 613 533 αὐτὴν
633 482 708 533 τῆς
727 481 938 528 κοινωνίας
955 477 1260 535 συμπλήρωσιν.
1329 477 1429 521 ἀλλ’
1455 478 1531 521 οὔκ
1553 478 1660 521 ἴπειη

187 551 289 598 θεν,
323 543 390 588 ὅτὲ
407 546 481 600 μὲν
501 551 753 602 παρακαλῶν
775 545 842 590 ὁτὲ
867 549 891 589 δ
899 547 911 562 ’
934 547 1128 603 ἐλέγχων,
1165 549 1232 589 καὶ
1251 550 1352 590 πᾶσι
1368 545 1535 603 τρόποις
1553 545 1693 590 aino-5

134 621 164 655 B
188 614 340 671 τρέχων
358 616 426 656 καὶ
446 617 718 671 ὃουλαγωγῶν
736 613 900 671 γνώμας
921 615 1348 670 ἀπανθρωπισθείσας
1378 613 1464 658 οἷον
1483 620 1543 674 τῷ
1558 613 1662 671 χρό-

187 700 270 742 νῳ,
309 684 377 726 καὶ
402 681 483 726 ὗπό
514 700 596 726 τισι
623 682 777 727 θεόθεν
802 685 982 739 σημείοις
1016 675 1243 733 ἐθελούσας
1272 686 1340 726 καὶ
1357 682 1502 738 μόνοις
1522 688 1662 727 καθυ-

187 752 454 794 ποκλίνεσθαι
468 765 478 775 “
515 752 562 794 τὸ
584 752 662 808 γὰρ
693 751 802 796 οὕτω
823 757 1044 807 πεισθῆναι
1072 749 1205 808 λόγοις
1225 755 1292 795 καὶ
1309 753 1527 808 παρευθύς
1548 754 1662 809 εἴρη-

187 818 326 872 νεύειν,
337 818 555 876 ὖφεικότας
574 819 700 876 τόσης
720 821 942 877 ἀκριβείας,
965 820 1207 864 δεικνύντων
1225 819 1325 864 εἶναι
1345 820 1510 877 γνώμης
1529 821 1660 864 αὐτα-

137 899 167 934 Δ
192 886 415 945 ρεσκούσης
436 890 503 931 καὶ
524 888 577 931 τὰ
597 894 672 944 τῆς
694 892 786 944 πρὶν
807 888 1034 939 ἐνστάσεως
1051 888 1355 943 ὑπελάμβανον.
1427 889 1531 946 (22)
1560 888 1659 932 ὅθεν
1673 895 1718 934 10

189 959 257 1000 καὶ
289 957 390 1013 πρὸς
420 957 471 1000 τὰ
503 956 630 1000 πάλαι
656 963 730 1001 τοῦ
763 963 867 1001 θεοῦ
905 965 1078 1013 σημεῖα,
1129 955 1190 1007 οἷς
1212 958 1263 1013 δὴ
1292 959 1658 1012 ἐνεθαυμαστοῦτο

188 1032 276 1075 τοῖς
308 1024 456 1082 ἁγίοις,
496 1025 750 1079 ἀπέβλεπον,
800 1028 867 1069 καὶ
897 1025 1035 1082 ὥσπερ
1068 1024 1170 1069 εἶναι
1188 1026 1259 1069 τὸν
1290 1026 1417 1070 αὐτὸν
1439 1031 1514 1070 νῦν
1531 1043 1575 1070 τε
1593 1029 1662 1069 καὶ

72 1102 102 1137 P
125 1102 170 1139 37
193 1092 334 1146 πάλαι,
363 1093 494 1144 οὕτως
523 1094 583 1137 ἀεὶ
613 1097 680 1137 καὶ
709 1095 762 1138 τὰ
796 1103 945 1150 σημεῖα
966 1095 1025 1150 μὴ
1046 1095 1360 1150 διακρινομένων
1380 1093 1509 1149 μόνον
1530 1094 1660 1154 ᾤοντο

192 1165 418 1220 γίγνεσθαι,
455 1165 523 1205 καὶ
543 1164 683 1218 τέρασι
704 1168 808 1207 θεοῦ
829 1162 996 1219 ἐζήτουν
1018 1162 1190 1213 ἐαυτοῧς
1208 1163 1446 1220 ἐπιτρέπειν,
1484 1161 1541 1214 ὥς
1561 1164 1663 1206 ἐκεί-

193 1248 279 1282 νοις
306 1230 518 1286 ἑψομένων
547 1230 712 1283 πάντως
738 1235 806 1275 καὶ
842 1232 1086 1290 ἀμφοτέρων
1114 1229 1176 1282 οἷς
1207 1232 1259 1287 δὴ
1289 1233 1357 1274 καὶ
1371 1232 1472 1283 θεὸς
1490 1231 1668 1290 ἔμφανεΐ
1673 1238 1716 1274 15

191 1345 274 1375 tunc
295 1339 451 1385 profiteri
474 1340 676 1375 dubitabant
706 1352 769 1375 sua
802 1341 838 1375 in
861 1345 980 1386 partes
1010 1352 1052 1375 ac
1074 1340 1264 1375 memoriam
1290 1340 1425 1375 Arsenii
1446 1352 1468 1375 a
1490 1339 1663 1375 Michaele

188 1389 344 1431 Augusto
366 1386 510 1430 relegati
533 1387 646 1421 studia
668 1387 817 1421 incensa.
863 1387 926 1421 bos
947 1387 1046 1420 simul
1069 1399 1184 1422 omnes
1205 1387 1307 1430 idem,
1329 1387 1386 1433 qui
1403 1391 1663 1430 convocaverat,

188 1432 374 1477 imperator
397 1434 498 1467 statis
529 1432 652 1478 quavis
678 1433 888 1467 hebdomade
911 1433 1031 1467 diebus
1062 1445 1123 1478 per
1146 1438 1254 1467 totam
1277 1433 1404 1479 alloqui
1427 1432 1664 1478 Quadragesi-

189 1490 278 1513 mam
304 1477 559 1523 perseveravit,
584 1490 753 1523 apparens
776 1479 810 1513 in
835 1485 1013 1520 conventu,
1037 1479 1285 1513 adsistentibus
1307 1479 1387 1513 hinc
1409 1478 1489 1512 inde
1511 1478 1575 1512 sibi
1599 1489 1664 1523 pa-

188 1524 339 1558 triarcha
362 1535 438 1558 cum
464 1524 555 1565 suis,
587 1531 623 1558 et
645 1536 771 1558 summo
797 1528 920 1558 conatu
943 1524 977 1558 in
999 1524 1034 1558 id
1057 1525 1252 1559 incumbens
1275 1528 1313 1558 ut
1336 1535 1438 1570 quam
1461 1523 1664 1559 efficacissi-

189 1569 256 1603 mis
279 1569 487 1604 orationibus
509 1570 730 1614 persuaderet
753 1570 802 1604 eis
825 1570 1038 1604 concordiam
1060 1578 1095 1605 et
1118 1570 1379 1605 communionem
1400 1569 1561 1604 invicem.
1597 1570 1662 1604 sed

190 1626 267 1649 cum
290 1615 388 1649 modo
411 1619 584 1656 moneret,
612 1616 708 1650 modo
735 1622 914 1659 argueret,
936 1615 1106 1650 interdum
1130 1621 1289 1660 rogaret,
1315 1616 1496 1661 aliquando
1515 1615 1663 1650 minare-

190 1663 269 1703 tur,
305 1661 389 1695 nibil
412 1673 479 1695 non
501 1661 646 1706 denique
676 1667 850 1702 moveret,
882 1673 991 1706 neque
1025 1662 1068 1696 ad
1099 1668 1284 1696 extremam
1318 1661 1451 1697 dicendi
1481 1662 1663 1706 agendive,

191 1718 282 1751 quae
305 1707 348 1741 ad
371 1707 405 1740 id
428 1708 602 1749 facerent,
634 1708 882 1742 contentionem
913 1707 977 1742 sibi
998 1708 1179 1753 quidquam
1203 1708 1321 1754 reliqui
1346 1709 1501 1751 faceret,
1533 1709 1663 1742 inuti-a

191 1757 304 1786 tamen
331 1764 464 1797 semper
485 1752 570 1796 fuit,
607 1753 696 1788 baud
719 1754 788 1788 ulla
811 1753 943 1788 ratione
965 1760 1084 1788 arteve
1108 1755 1264 1798 mitigare
1288 1754 1403 1789 valens
1425 1753 1588 1788 efferatas
1609 1753 1664 1787 in—

192 1797 355 1832 veteratis
379 1799 464 1833 odiis
486 1805 617 1833 mentes
639 1799 763 1833 obnixe
784 1799 818 1833 in
841 1799 1017 1844 proposito
1049 1796 1220 1845 utrimque
1242 1800 1486 1846 perstantium,
1509 1810 1574 1834 nec
1595 1797 1665 1834 nisi

190 1844 298 1888 signis
328 1844 489 1879 divinitus
522 1845 622 1879 editis
651 1857 806 1879 cessuras
835 1857 910 1880 sese
933 1845 1185 1890 profitentium,
1221 1851 1281 1880 aut
1303 1844 1503 1892 persuaderi
1525 1850 1664 1879 coutra-

191 1890 248 1924 ria
278 1891 416 1924 creditis
447 1891 610 1926 hactenus
642 1902 814 1936 passuras.
876 1891 925 1925 sic
959 1891 1047 1925 enim
1080 1892 1170 1936 apud
1201 1903 1278 1926 sese
1310 1891 1545 1932 disserebant,
1574 1889 1664 1925 verti

192 1946 291 1970 suam
313 1936 462 1981 ipsorum
493 1936 529 1970 in
553 1938 616 1971 hoc
639 1937 919 1971 existimationem
942 1942 978 1970 et
1007 1938 1129 1971 famam
1152 1945 1288 1979 sectae,
1313 1949 1377 1972 nec
1399 1937 1430 1972 ai
1450 1936 1564 1971 verbis
1584 1941 1665 1970 tan-

193 1986 265 2015 tum
289 1987 325 2015 et
346 1982 536 2017 rationibus
558 1983 708 2017 humanis
740 1983 783 2017 de
815 1987 882 2016 tam
914 1986 1109 2016 constanter
1131 1983 1307 2029 hucusque
1330 1983 1502 2019 affirmata
1522 1987 1663 2016 senten-

194 2027 245 2060 tia
264 2027 535 2069 dimoverentun
573 2029 687 2063 vitare
717 2029 809 2074 ipsos
833 2040 932 2073 posse
955 2028 1038 2073 quin
1061 2028 1136 2063 iure
1162 2030 1375 2073 viderentur,
1398 2027 1584 2064 arbitraria
1605 2038 1664 2062 so-

193 2072 263 2106 lum
287 2074 471 2117 praefracti
495 2075 596 2109 animi
620 2075 841 2115 contumacia,
856 2074 928 2108 sine
947 2079 1144 2117 argumento
1167 2076 1426 2110 fundamentove
1447 2073 1664 2109 auctoritatis

198 2117 354 2160 idoneae,
378 2119 522 2164 antiquis
546 2122 632 2155 adeo
655 2120 887 2155 inflexibiliter
909 2120 1044 2166 placitis
1066 2120 1230 2156 haesisse.
1276 2122 1359 2165 (22)
1384 2121 1502 2166 itaque
1523 2119 1591 2154 rati
1612 2119 1664 2154 sic

195 2165 351 2197 excusari
381 2165 557 2200 dumtaxat
585 2178 687 2211 posse
714 2166 932 2212 praeteritam
955 2166 1193 2211 pertinaciam,
1224 2167 1254 2202 si
1285 2166 1415 2202 nonnisi
1437 2166 1534 2211 signo
1557 2164 1664 2199 mani-

194 2210 286 2244 festo
305 2209 411 2244 divini
434 2212 593 2245 contrarii
617 2212 731 2246 iudicii
754 2212 863 2258 palam
887 2218 1023 2246 ostenso
1047 2217 1195 2246 veterem
1217 2212 1467 2259 persuasionem
1490 2209 1665 2244 remisisse

197 2254 410 2298 dicerentur,
434 2257 523 2291 ultro
547 2259 781 2302 provocabant
803 2258 846 2292 ad
869 2257 1045 2304 prodigia,
1068 2258 1217 2302 qualium
1241 2259 1283 2293 ad
1307 2256 1540 2301 coarguendas
1562 2255 1664 2289 aliter

195 2312 239 2335 ac
262 2312 317 2335 res
341 2304 415 2335 erat
437 2302 642 2347 opinantium
665 2304 828 2338 humanae
850 2303 1163 2338 ratiocinationibus
1186 2303 1309 2338 mentia
1338 2300 1664 2347 indeprehensibiles

195 2346 453 2382 allucinationes
475 2360 570 2382 usum
594 2348 749 2383 extitisse
768 2350 846 2383 olim
870 2350 906 2384 in
928 2349 1102 2383 veteribus
1124 2360 1237 2383 rerum
1258 2347 1564 2383 ecclesiasticarum
1590 2358 1663 2380 mo-

197 2392 364 2427 numentis
394 2393 582 2435 celebrem,
614 2406 691 2428 sese
713 2395 912 2428 observasse
936 2395 1168 2429 meminerant.
1213 2395 1249 2428 in
1272 2405 1339 2439 quo
1363 2393 1448 2427 adeo
1472 2392 1541 2427 sibi
1562 2393 1663 2426 fave-

195 2439 280 2473 bant
303 2438 398 2483 larga
421 2440 632 2484 propriorum
654 2439 887 2474 aestimatione
909 2441 1127 2482 meritorum,
1163 2442 1202 2473 ut
1232 2451 1326 2474 suam
1356 2438 1445 2472 inter
1469 2443 1505 2472 et
1526 2441 1664 2473 sancto-

194 2495 270 2518 rum
293 2496 503 2530 quorumque
533 2485 699 2519 hominum
721 2490 848 2519 sortem
880 2485 961 2519 nibil
983 2485 1239 2519 discernendum
1262 2488 1495 2526 autumarent3
1529 2487 1566 2517 et
1587 2494 1662 2520 cum

195 2529 286 2564 idem
309 2530 429 2575 utique
450 2531 509 2575 qui
533 2531 631 2573 olim,
661 2542 748 2564 nunc
770 2542 904 2575 quoque
926 2530 1070 2575 polleret
1093 2531 1198 2571 deus,
1229 2530 1450 2564 dubitandum
1473 2540 1540 2564 non
1562 2534 1663 2574 puta-

193 2580 274 2610 rent
295 2576 378 2622 quin
410 2576 494 2630 ipsis
524 2576 692 2622 intrepida
715 2576 842 2610 fiducia
871 2577 1085 2622 poscentibus
1119 2575 1215 2620 paria
1243 2587 1326 2610 suae
1348 2586 1528 2620 supremae
1549 2574 1663 2608 indul-

194 2626 296 2666 geret
318 2626 548 2667 expenrnenta
571 2622 754 2668 potestatis
775 2621 842 2663 iis,
873 2633 962 2666 quae
992 2621 1028 2655 in
1056 2620 1124 2655 sibi
1156 2633 1309 2655 carorum
1333 2621 1500 2666 quondam
1525 2628 1561 2654 et
1582 2632 1663 2665 spe-

195 2673 312 2702 ctatae
333 2668 573 2703 sanctimoniae
596 2668 762 2703 hominum
784 2667 924 2711 gloriam
946 2666 1146 2700 mirabiliter
1167 2672 1306 2713 patrare
1330 2667 1395 2701 sibi
1419 2666 1572 2701 duxisset
1587 2667 1662 2711 glo-

196 2714 332 2748 riosum.
379 2714 443 2749 boc
463 2714 568 2759 igitur
590 2719 626 2748 et
648 2713 811 2748 audacter
834 2718 871 2747 et
893 2713 1070 2757 magnifice
1091 2713 1286 2757 iactabant,
1309 2712 1508 2758 permittere
1530 2724 1569 2746 se
1590 2723 1664 2747 rem

196 2759 280 2794 deo:
303 2759 554 2795 declaraturum
576 2760 667 2794 haud
689 2759 792 2794 dubie
812 2759 923 2805 ipsum
948 2759 1035 2793 mira
1057 2758 1242 2804 cuiuspiam
1264 2759 1411 2794 editione
1433 2757 1581 2804 portenti
1605 2758 1664 2792 fa-

195 2816 313 2841 vorem
333 2806 371 2841 in
394 2817 530 2842 causam
550 2805 700 2853 ipsorum
721 2817 840 2849 suum,
873 2816 916 2841 ea
937 2805 1107 2841 evidentia
1129 2803 1187 2840 cui
1207 2805 1363 2840 neutrius
1381 2804 1494 2851 partis
1514 2809 1663 2852 quanta-
