1858 3126
382 149 459 193 DE
493 144 822 191 ANDRONICO
856 141 1230 187 PALAEOLOGO
1266 143 1311 185 L.
1348 141 1424 186 IV.
1531 143 1629 189 315

167 261 391 321 πράγματα
410 258 693 310 καθιστάντας
710 258 757 302 τὸ
775 258 917 301 λοιπὸν
938 257 981 300 ἓν
1004 256 1135 301 ἀνέσει
1161 275 1204 301 τε
1224 259 1292 301 καὶ
1311 262 1451 316 τρυφῇ
1473 260 1630 314 διαζῆν,

170 336 235 378 ἐπὶ
255 336 454 376 τοσοῦτον
473 331 518 373 δὲ
536 326 871 383 κατατρέχεσθαι
890 323 1043 381 μάχαις
1062 328 1128 369 καὶ
1147 328 1425 383 ε’κστρατειάις
1447 325 1551 382 μήτ’
1577 330 1636 371 εἷ-

172 402 284 446 divae
302 399 404 455 μήτε
424 399 506 454 μὴν
527 396 748 441 δύνασθαι.
795 400 930 439 ταῦτα
955 395 1136 450 λέγοντες
1158 397 1279 452 δῇλοί
1294 413 1337 439 τε
1357 391 1464 452 ἦσαν
1481 386 1636 451 ἕτοιμοι

173 470 287 520 ὅντες
314 470 537 523 ἀναχωρεῖν
566 468 633 510 καὶ
664 464 864 520 βασιλέως
891 463 950 519 μὴ
981 463 1198 521 ἀφιέντος,
1247 466 1314 507 καὶ
1344 473 1431 516 τοῖς
1461 466 1635 521 ἐπισχεῖν

140 549 162 584 5
175 538 429 595 ὡρμημένοις
453 536 703 590 ἀντιστῆναι.
771 537 905 576 ταῦτα
922 533 997 586 μὲν
1018 532 1172 587 μαθὼν
1188 531 1406 587 βασιλεύς,
1444 536 1511 577 καὶ
1533 539 1637 578 πολ-

171 612 256 652 λῶν
275 603 516 661 ἀβουλήτων
541 603 688 659 ἑτέρων
707 602 834 646 αὐτὸν
853 599 1131 657 περιστάντων
1155 627 1212 635 -
1239 603 1306 644 καὶ
1326 603 1405 659 γὰρ
1425 603 1545 647 ἔνθεν
1562 604 1638 659 μὲν

173 676 273 720 ὅσον
299 671 349 731 ἦν
376 676 466 730 περὶ
502 672 628 716 αὐτὸν
655 670 879 726 Ῥωμαϊκὸν
905 668 1113 726 μάχιμον,
1159 673 1408 726 πεπυσμένοι
1436 674 1526 728 περὶ
1555 677 1638 716 τῶν

172 749 292 802 σφῶν
310 745 446 787 οῗκιῶν
464 741 654 797 κειμένων
668 740 749 796 ἤδη
767 742 822 791 εἷς
837 739 1014 796 ὄλεθρον
1024 773 1038 792 ,
1074 739 1244 796 ἀφέντες
1262 740 1339 796 τὴν
1356 742 1445 797 περὶ
1463 741 1534 784 τὸν
1551 746 1633 795 βα·
1658 751 1688 786 C

173 812 288 857 σιλὲα
309 812 525 869 στρατείαν
546 807 790 865 ἀνεχώρουν,
812 807 865 851 τὰ
887 810 1043 851 ’ἑαυτῶν
1065 809 1236 859 ἕκαστος
1255 808 1635 866 περιποιησόμενος·

121 880 198 928 1οὸ
229 878 378 924 τούτου
404 898 448 923 τε
478 884 594 929 θεῖος
619 877 640 922 ὃ
664 878 787 921 >ioan
816 875 1046 932 ἐτεθνήκει,
1085 875 1107 921 ὅ
1132 877 1174 920 δ’
1198 878 1335 934 ἕτερος
1366 883 1479 929 θεῖος
1506 878 1638 923 αὐτοῦ

174 950 350 1006 Μιχαὴλ
371 947 394 992 ὃ
415 945 617 1004 δεσπότης
635 945 745 1006 νόσῳ
763 946 987 1003 περιπεσὼν
1016 944 1206 1003 ἀνεχώρει
1228 949 1295 989 καὶ
1314 946 1441 997 αὐτὸς
1461 949 1564 1005 πρὸς
1585 949 1638 992 τὰ

176 1019 301 1070 οἷ’κοι,
339 1019 406 1061 καὶ
431 1017 479 1060 τὸ
510 1021 592 1059 πᾶν
621 1012 671 1072 ἦν
699 1017 740 1059 ἐν
760 1023 846 1065 τοῖς
858 1014 1057 1065 Ἀλανοῖς.
1129 1015 1178 1058 τὸ
1195 1017 1270 1070 μὲν
1284 1013 1504 1070 βιάζεσθαι
1527 1022 1638 1074 σφᾶς

174 1087 316 1144 καιρὸν
331 1085 406 1130 οὐκ
425 1084 526 1140 εἶχεν
538 1118 550 1137 ,
588 1084 699 1140 ὅμως
722 1085 766 1128 δὲ
786 1091 964 1139 κατεῖχεν
982 1086 1158 1134 ἐκείνους
1176 1086 1239 1127 ἐπὶ
1259 1085 1372 1143 ῥητῷ
1390 1088 1631 1147 τριμηνιαίῳ
1654 1092 1687 1128 Ι)

175 1161 303 1215 καιρῷ
327 1155 399 1212 ἐφ’
425 1153 656 1210 ὁμολογίαις
683 1155 724 1196 ἓν
755 1152 912 1209 ὅρκοις,
948 1148 975 1209 ἦ
994 1153 1076 1207 μὴν
1098 1152 1119 1207 ἢ
1143 1153 1308 1196 ἱκανοῦν
1327 1151 1466 1211 ρόγαις
1484 1154 1510 1209 ἢ
1530 1155 1638 1198 ἄπο-

122 1230 165 1266 15
176 1223 284 1268 λύειν
309 1226 519 1276 ἐντεῦθεν,
558 1224 725 1275 ἐλπίζων
756 1222 824 1265 διὰ
855 1227 949 1265 τῶν.
967 1222 1071 1278 πρὸς
1088 1222 1159 1265 τὸν
1180 1224 1338 1279 πατέρα
1364 1225 1432 1265 καὶ
1463 1224 1637 1276 βασιλέα

169 1296 345 1351 ’γραφῶν
362 1310 406 1336 τε
425 1293 491 1334 καὶ
510 1290 761 1347 μηνυμάτων
786 1288 915 1347 πόρον
934 1291 998 1333 ἐπὶ
1021 1288 1183 1340 τούτοις
1203 1299 1311 1346 σχεῖν
1328 1290 1353 1346 ἢ
1371 1291 1456 1346 μὴν
1472 1291 1637 1349 χρημά-

176 1379 259 1406 των
278 1361 302 1416 ἢ
324 1363 391 1404 καὶ
412 1365 581 1415 βουλῆς.
648 1359 841 1414 βασιλεὺς
871 1360 915 1402 δὲ
944 1359 1098 1413 μαθὼν
1130 1362 1173 1402 ἓν
1203 1362 1391 1418 φροντίδι
1407 1355 1457 1416 ἦν
1473 1366 1548 1404 τοῦ
1569 1364 1637 1404 καὶ

176 1435 236 1491 τῷ
252 1431 328 1490 υἱῷ
348 1436 566 1486 περιποιεῖν
585 1428 638 1471 τοὶ
662 1426 923 1485 προσήκοντα
950 1429 1018 1471 καὶ
1043 1432 1103 1488 τῷ
1128 1428 1237 1472 ἴθ’νει
1256 1430 1309 1473 τοὶ
1332 1429 1532 1487 ἀναγκαία
1555 1431 1636 1482 ε’ξι-

265 1551 300 1586 4.
322 1547 498 1597 ὖφιέντος
515 1549 554 1584 Ρ.

176 1652 300 1700 positis
323 1665 343 1688 e
365 1653 534 1687 sententia
557 1652 679 1695 rebus,
717 1652 931 1697 fructumque
961 1650 1126 1686 victoriae
1156 1652 1274 1697 quiete
1296 1663 1418 1687 secura
1440 1665 1482 1688 ac
1504 1653 1637 1689 deliciis

178 1705 328 1744 gustare.
373 1704 469 1734 tanto
494 1710 575 1733 vero
599 1698 712 1743 spatio
737 1699 839 1733 atteri
862 1698 983 1742 pugnis
1007 1703 1042 1732 et
1065 1698 1207 1742 fatigari
1237 1698 1440 1733 militaribus
1464 1701 1639 1734 excursio-

177 1746 277 1780 nibus
298 1757 363 1779 nec
384 1746 472 1779 scire
493 1757 558 1779 nec
578 1745 707 1778 valere.
753 1745 840 1778 haec
860 1745 910 1778 ita
933 1744 1180 1789 loquebantur,
1203 1748 1242 1778 ut
1264 1744 1347 1779 satis
1371 1752 1553 1790 appareret
1574 1757 1638 1791 pa-

178 1795 273 1827 ratos
296 1802 356 1825 eos
378 1791 423 1825 ad
444 1791 668 1825 recedendum
691 1790 792 1825 etiam
815 1801 880 1824 non
903 1790 1119 1835 permittente
1139 1790 1365 1835 imperatore,
1389 1797 1425 1824 et
1447 1791 1554 1836 siqui
1577 1793 1639 1826 ob-

179 1841 275 1872 stare
305 1841 529 1878 conarentur,
561 1837 595 1870 vi
619 1842 655 1871 et
677 1837 777 1871 armis
799 1836 1037 1870 ulciscendum.
1085 1835 1119 1869 id
1147 1836 1295 1870 michael
1317 1837 1489 1880 Augustus
1512 1837 1638 1871 intelli-

181 1893 287 1926 gens,
308 1882 423 1917 multis
443 1883 540 1916 simul
564 1882 637 1916 aliis
658 1889 776 1916 contra
798 1894 897 1927 quam
921 1882 1024 1917 vellet
1044 1881 1275 1926 undecumque
1297 1882 1527 1916 accidentibus
1545 1894 1638 1917 oom-

173 1929 391 1962 movebatur.
436 1939 514 1962 nam
546 1929 644 1970 binc,
676 1934 837 1973 quantum
868 1928 1018 1962 habebat
1047 1927 1184 1961 fortium
1206 1927 1343 1960 militum
1366 1927 1510 1962 Romani
1533 1940 1636 1973 gene-

180 1973 243 2014 ris,
265 1973 369 2007 dilabi
391 1973 545 2018 quotidie
565 1974 722 2017 videbat3
744 1986 808 2008 nec
830 1973 942 2008 teneri
963 1977 1123 2018 poterant
1145 1972 1226 2017 quin
1248 1972 1374 2007 auditis
1395 1973 1550 2008 tristibus
1572 1987 1636 2008 un-

181 2018 284 2062 dique
307 2018 524 2052 affluentibus
548 2019 693 2059 nuntiis,
723 2020 780 2064 qui
803 2031 883 2054 suas
905 2018 1028 2064 cuique
1049 2019 1165 2051 domos
1188 2023 1249 2051 aut
1271 2018 1338 2051 iam
1360 2019 1403 2053 ab
1426 2019 1524 2054 hoste
1545 2020 1636 2055 dire-

182 2069 261 2109 ptas
290 2069 350 2098 aut
381 2075 403 2098 a
430 2064 466 2097 vi
496 2069 532 2097 et
562 2065 716 2098 incendio
746 2066 896 2109 proxime
928 2064 1162 2110 periclitantes
1184 2063 1398 2107 indicabant,
1430 2067 1636 2101 consternati

181 2109 359 2154 suppetias
388 2114 624 2152 accurrerent,
659 2109 844 2144 insalutato
877 2110 1081 2156 imperatore
1103 2109 1301 2143 deserentes
1324 2118 1457 2155 castra,
1490 2113 1635 2147 caritate

180 2155 394 2190 familiarium
435 2156 672 2189 verecundiam
712 2155 909 2200 discipliuae
941 2167 982 2189 ac
1010 2154 1204 2198 religionem
1247 2158 1447 2191 sacramenti
1477 2158 1636 2197 militaris

180 2201 363 2235 eluctante.
410 2204 590 2247 praeterea
615 2201 829 2246 imperatoris
859 2201 1047 2235 avunculus
1070 2203 1161 2234 Asau
1178 2201 1216 2234 in
1238 2201 1296 2236 illa
1318 2202 1439 2237 militia
1461 2204 1549 2238 diem
1573 2205 1636 2239 ob-

179 2246 280 2281 ierat.
326 2247 413 2281 alter
444 2246 546 2280 etiam
579 2246 785 2288 avunculus,
816 2247 963 2281 MichaeI
993 2246 1157 2291 despota,
1189 2248 1305 2282 morbo
1333 2254 1510 2294 correptus
1534 2262 1635 2285 cura-

179 2292 282 2327 tionis
305 2304 408 2327 causa
429 2298 618 2327 secesserat
640 2293 782 2326 domum.
828 2293 905 2326 binc
928 2295 1037 2326 totum
1058 2297 1243 2326 castrorum
1262 2294 1367 2328 robur
1389 2296 1488 2330 situm
1503 2296 1537 2330 in
1553 2297 1635 2331 Ala-

182 2338 236 2372 nis
258 2344 354 2381 erat;
380 2351 464 2385 quos
487 2339 620 2373 omnino
644 2339 740 2373 abire
762 2339 914 2373 volentes
937 2338 972 2372 vi
996 2340 1156 2372 coercere
1177 2339 1267 2373 haud
1290 2340 1436 2376 valebat.
1483 2348 1559 2377 arte
1582 2348 1638 2376 ta·

181 2395 257 2419 men
280 2389 318 2418 et
339 2384 510 2420 blanditiis
531 2385 710 2419 verborum
726 2385 900 2420 trimestre
922 2394 997 2418 cum
1020 2383 1064 2417 iis
1086 2395 1202 2419 morae
1224 2385 1369 2431 spatium
1391 2399 1495 2432 aegre
1517 2392 1637 2433 pactus

182 2435 257 2472 est,
288 2430 503 2465 iureiurando
530 2431 731 2465 confirmans
762 2443 801 2465 se
828 2434 888 2465 aut
919 2430 1004 2475 ipsis
1036 2434 1229 2464 curaturum
1249 2431 1316 2465 isto
1338 2432 1517 2468 intervallo
1553 2445 1639 2480 pen-

182 2475 293 2510 siones
316 2479 518 2521 perpetuas,
550 2477 671 2523 quibus
693 2477 726 2511 in
750 2488 877 2511 omnem
907 2476 1028 2510 deiude
1049 2475 1152 2510 vitam
1176 2478 1345 2512 commode
1367 2484 1530 2524 agerent,
1565 2484 1638 2520 aut,

184 2520 215 2555 si
237 2521 345 2555 miuus
366 2522 400 2556 id
425 2525 562 2568 posset,
584 2523 651 2557 rite
665 2523 888 2557 dimissurum.
935 2533 999 2567 per
1021 2522 1083 2555 has
1105 2521 1200 2556 velut
1220 2522 1368 2559 indutias
1391 2527 1552 2571 sperabat
1574 2525 1639 2557 im-

183 2571 396 2611 petraturum
419 2579 440 2602 a
464 2574 583 2613 patre,
618 2569 661 2603 ad
685 2581 784 2614 quem
807 2569 964 2613 plurimas
989 2566 1063 2601 eius
1084 2568 1270 2603 sententiae
1292 2569 1410 2605 literas
1433 2572 1639 2615 crebrosque

183 2611 286 2646 alium
307 2623 410 2658 super
432 2614 534 2648 alium
566 2615 700 2649 nuntios
731 2614 938 2656 missitabat,
973 2613 1171 2647 facultatem
1193 2618 1232 2648 nt
1254 2615 1318 2650 sibi
1341 2617 1487 2661 aliquam
1509 2616 1640 2650 Alano-

184 2665 259 2691 rum
281 2659 531 2694 retinendorum
559 2661 754 2706 provideret
783 2660 837 2694 vel
864 2659 1007 2705 pecunia
1030 2659 1196 2694 submissa
1218 2661 1272 2696 vel
1295 2663 1435 2697 consilio
1459 2662 1571 2707 aliquo
1595 2661 1639 2695 ad

184 2699 222 2734 id
253 2702 327 2736 utili
358 2710 529 2749 suggestm
576 2710 612 2740 et
641 2705 812 2750 ingressus
842 2706 956 2740 senior
979 2705 1151 2748 Augustus
1170 2705 1206 2740 in
1227 2719 1301 2741 eam
1324 2709 1413 2743 serio
1436 2719 1549 2742 curam
1573 2713 1639 2750 est,

186 2747 463 2784 subministrandi
484 2750 556 2784 filio
579 2762 622 2785 ea
643 2753 765 2796 quibus
787 2756 923 2796 egeret,
953 2750 987 2784 in
1011 2750 1194 2797 primisque
1217 2754 1413 2788 conferendi
1436 2764 1639 2788 nummorum

188 2798 463 2842 caeterorumque
491 2797 714 2842 praemiorum
740 2803 901 2844 quantum
924 2800 1000 2832 erat
1022 2797 1249 2834 necessarium
1272 2800 1315 2835 ad
1338 2803 1472 2845 gentem
1503 2811 1638 2836 avaram
