<?xml version="1.0" encoding="UTF-8"?>
<!DOCTYPE html PUBLIC "-//W3C//DTD XHTML 1.0 Transitional//EN"
    "http://www.w3.org/TR/xhtml1/DTD/xhtml1-transitional.dtd">
<html xmlns="http://www.w3.org/1999/xhtml" xml:lang="en" lang="en">
 <head>
  <title>
</title>
<meta http-equiv="Content-Type" content="text/html;charset=utf-8" />
  <meta name='ocr-system' content='tesseract 3.04.00' />
  <meta name='ocr-capabilities' content='ocr_page ocr_carea ocr_par ocr_line ocrx_word'/>
</head>
<body>
  <div class='ocr_page' id='page_1' title='image "./corpusscriptorum18niebuoft_0556.png"; bbox 0 0 1858 3126; ppageno 0'>
   <div class='ocr_carea' id='block_1_1' title="bbox 272 197 1303 250">
    <p class='ocr_par' dir='ltr' id='par_1_1' title="bbox 272 197 1303 250">
     <span class='ocr_line' id='line_1_1' title="bbox 272 197 1303 250; baseline 0.004 -4"><span class='ocrx_word' id='word_1_1' title='bbox 272 197 371 246; x_wconf 81' lang='lat'><strong>540</strong></span> <span class='ocrx_word' id='word_1_2' title='bbox 689 201 922 245; x_wconf 89' lang='lat' dir='ltr'>GEORGII</span> <span class='ocrx_word' id='word_1_3' title='bbox 953 202 1303 250; x_wconf 84' lang='lat' dir='ltr'>PACHYMERIS</span> 
     </span>
    </p>
   </div>
   <div class='ocr_carea' id='block_1_2' title="bbox 136 309 1786 1326">
    <p class='ocr_par' dir='ltr' id='par_1_2' title="bbox 270 309 1721 373">
     <span class='ocr_line' id='line_1_2' title="bbox 270 309 1721 373; baseline 0.007 -18"><span class='ocrx_word' id='word_1_4' title='bbox 270 312 448 367; x_wconf 74' lang='grc' dir='ltr'><strong><em>μενίζετο</em></strong></span> <span class='ocrx_word' id='word_1_5' title='bbox 474 312 541 354; x_wconf 70' lang='grc' dir='ltr'><strong><em>καὶ</em></strong></span> <span class='ocrx_word' id='word_1_6' title='bbox 571 309 810 369; x_wconf 81' lang='grc' dir='ltr'><em>ξυμμάχους</em></span> <span class='ocrx_word' id='word_1_7' title='bbox 836 310 1199 370; x_wconf 76' lang='grc' dir='ltr'><strong><em>προσελάμβανεν,</em></strong></span> <span class='ocrx_word' id='word_1_8' title='bbox 1238 316 1514 373; x_wconf 72' lang='grc' dir='ltr'><strong>ἀγγελθέντων</strong></span> <span class='ocrx_word' id='word_1_9' title='bbox 1539 324 1623 364; x_wconf 83' lang='grc' dir='ltr'><strong>τῶν</strong></span> <span class='ocrx_word' id='word_1_10' title='bbox 1641 319 1721 364; x_wconf 64' lang='lat' dir='ltr'><strong>uti-⁴</strong></span> 
     </span>
    </p>

    <p class='ocr_par' dir='ltr' id='par_1_3' title="bbox 222 379 1719 444">
     <span class='ocr_line' id='line_1_3' title="bbox 222 379 1719 444; baseline 0.005 -20"><span class='ocrx_word' id='word_1_11' title='bbox 222 394 255 429; x_wconf 87' lang='lat' dir='ltr'>D</span> <span class='ocrx_word' id='word_1_12' title='bbox 277 387 362 430; x_wconf 92' lang='grc' dir='ltr'><strong><em>τοΐς</em></strong></span> <span class='ocrx_word' id='word_1_13' title='bbox 379 379 680 434; x_wconf 72' lang='grc' dir='ltr'><em>πραττομένων.</em></span> <span class='ocrx_word' id='word_1_14' title='bbox 749 380 806 432; x_wconf 81' lang='grc' dir='ltr'><strong><em>ὡς</em></strong></span> <span class='ocrx_word' id='word_1_15' title='bbox 824 381 927 437; x_wconf 81' lang='grc' dir='ltr'><strong><em>ἀωρὶ</em></strong></span> <span class='ocrx_word' id='word_1_16' title='bbox 949 387 1030 425; x_wconf 86' lang='grc' dir='ltr'><strong>τῶν</strong></span> <span class='ocrx_word' id='word_1_17' title='bbox 1050 389 1205 427; x_wconf 78' lang='grc' dir='ltr'><strong><em>νυκτῶν</em></strong></span> <span class='ocrx_word' id='word_1_18' title='bbox 1223 383 1248 439; x_wconf 80' lang='grc' dir='ltr'><strong><em>ἦ</em></strong></span> <span class='ocrx_word' id='word_1_19' title='bbox 1273 390 1373 436; x_wconf 82' lang='grc' dir='ltr'><strong><em>ναῦς</em></strong></span> <span class='ocrx_word' id='word_1_20' title='bbox 1391 386 1536 442; x_wconf 55' lang='lat' dir='ltr'><strong>luzam,</strong></span> <span class='ocrx_word' id='word_1_21' title='bbox 1554 390 1619 431; x_wconf 79' lang='grc' dir='ltr'><strong><em>καὶ</em></strong></span> <span class='ocrx_word' id='word_1_22' title='bbox 1637 388 1719 444; x_wconf 76' lang='grc' dir='ltr'><strong>ἤδη</strong></span> 
     </span>
    </p>

    <p class='ocr_par' dir='ltr' id='par_1_4' title="bbox 271 446 1720 510">
     <span class='ocr_line' id='line_1_4' title="bbox 271 446 1720 510; baseline 0.005 -18"><span class='ocrx_word' id='word_1_23' title='bbox 271 452 314 492; x_wconf 88' lang='grc' dir='ltr'><strong><em>Γ</em></strong></span> <span class='ocrx_word' id='word_1_24' title='bbox 310 451 528 497; x_wconf 85' lang='grc' dir='ltr'><strong><em>εννουί’“ταις</em></strong></span> <span class='ocrx_word' id='word_1_25' title='bbox 564 446 589 503; x_wconf 79' lang='grc' dir='ltr'><strong><em>ἦ</em></strong></span> <span class='ocrx_word' id='word_1_26' title='bbox 612 453 693 492; x_wconf 88' lang='grc' dir='ltr'><strong>τῶν</strong></span> <span class='ocrx_word' id='word_1_27' title='bbox 721 455 829 505; x_wconf 85' lang='grc' dir='ltr'><strong><em>νηῶν</em></strong></span> <span class='ocrx_word' id='word_1_28' title='bbox 850 450 1059 506; x_wconf 68' lang='grc' dir='ltr'><strong><em>ἠγγέλλετο</em></strong></span> <span class='ocrx_word' id='word_1_29' title='bbox 1091 451 1251 508; x_wconf 68' lang='grc' dir='ltr'><strong><em>ἄφιξις,</em></strong></span> <span class='ocrx_word' id='word_1_30' title='bbox 1296 452 1460 510; x_wconf 87' lang='grc' dir='ltr'><strong><em>πρόσετι</em></strong></span> <span class='ocrx_word' id='word_1_31' title='bbox 1498 455 1543 498; x_wconf 78' lang='grc' dir='ltr'><strong>δὲ</strong></span> <span class='ocrx_word' id='word_1_32' title='bbox 1581 457 1646 499; x_wconf 83' lang='grc' dir='ltr'><strong>καὶ</strong></span> <span class='ocrx_word' id='word_1_33' title='bbox 1671 456 1720 499; x_wconf 78' lang='grc' dir='ltr'><strong><em>τὸ</em></strong></span> 
     </span>
    </p>

    <p class='ocr_par' dir='ltr' id='par_1_5' title="bbox 271 515 1758 648">
     <span class='ocr_line' id='line_1_5' title="bbox 271 515 1724 576; baseline 0.006 -18"><span class='ocrx_word' id='word_1_34' title='bbox 271 515 459 571; x_wconf 76' lang='grc' dir='ltr'><strong><em>ποιητέον</em></strong></span> <span class='ocrx_word' id='word_1_35' title='bbox 483 517 654 571; x_wconf 76' lang='grc' dir='ltr'><strong>ἐζητεῖτο</strong></span> <span class='ocrx_word' id='word_1_36' title='bbox 683 515 738 567; x_wconf 81' lang='grc' dir='ltr'><strong><em>ὥς</em></strong></span> <span class='ocrx_word' id='word_1_37' title='bbox 765 518 892 567; x_wconf 68' lang='grc' dir='ltr'><strong><em>εὐθὺς</em></strong></span> <span class='ocrx_word' id='word_1_38' title='bbox 921 517 1266 574; x_wconf 71' lang='grc' dir='ltr'><strong><em>ὑποστρεψάντων</em></strong></span> <span class='ocrx_word' id='word_1_39' title='bbox 1291 523 1356 564; x_wconf 78' lang='grc' dir='ltr'><strong><em>καὶ</em></strong></span> <span class='ocrx_word' id='word_1_40' title='bbox 1378 521 1629 576; x_wconf 74' lang='grc' dir='ltr'><strong><em>κομισάντων</em></strong></span> <span class='ocrx_word' id='word_1_41' title='bbox 1647 523 1724 574; x_wconf 73' lang='grc' dir='ltr'><strong>τὰς</strong></span> 
     </span>
     <span class='ocr_line' id='line_1_6' title="bbox 271 584 1758 648; baseline 0.005 -21"><span class='ocrx_word' id='word_1_42' title='bbox 271 584 456 640; x_wconf 82' lang='grc' dir='ltr'><strong><em>ἀγγελίας</em></strong></span> <span class='ocrx_word' id='word_1_43' title='bbox 465 616 478 637; x_wconf 93' lang='grc'><strong><em>,</em></strong></span> <span class='ocrx_word' id='word_1_44' title='bbox 516 584 643 635; x_wconf 68' lang='grc' dir='ltr'><strong><em>εὐθὺς</em></strong></span> <span class='ocrx_word' id='word_1_45' title='bbox 670 586 808 629; x_wconf 81' lang='grc' dir='ltr'><strong><em>ε’κεῒνοι</em></strong></span> <span class='ocrx_word' id='word_1_46' title='bbox 833 587 945 643; x_wconf 80' lang='grc' dir='ltr'><strong><em>παρὰ</em></strong></span> <span class='ocrx_word' id='word_1_47' title='bbox 969 587 1140 640; x_wconf 68' lang='grc' dir='ltr'><strong><em>βασιλέα</em></strong></span> <span class='ocrx_word' id='word_1_48' title='bbox 1175 587 1254 632; x_wconf 73' lang='grc' dir='ltr'><strong>ὑπὸ</strong></span> <span class='ocrx_word' id='word_1_49' title='bbox 1278 593 1533 646; x_wconf 79' lang='grc' dir='ltr'><strong><em>λαμπτῆρσιν</em></strong></span> <span class='ocrx_word' id='word_1_50' title='bbox 1552 591 1758 648; x_wconf 57' lang='lat' dir='ltr'><strong>&amp;qunti-5</strong></span> 
     </span>
    </p>

    <p class='ocr_par' dir='ltr' id='par_1_6' title="bbox 273 653 1727 712">
     <span class='ocr_line' id='line_1_7' title="bbox 273 653 1727 712; baseline 0.004 -16"><span class='ocrx_word' id='word_1_51' title='bbox 273 670 336 696; x_wconf 91' lang='grc' dir='ltr'><strong>νοι</strong></span> <span class='ocrx_word' id='word_1_52' title='bbox 366 653 441 702; x_wconf 79' lang='grc' dir='ltr'><strong>τὰς</strong></span> <span class='ocrx_word' id='word_1_53' title='bbox 475 654 628 696; x_wconf 72' lang='grc' dir='ltr'><strong><em>ἐκεῖθεν</em></strong></span> <span class='ocrx_word' id='word_1_54' title='bbox 653 653 892 710; x_wconf 76' lang='grc' dir='ltr'><strong><em>ἕκχωρήσεις</em></strong></span> <span class='ocrx_word' id='word_1_55' title='bbox 921 654 1153 709; x_wconf 74' lang='grc' dir='ltr'><strong><em>ἐλάμβανον</em></strong></span> <span class='ocrx_word' id='word_1_56' title='bbox 1164 689 1177 708; x_wconf 95' lang='grc'><strong><em>,</em></strong></span> <span class='ocrx_word' id='word_1_57' title='bbox 1226 655 1282 707; x_wconf 84' lang='grc' dir='ltr'><strong><em>ὥς</em></strong></span> <span class='ocrx_word' id='word_1_58' title='bbox 1311 659 1438 712; x_wconf 75' lang='grc' dir='ltr'><strong><em>εἶμέν</em></strong></span> <span class='ocrx_word' id='word_1_59' title='bbox 1470 657 1727 702; x_wconf 73' lang='grc' dir='ltr'><strong><em>ὖποκλιθεῖεν</em></strong></span> 
     </span>
    </p>

    <p class='ocr_par' dir='ltr' id='par_1_7' title="bbox 274 721 1727 782">
     <span class='ocr_line' id='line_1_8' title="bbox 274 721 1727 782; baseline 0.004 -18"><span class='ocrx_word' id='word_1_60' title='bbox 274 721 586 776; x_wconf 80' lang='grc' dir='ltr'><strong><em>ἆντιμαχοῢσιν,</em></strong></span> <span class='ocrx_word' id='word_1_61' title='bbox 623 723 658 764; x_wconf 82' lang='grc' dir='ltr'><strong><em>εἶ</em></strong></span> <span class='ocrx_word' id='word_1_62' title='bbox 677 722 719 764; x_wconf 75' lang='grc' dir='ltr'><strong>δ’</strong></span> <span class='ocrx_word' id='word_1_63' title='bbox 743 723 1023 775; x_wconf 74' lang='grc' dir='ltr'><strong><em>ἇνθίσταιντο,</em></strong></span> <span class='ocrx_word' id='word_1_64' title='bbox 1058 724 1186 775; x_wconf 77' lang='grc' dir='ltr'><strong><em>εὐθύς</em></strong></span> <span class='ocrx_word' id='word_1_65' title='bbox 1208 729 1415 780; x_wconf 76' lang='grc' dir='ltr'><strong><em>πολεμεῖν,</em></strong></span> <span class='ocrx_word' id='word_1_66' title='bbox 1450 728 1518 769; x_wconf 79' lang='grc' dir='ltr'><strong><em>καὶ</em></strong></span> <span class='ocrx_word' id='word_1_67' title='bbox 1537 725 1727 782; x_wconf 76' lang='grc' dir='ltr'><strong><em>πλήθους</em></strong></span> 
     </span>
    </p>

    <p class='ocr_par' dir='ltr' id='par_1_8' title="bbox 227 788 1726 850">
     <span class='ocr_line' id='line_1_9' title="bbox 227 788 1726 850; baseline 0.005 -19"><span class='ocrx_word' id='word_1_68' title='bbox 227 796 260 831; x_wconf 80' lang='grc' dir='ltr'>Ε</span> <span class='ocrx_word' id='word_1_69' title='bbox 283 794 432 844; x_wconf 82' lang='grc' dir='ltr'><strong><em>συχνοῦ</em></strong></span> <span class='ocrx_word' id='word_1_70' title='bbox 464 793 620 845; x_wconf 74' lang='grc' dir='ltr'><strong><em>πρωΐας</em></strong></span> <span class='ocrx_word' id='word_1_71' title='bbox 644 788 869 844; x_wconf 78' lang='grc' dir='ltr'><strong><em>Ῥωμαϊκοῦ</em></strong></span> <span class='ocrx_word' id='word_1_72' title='bbox 898 796 972 834; x_wconf 83' lang='grc' dir='ltr'><strong>τοῦ</strong></span> <span class='ocrx_word' id='word_1_73' title='bbox 1000 793 1074 846; x_wconf 81' lang='grc' dir='ltr'><strong>μὲν</strong></span> <span class='ocrx_word' id='word_1_74' title='bbox 1097 793 1202 836; x_wconf 82' lang='grc' dir='ltr'><strong><em>κατὰ</em></strong></span> <span class='ocrx_word' id='word_1_75' title='bbox 1228 793 1304 843; x_wconf 79' lang='grc' dir='ltr'><strong>τὰς</strong></span> <span class='ocrx_word' id='word_1_76' title='bbox 1330 793 1456 845; x_wconf 78' lang='grc' dir='ltr'><strong><em>ἀκτὰς</em></strong></span> <span class='ocrx_word' id='word_1_77' title='bbox 1474 795 1726 850; x_wconf 75' lang='grc' dir='ltr'><strong><em>στησομένου</em></strong></span> 
     </span>
    </p>

    <p class='ocr_par' dir='ltr' id='par_1_9' title="bbox 276 857 1784 985">
     <span class='ocr_line' id='line_1_10' title="bbox 276 857 1726 919; baseline 0.005 -20"><span class='ocrx_word' id='word_1_78' title='bbox 276 857 379 914; x_wconf 86' lang='grc' dir='ltr'><strong><em>πρὸς</em></strong></span> <span class='ocrx_word' id='word_1_79' title='bbox 398 857 556 912; x_wconf 78' lang='grc' dir='ltr'><strong><em>ἄμυναν</em></strong></span> <span class='ocrx_word' id='word_1_80' title='bbox 566 891 580 911; x_wconf 92' lang='grc'><strong><em>,</em></strong></span> <span class='ocrx_word' id='word_1_81' title='bbox 615 862 688 901; x_wconf 86' lang='grc' dir='ltr'><strong>τοῦ</strong></span> <span class='ocrx_word' id='word_1_82' title='bbox 721 859 763 901; x_wconf 81' lang='lat'><strong>‹5’</strong></span> <span class='ocrx_word' id='word_1_83' title='bbox 790 857 927 902; x_wconf 73' lang='grc' dir='ltr'><strong><em>ἁλιάσι</em></strong></span> <span class='ocrx_word' id='word_1_84' title='bbox 955 862 1189 904; x_wconf 83' lang='grc' dir='ltr'><strong><em>διαποντίου</em></strong></span> <span class='ocrx_word' id='word_1_85' title='bbox 1207 862 1495 917; x_wconf 74' lang='grc' dir='ltr'><strong><em>γενησομένου·</em></strong></span> <span class='ocrx_word' id='word_1_86' title='bbox 1532 863 1726 919; x_wconf 72' lang='grc' dir='ltr'><strong><em>οὐδὲγὰρ</em></strong></span> 
     </span>
     <span class='ocr_line' id='line_1_11' title="bbox 279 924 1784 985; baseline 0.006 -17"><span class='ocrx_word' id='word_1_87' title='bbox 279 925 530 980; x_wconf 75' lang='grc' dir='ltr'><strong><em>ἀπέβλεψεν,</em></strong></span> <span class='ocrx_word' id='word_1_88' title='bbox 562 924 617 976; x_wconf 83' lang='grc' dir='ltr'><strong><em>ὥς</em></strong></span> <span class='ocrx_word' id='word_1_89' title='bbox 641 926 764 978; x_wconf 80' lang='grc' dir='ltr'><strong><em>αὐτὸς</em></strong></span> <span class='ocrx_word' id='word_1_90' title='bbox 790 929 863 982; x_wconf 75' lang='grc' dir='ltr'><strong>μὲν</strong></span> <span class='ocrx_word' id='word_1_91' title='bbox 892 927 940 971; x_wconf 81' lang='grc' dir='ltr'><strong><em>οὗ</em></strong></span> <span class='ocrx_word' id='word_1_92' title='bbox 962 927 1165 983; x_wconf 81' lang='grc' dir='ltr'><strong><em>ποιήσων,</em></strong></span> <span class='ocrx_word' id='word_1_93' title='bbox 1201 930 1302 985; x_wconf 81' lang='grc' dir='ltr'><strong><em>πρὸς</em></strong></span> <span class='ocrx_word' id='word_1_94' title='bbox 1321 931 1492 981; x_wconf 69' lang='grc' dir='ltr'><strong><em>ἐκείνους</em></strong></span> <span class='ocrx_word' id='word_1_95' title='bbox 1511 932 1555 974; x_wconf 74' lang='grc' dir='ltr'><strong>δὲ</strong></span> <span class='ocrx_word' id='word_1_96' title='bbox 1574 931 1621 974; x_wconf 88' lang='grc' dir='ltr'><strong><em>τό</em></strong></span> <span class='ocrx_word' id='word_1_97' title='bbox 1643 935 1726 974; x_wconf 81' lang='grc' dir='ltr'><strong>πᾶν</strong></span> <span class='ocrx_word' id='word_1_98' title='bbox 1738 941 1784 977; x_wconf 85' lang='grc'><strong>10</strong></span> 
     </span>
    </p>

    <p class='ocr_par' dir='ltr' id='par_1_10' title="bbox 277 991 1730 1056">
     <span class='ocr_line' id='line_1_12' title="bbox 277 991 1730 1056; baseline 0.003 -19"><span class='ocrx_word' id='word_1_99' title='bbox 277 992 520 1051; x_wconf 77' lang='grc' dir='ltr'><strong><em>πράξοντας.</em></strong></span> <span class='ocrx_word' id='word_1_100' title='bbox 590 996 705 1052; x_wconf 77' lang='grc' dir='ltr'><strong><em>σφίσι</em></strong></span> <span class='ocrx_word' id='word_1_101' title='bbox 733 997 807 1049; x_wconf 73' lang='grc' dir='ltr'><strong>μέν</strong></span> <span class='ocrx_word' id='word_1_102' title='bbox 840 991 913 1039; x_wconf 79' lang='grc' dir='ltr'><strong>οὖν</strong></span> <span class='ocrx_word' id='word_1_103' title='bbox 943 996 990 1039; x_wconf 81' lang='grc' dir='ltr'><strong><em>τὸ</em></strong></span> <span class='ocrx_word' id='word_1_104' title='bbox 1018 996 1118 1047; x_wconf 77' lang='grc' dir='ltr'><strong><em>δάος</em></strong></span> <span class='ocrx_word' id='word_1_105' title='bbox 1144 993 1194 1052; x_wconf 81' lang='grc' dir='ltr'><strong>ἦν</strong></span> <span class='ocrx_word' id='word_1_106' title='bbox 1221 999 1262 1040; x_wconf 77' lang='grc' dir='ltr'><strong>ἓν</strong></span> <span class='ocrx_word' id='word_1_107' title='bbox 1278 1000 1416 1054; x_wconf 77' lang='grc' dir='ltr'><strong><em>χερσί,</em></strong></span> <span class='ocrx_word' id='word_1_108' title='bbox 1449 1000 1516 1042; x_wconf 77' lang='grc' dir='ltr'><strong><em>καὶ</em></strong></span> <span class='ocrx_word' id='word_1_109' title='bbox 1534 997 1730 1056; x_wconf 65' lang='grc' dir='ltr'><strong><em>ὑπέστρε-</em></strong></span> 
     </span>
    </p>

    <p class='ocr_par' dir='ltr' id='par_1_11' title="bbox 136 1064 1731 1122">
     <span class='ocr_line' id='line_1_13' title="bbox 136 1064 1731 1122; baseline 0 -12"><span class='ocrx_word' id='word_1_110' title='bbox 136 1074 166 1109; x_wconf 86' lang='grc' dir='ltr'>Ρ</span> <span class='ocrx_word' id='word_1_111' title='bbox 188 1074 254 1110; x_wconf 84' lang='grc'><strong>375</strong></span> <span class='ocrx_word' id='word_1_112' title='bbox 279 1077 382 1120; x_wconf 84' lang='grc' dir='ltr'><strong><em>φον·</em></strong></span> <span class='ocrx_word' id='word_1_113' title='bbox 452 1064 571 1121; x_wconf 77' lang='grc'>(29)</span> <span class='ocrx_word' id='word_1_114' title='bbox 605 1064 796 1117; x_wconf 69' lang='grc' dir='ltr'><strong><em>βασιλείς</em></strong></span> <span class='ocrx_word' id='word_1_115' title='bbox 817 1066 862 1107; x_wconf 77' lang='grc' dir='ltr'><strong>δὲ</strong></span> <span class='ocrx_word' id='word_1_116' title='bbox 878 1067 1050 1120; x_wconf 80' lang='grc' dir='ltr'><strong><em>μυρίους</em></strong></span> <span class='ocrx_word' id='word_1_117' title='bbox 1072 1064 1194 1120; x_wconf 77' lang='grc' dir='ltr'><strong><em>ε’ξήλα</em></strong></span> <span class='ocrx_word' id='word_1_118' title='bbox 1211 1066 1314 1120; x_wconf 73' lang='grc' dir='ltr'><strong><em>μεθ’</em></strong></span> <span class='ocrx_word' id='word_1_119' title='bbox 1340 1065 1501 1120; x_wconf 80' lang='grc' dir='ltr'><strong><em>ὅπλων,</em></strong></span> <span class='ocrx_word' id='word_1_120' title='bbox 1537 1066 1731 1122; x_wconf 71' lang='grc' dir='ltr'><strong><em>πορθμός</em></strong></span> 
     </span>
    </p>

    <p class='ocr_par' dir='ltr' id='par_1_12' title="bbox 280 1126 1731 1190">
     <span class='ocr_line' id='line_1_14' title="bbox 280 1126 1731 1190; baseline 0.003 -16"><span class='ocrx_word' id='word_1_121' title='bbox 280 1131 323 1174; x_wconf 75' lang='grc' dir='ltr'><strong>δ’</strong></span> <span class='ocrx_word' id='word_1_122' title='bbox 349 1126 471 1181; x_wconf 68' lang='grc' dir='ltr'><strong><em>οὗτος</em></strong></span> <span class='ocrx_word' id='word_1_123' title='bbox 495 1135 605 1186; x_wconf 86' lang='grc' dir='ltr'><strong><em>νηῶν</em></strong></span> <span class='ocrx_word' id='word_1_124' title='bbox 635 1132 860 1188; x_wconf 69' lang='grc' dir='ltr'><strong><em>ἐπληροῦτο</em></strong></span> <span class='ocrx_word' id='word_1_125' title='bbox 882 1134 1237 1184; x_wconf 74' lang='grc' dir='ltr'><strong><em>διαπλωϊσομένων</em></strong></span> <span class='ocrx_word' id='word_1_126' title='bbox 1263 1132 1547 1190; x_wconf 80' lang='grc' dir='ltr'><strong><em>πρόςῬήγιον.</em></strong></span> <span class='ocrx_word' id='word_1_127' title='bbox 1614 1134 1731 1178; x_wconf 74' lang='grc' dir='ltr'><strong><em>οὔπω</em></strong></span> 
     </span>
    </p>

    <p class='ocr_par' dir='ltr' id='par_1_13' title="bbox 138 1200 1786 1326">
     <span class='ocr_line' id='line_1_15' title="bbox 138 1200 1728 1259; baseline 0.002 -16"><span class='ocrx_word' id='word_1_128' title='bbox 138 1201 167 1237; x_wconf 84' lang='lat' dir='ltr'>P</span> <span class='ocrx_word' id='word_1_129' title='bbox 190 1200 258 1237; x_wconf 83' lang='grc'><strong>576</strong></span> <span class='ocrx_word' id='word_1_130' title='bbox 281 1201 326 1243; x_wconf 74' lang='grc' dir='ltr'><strong>δὲ</strong></span> <span class='ocrx_word' id='word_1_131' title='bbox 347 1204 481 1249; x_wconf 85' lang='grc' dir='ltr'><strong><em>καλῶς</em></strong></span> <span class='ocrx_word' id='word_1_132' title='bbox 503 1200 728 1255; x_wconf 72' lang='grc' dir='ltr'><strong><em>ἐπέστησαν</em></strong></span> <span class='ocrx_word' id='word_1_133' title='bbox 750 1201 788 1243; x_wconf 80' lang='grc' dir='ltr'><strong><em>οἶ</em></strong></span> <span class='ocrx_word' id='word_1_134' title='bbox 807 1201 1076 1258; x_wconf 72' lang='grc' dir='ltr'><strong><em>πεμφθέντες,</em></strong></span> <span class='ocrx_word' id='word_1_135' title='bbox 1112 1201 1306 1252; x_wconf 76' lang='grc' dir='ltr'><strong><em>κάκείνοις</em></strong></span> <span class='ocrx_word' id='word_1_136' title='bbox 1324 1203 1366 1253; x_wconf 73' lang='grc' dir='ltr'><strong>ἐξ</strong></span> <span class='ocrx_word' id='word_1_137' title='bbox 1384 1203 1559 1246; x_wconf 67' lang='grc' dir='ltr'><strong><em>ἑωθινοῦ</em></strong></span> <span class='ocrx_word' id='word_1_138' title='bbox 1579 1201 1728 1259; x_wconf 70' lang='grc' dir='ltr'><strong><em>στερρὰ</em></strong></span> 
     </span>
     <span class='ocr_line' id='line_1_16' title="bbox 279 1266 1786 1326; baseline 0.003 -14"><span class='ocrx_word' id='word_1_139' title='bbox 279 1270 499 1312; x_wconf 77' lang='grc' dir='ltr'><strong><em>συνίστατο</em></strong></span> <span class='ocrx_word' id='word_1_140' title='bbox 530 1266 665 1324; x_wconf 82' lang='grc' dir='ltr'><strong><em>μάχη,</em></strong></span> <span class='ocrx_word' id='word_1_141' title='bbox 713 1273 835 1313; x_wconf 80' lang='grc' dir='ltr'><strong><em>τοῦτο</em></strong></span> <span class='ocrx_word' id='word_1_142' title='bbox 870 1270 944 1325; x_wconf 75' lang='grc' dir='ltr'><strong>μὲν</strong></span> <span class='ocrx_word' id='word_1_143' title='bbox 975 1271 1044 1313; x_wconf 85' lang='grc' dir='ltr'><strong><em>καὶ</em></strong></span> <span class='ocrx_word' id='word_1_144' title='bbox 1082 1269 1151 1313; x_wconf 82' lang='grc' dir='ltr'><strong><em>διὰ</em></strong></span> <span class='ocrx_word' id='word_1_145' title='bbox 1186 1269 1261 1325; x_wconf 81' lang='grc' dir='ltr'><strong>τὴν</strong></span> <span class='ocrx_word' id='word_1_146' title='bbox 1301 1271 1489 1314; x_wconf 73' lang='grc' dir='ltr'><strong><em>ἐντεῦθεν</em></strong></span> <span class='ocrx_word' id='word_1_147' title='bbox 1525 1268 1727 1326; x_wconf 76' lang='grc' dir='ltr'><strong><em>δήλωσιν,</em></strong></span> <span class='ocrx_word' id='word_1_148' title='bbox 1741 1279 1786 1317; x_wconf 80' lang='lat'><strong>15</strong></span> 
     </span>
    </p>
   </div>
   <div class='ocr_carea' id='block_1_3' title="bbox 371 1357 715 1423">
    <p class='ocr_par' dir='ltr' id='par_1_14' title="bbox 371 1357 715 1423">
     <span class='ocr_line' id='line_1_17' title="bbox 371 1357 715 1423; baseline 0 -10"><span class='ocrx_word' id='word_1_149' title='bbox 371 1379 404 1413; x_wconf 70' lang='grc' dir='ltr'><strong>Ξ.</strong></span> <span class='ocrx_word' id='word_1_150' title='bbox 429 1374 499 1423; x_wconf 75' lang='grc' dir='ltr'><strong>ὥς]</strong></span> <span class='ocrx_word' id='word_1_151' title='bbox 525 1357 575 1419; x_wconf 64' lang='grc' dir='ltr'><strong><em>οἷς</em></strong></span> <span class='ocrx_word' id='word_1_152' title='bbox 596 1376 715 1423; x_wconf 69' lang='grc' dir='ltr'><strong>γοῦνῖ</strong></span> 
     </span>
    </p>
   </div>
   <div class='ocr_carea' id='block_1_4' title="bbox 280 1467 1747 2879">
    <p class='ocr_par' dir='ltr' id='par_1_15' title="bbox 280 1467 1747 2879">
     <span class='ocr_line' id='line_1_18' title="bbox 281 1467 1733 1515; baseline 0.001 -12"><span class='ocrx_word' id='word_1_153' title='bbox 281 1471 383 1504; x_wconf 85' lang='lat' dir='ltr'><strong>antea</strong></span> <span class='ocrx_word' id='word_1_154' title='bbox 407 1468 642 1503; x_wconf 82' lang='lat' dir='ltr'><strong>Genuensibus</strong></span> <span class='ocrx_word' id='word_1_155' title='bbox 664 1467 921 1513; x_wconf 83' lang='lat' dir='ltr'><strong>imperatorem,</strong></span> <span class='ocrx_word' id='word_1_156' title='bbox 945 1469 1074 1514; x_wconf 86' lang='lat' dir='ltr'><strong>prolixa</strong></span> <span class='ocrx_word' id='word_1_157' title='bbox 1096 1481 1274 1515; x_wconf 83' lang='lat' dir='ltr'><strong>perperam</strong></span> <span class='ocrx_word' id='word_1_158' title='bbox 1298 1473 1448 1505; x_wconf 87' lang='lat' dir='ltr'><strong>actorum</strong></span> <span class='ocrx_word' id='word_1_159' title='bbox 1469 1467 1650 1515; x_wconf 77' lang='lat' dir='ltr'><strong>impertitis</strong></span> <span class='ocrx_word' id='word_1_160' title='bbox 1670 1480 1733 1504; x_wconf 86' lang='lat' dir='ltr'><strong>ve-</strong></span> 
     </span>
     <span class='ocr_line' id='line_1_19' title="bbox 280 1514 1734 1561; baseline 0.001 -13"><span class='ocrx_word' id='word_1_161' title='bbox 280 1514 357 1556; x_wconf 88' lang='lat' dir='ltr'><strong>nia,</strong></span> <span class='ocrx_word' id='word_1_162' title='bbox 382 1514 483 1548; x_wconf 87' lang='lat' dir='ltr'><strong>etiam</strong></span> <span class='ocrx_word' id='word_1_163' title='bbox 506 1514 689 1547; x_wconf 85' lang='lat' dir='ltr'><strong>renovandi</strong></span> <span class='ocrx_word' id='word_1_164' title='bbox 712 1514 859 1548; x_wconf 84' lang='lat' dir='ltr'><strong>foederis</strong></span> <span class='ocrx_word' id='word_1_165' title='bbox 874 1515 1175 1561; x_wconf 82' lang='lat' dir='ltr'><strong>instaurandaeque</strong></span> <span class='ocrx_word' id='word_1_166' title='bbox 1187 1516 1357 1550; x_wconf 85' lang='lat' dir='ltr'><strong>societatis</strong></span> <span class='ocrx_word' id='word_1_167' title='bbox 1373 1517 1534 1561; x_wconf 80' lang='lat' dir='ltr'><strong>probatas</strong></span> <span class='ocrx_word' id='word_1_168' title='bbox 1556 1519 1734 1560; x_wconf 72' lang='lat' dir='ltr'><strong>acceptas-</strong></span> 
     </span>
     <span class='ocr_line' id='line_1_20' title="bbox 281 1558 1734 1607; baseline 0.001 -16"><span class='ocrx_word' id='word_1_169' title='bbox 281 1571 350 1604; x_wconf 89' lang='lat' dir='ltr'><strong>que</strong></span> <span class='ocrx_word' id='word_1_170' title='bbox 379 1558 461 1603; x_wconf 90' lang='lat' dir='ltr'><strong>ipsis</strong></span> <span class='ocrx_word' id='word_1_171' title='bbox 495 1559 701 1593; x_wconf 85' lang='lat' dir='ltr'><strong>conditiones</strong></span> <span class='ocrx_word' id='word_1_172' title='bbox 731 1561 903 1594; x_wconf 86' lang='lat' dir='ltr'><strong>obtulisse.</strong></span> <span class='ocrx_word' id='word_1_173' title='bbox 947 1560 981 1593; x_wconf 89' lang='lat' dir='ltr'><strong>id</strong></span> <span class='ocrx_word' id='word_1_174' title='bbox 1013 1561 1070 1594; x_wconf 88' lang='lat' dir='ltr'><strong>ille</strong></span> <span class='ocrx_word' id='word_1_175' title='bbox 1103 1567 1239 1595; x_wconf 88' lang='lat' dir='ltr'><strong>strenue</strong></span> <span class='ocrx_word' id='word_1_176' title='bbox 1262 1566 1573 1607; x_wconf 66' lang='lat' dir='ltr'><strong>praeoccupaverat</strong></span> <span class='ocrx_word' id='word_1_177' title='bbox 1606 1561 1734 1601; x_wconf 81' lang='lat' dir='ltr'><strong>facere,</strong></span> 
     </span>
     <span class='ocr_line' id='line_1_21' title="bbox 282 1604 1734 1650; baseline -0.001 -11"><span class='ocrx_word' id='word_1_178' title='bbox 282 1604 435 1639; x_wconf 82' lang='lat' dir='ltr'><strong>nuntiato</strong></span> <span class='ocrx_word' id='word_1_179' title='bbox 458 1604 524 1649; x_wconf 88' lang='lat' dir='ltr'><strong>ipsi</strong></span> <span class='ocrx_word' id='word_1_180' title='bbox 548 1605 695 1638; x_wconf 77' lang='lat' dir='ltr'><strong>adventu</strong></span> <span class='ocrx_word' id='word_1_181' title='bbox 719 1605 852 1650; x_wconf 82' lang='lat' dir='ltr'><strong>saepius</strong></span> <span class='ocrx_word' id='word_1_182' title='bbox 885 1612 1141 1639; x_wconf 84' lang='lat' dir='ltr'><strong>memoratarum</strong></span> <span class='ocrx_word' id='word_1_183' title='bbox 1173 1619 1192 1640; x_wconf 92' lang='lat' dir='ltr'><strong>e</strong></span> <span class='ocrx_word' id='word_1_184' title='bbox 1215 1609 1337 1641; x_wconf 88' lang='lat' dir='ltr'><strong>Genua</strong></span> <span class='ocrx_word' id='word_1_185' title='bbox 1371 1607 1576 1647; x_wconf 74' lang='lat' dir='ltr'><strong>triremium,</strong></span> <span class='ocrx_word' id='word_1_186' title='bbox 1598 1610 1636 1639; x_wconf 88' lang='lat' dir='ltr'><strong>et</strong></span> <span class='ocrx_word' id='word_1_187' title='bbox 1655 1605 1734 1639; x_wconf 85' lang='lat' dir='ltr'><strong>inde</strong></span> 
     </span>
     <span class='ocr_line' id='line_1_22' title="bbox 285 1649 1735 1696; baseline 0.001 -13"><span class='ocrx_word' id='word_1_188' title='bbox 285 1655 363 1684; x_wconf 90' lang='lat' dir='ltr'><strong>orto</strong></span> <span class='ocrx_word' id='word_1_189' title='bbox 387 1654 477 1684; x_wconf 86' lang='lat' dir='ltr'><strong>metu</strong></span> <span class='ocrx_word' id='word_1_190' title='bbox 501 1649 642 1695; x_wconf 88' lang='lat' dir='ltr'><strong>provido</strong></span> <span class='ocrx_word' id='word_1_191' title='bbox 664 1650 904 1684; x_wconf 86' lang='lat' dir='ltr'><strong>imminentium</strong></span> <span class='ocrx_word' id='word_1_192' title='bbox 927 1651 1003 1684; x_wconf 88' lang='lat' dir='ltr'><strong>urbi</strong></span> <span class='ocrx_word' id='word_1_193' title='bbox 1027 1652 1206 1693; x_wconf 83' lang='lat' dir='ltr'><strong>malorum,</strong></span> <span class='ocrx_word' id='word_1_194' title='bbox 1233 1652 1260 1685; x_wconf 89' lang='lat' dir='ltr'><strong>si</strong></span> <span class='ocrx_word' id='word_1_195' title='bbox 1284 1664 1366 1694; x_wconf 85' lang='lat' dir='ltr'><strong>eae,</strong></span> <span class='ocrx_word' id='word_1_196' title='bbox 1389 1651 1510 1686; x_wconf 81' lang='lat' dir='ltr'><strong>iunctis</strong></span> <span class='ocrx_word' id='word_1_197' title='bbox 1534 1650 1735 1696; x_wconf 84' lang='lat' dir='ltr'><strong>praesertim</strong></span> 
     </span>
     <span class='ocr_line' id='line_1_23' title="bbox 283 1694 1736 1741; baseline 0.001 -12"><span class='ocrx_word' id='word_1_198' title='bbox 283 1707 359 1729; x_wconf 85' lang='lat' dir='ltr'><strong>eum</strong></span> <span class='ocrx_word' id='word_1_199' title='bbox 383 1695 491 1729; x_wconf 85' lang='lat' dir='ltr'><strong>classe</strong></span> <span class='ocrx_word' id='word_1_200' title='bbox 515 1694 712 1730; x_wconf 84' lang='lat' dir='ltr'><strong>Catelanica</strong></span> <span class='ocrx_word' id='word_1_201' title='bbox 736 1695 884 1737; x_wconf 77' lang='lat' dir='ltr'><strong>viribus,</strong></span> <span class='ocrx_word' id='word_1_202' title='bbox 907 1702 1026 1740; x_wconf 84' lang='lat' dir='ltr'><strong>aperto</strong></span> <span class='ocrx_word' id='word_1_203' title='bbox 1049 1697 1136 1730; x_wconf 89' lang='lat' dir='ltr'><strong>bello</strong></span> <span class='ocrx_word' id='word_1_204' title='bbox 1161 1697 1327 1730; x_wconf 84' lang='lat' dir='ltr'><strong>Romanos</strong></span> <span class='ocrx_word' id='word_1_205' title='bbox 1351 1697 1572 1731; x_wconf 75' lang='lat' dir='ltr'><strong>adorirentur.</strong></span> <span class='ocrx_word' id='word_1_206' title='bbox 1618 1697 1736 1741; x_wconf 85' lang='lat' dir='ltr'><strong>itaque</strong></span> 
     </span>
     <span class='ocr_line' id='line_1_24' title="bbox 283 1741 1736 1788; baseline -0.001 -12"><span class='ocrx_word' id='word_1_207' title='bbox 283 1741 402 1784; x_wconf 76' lang='lat' dir='ltr'><strong>navis,</strong></span> <span class='ocrx_word' id='word_1_208' title='bbox 432 1752 532 1786; x_wconf 89' lang='lat' dir='ltr'><strong>quam</strong></span> <span class='ocrx_word' id='word_1_209' title='bbox 567 1741 733 1782; x_wconf 81' lang='lat' dir='ltr'><strong>diximus,</strong></span> <span class='ocrx_word' id='word_1_210' title='bbox 767 1741 810 1775; x_wconf 89' lang='lat' dir='ltr'><strong>ad</strong></span> <span class='ocrx_word' id='word_1_211' title='bbox 842 1741 1081 1786; x_wconf 84' lang='lat' dir='ltr'><strong>explorandum</strong></span> <span class='ocrx_word' id='word_1_212' title='bbox 1111 1741 1213 1776; x_wconf 85' lang='lat' dir='ltr'><strong>missa</strong></span> <span class='ocrx_word' id='word_1_213' title='bbox 1234 1742 1330 1776; x_wconf 89' lang='lat' dir='ltr'><strong>simul</strong></span> <span class='ocrx_word' id='word_1_214' title='bbox 1363 1743 1494 1788; x_wconf 65' lang='lat' dir='ltr'><strong>appulit</strong></span> <span class='ocrx_word' id='word_1_215' title='bbox 1517 1741 1676 1776; x_wconf 78' lang='lat' dir='ltr'><strong>Galatam</strong></span> <span class='ocrx_word' id='word_1_216' title='bbox 1698 1745 1736 1775; x_wconf 87' lang='lat' dir='ltr'><strong>et</strong></span> 
     </span>
     <span class='ocr_line' id='line_1_25' title="bbox 286 1785 1735 1832; baseline -0.001 -10"><span class='ocrx_word' id='word_1_217' title='bbox 286 1787 406 1822; x_wconf 86' lang='lat' dir='ltr'><strong>missos</strong></span> <span class='ocrx_word' id='word_1_218' title='bbox 439 1787 483 1822; x_wconf 82' lang='lat' dir='ltr'><strong>ad</strong></span> <span class='ocrx_word' id='word_1_219' title='bbox 516 1786 780 1831; x_wconf 84' lang='lat' dir='ltr'><strong>cognoscendum</strong></span> <span class='ocrx_word' id='word_1_220' title='bbox 812 1798 923 1820; x_wconf 89' lang='lat' dir='ltr'><strong>rerum</strong></span> <span class='ocrx_word' id='word_1_221' title='bbox 952 1793 1077 1821; x_wconf 84' lang='lat' dir='ltr'><strong>statum</strong></span> <span class='ocrx_word' id='word_1_222' title='bbox 1108 1788 1263 1832; x_wconf 83' lang='lat' dir='ltr'><strong>exposuit</strong></span> <span class='ocrx_word' id='word_1_223' title='bbox 1293 1788 1328 1822; x_wconf 91' lang='lat' dir='ltr'><strong>in</strong></span> <span class='ocrx_word' id='word_1_224' title='bbox 1357 1788 1473 1830; x_wconf 84' lang='lat' dir='ltr'><strong>littus,</strong></span> <span class='ocrx_word' id='word_1_225' title='bbox 1504 1787 1680 1822; x_wconf 70' lang='lat' dir='ltr'><strong>confestim</strong></span> <span class='ocrx_word' id='word_1_226' title='bbox 1709 1785 1735 1820; x_wconf 78' lang='lat' dir='ltr'><strong>ii</strong></span> 
     </span>
     <span class='ocr_line' id='line_1_26' title="bbox 286 1832 1737 1879; baseline -0.001 -12"><span class='ocrx_word' id='word_1_227' title='bbox 286 1833 399 1867; x_wconf 80' lang='lat' dir='ltr'><strong>edocti</strong></span> <span class='ocrx_word' id='word_1_228' title='bbox 421 1844 443 1867; x_wconf 82' lang='lat' dir='ltr'><strong>a</strong></span> <span class='ocrx_word' id='word_1_229' title='bbox 466 1832 731 1866; x_wconf 82' lang='lat' dir='ltr'><strong>moderatoribus</strong></span> <span class='ocrx_word' id='word_1_230' title='bbox 754 1832 959 1877; x_wconf 83' lang='lat' dir='ltr'><strong>reipublicae</strong></span> <span class='ocrx_word' id='word_1_231' title='bbox 991 1833 1033 1866; x_wconf 89' lang='lat' dir='ltr'><strong>de</strong></span> <span class='ocrx_word' id='word_1_232' title='bbox 1056 1833 1183 1877; x_wconf 83' lang='lat' dir='ltr'><strong>optima</strong></span> <span class='ocrx_word' id='word_1_233' title='bbox 1205 1835 1240 1866; x_wconf 93' lang='lat' dir='ltr'><strong>in</strong></span> <span class='ocrx_word' id='word_1_234' title='bbox 1266 1837 1399 1877; x_wconf 82' lang='lat' dir='ltr'><strong>gentem</strong></span> <span class='ocrx_word' id='word_1_235' title='bbox 1421 1833 1566 1879; x_wconf 84' lang='lat' dir='ltr'><strong>ipsorum</strong></span> <span class='ocrx_word' id='word_1_236' title='bbox 1589 1832 1737 1878; x_wconf 85' lang='lat' dir='ltr'><strong>impera-</strong></span> 
     </span>
     <span class='ocr_line' id='line_1_27' title="bbox 287 1878 1737 1925; baseline -0.001 -13"><span class='ocrx_word' id='word_1_237' title='bbox 287 1878 375 1912; x_wconf 81' lang='lat' dir='ltr'><strong>toris</strong></span> <span class='ocrx_word' id='word_1_238' title='bbox 398 1878 589 1920; x_wconf 83' lang='lat' dir='ltr'><strong>voluntate,</strong></span> <span class='ocrx_word' id='word_1_239' title='bbox 621 1883 786 1922; x_wconf 81' lang='lat' dir='ltr'><strong>negarunt</strong></span> <span class='ocrx_word' id='word_1_240' title='bbox 807 1878 1055 1912; x_wconf 85' lang='lat' dir='ltr'><strong>deliberandum</strong></span> <span class='ocrx_word' id='word_1_241' title='bbox 1079 1890 1154 1913; x_wconf 89' lang='lat' dir='ltr'><strong>esse</strong></span> <span class='ocrx_word' id='word_1_242' title='bbox 1176 1879 1336 1924; x_wconf 87' lang='lat' dir='ltr'><strong>amplius,</strong></span> <span class='ocrx_word' id='word_1_243' title='bbox 1361 1891 1434 1914; x_wconf 77' lang='lat' dir='ltr'><strong>cun</strong></span> <span class='ocrx_word' id='word_1_244' title='bbox 1454 1880 1573 1925; x_wconf 79' lang='lat' dir='ltr'><strong>ipsone</strong></span> <span class='ocrx_word' id='word_1_245' title='bbox 1594 1889 1637 1912; x_wconf 81' lang='lat' dir='ltr'><strong>au</strong></span> <span class='ocrx_word' id='word_1_246' title='bbox 1660 1887 1737 1912; x_wconf 80' lang='lat' dir='ltr'><strong>cum</strong></span> 
     </span>
     <span class='ocr_line' id='line_1_28' title="bbox 289 1924 1738 1970; baseline 0 -12"><span class='ocrx_word' id='word_1_247' title='bbox 289 1924 365 1958; x_wconf 81' lang='lat' dir='ltr'><strong>eius</strong></span> <span class='ocrx_word' id='word_1_248' title='bbox 388 1924 541 1958; x_wconf 75' lang='lat' dir='ltr'><strong>hostibus</strong></span> <span class='ocrx_word' id='word_1_249' title='bbox 563 1925 780 1967; x_wconf 71' lang='lat' dir='ltr'><strong>Amogabaris</strong></span> <span class='ocrx_word' id='word_1_250' title='bbox 802 1935 894 1958; x_wconf 84' lang='lat' dir='ltr'><strong>arma</strong></span> <span class='ocrx_word' id='word_1_251' title='bbox 917 1924 1166 1968; x_wconf 84' lang='lat' dir='ltr'><strong>coniungerent.</strong></span> <span class='ocrx_word' id='word_1_252' title='bbox 1212 1936 1272 1970; x_wconf 85' lang='lat' dir='ltr'><strong>pro</strong></span> <span class='ocrx_word' id='word_1_253' title='bbox 1295 1926 1400 1966; x_wconf 88' lang='lat' dir='ltr'><strong>urbe,</strong></span> <span class='ocrx_word' id='word_1_254' title='bbox 1433 1936 1520 1970; x_wconf 87' lang='lat' dir='ltr'><strong>quae</strong></span> <span class='ocrx_word' id='word_1_255' title='bbox 1541 1924 1625 1970; x_wconf 65' lang='lat' dir='ltr'><strong>ipsis</strong></span> <span class='ocrx_word' id='word_1_256' title='bbox 1646 1933 1738 1958; x_wconf 78' lang='lat' dir='ltr'><strong>com·</strong></span> 
     </span>
     <span class='ocr_line' id='line_1_29' title="bbox 289 1968 1739 2016; baseline -0.001 -13"><span class='ocrx_word' id='word_1_257' title='bbox 289 1970 398 2004; x_wconf 75' lang='lat' dir='ltr'><strong>munis</strong></span> <span class='ocrx_word' id='word_1_258' title='bbox 420 1981 495 2004; x_wconf 87' lang='lat' dir='ltr'><strong>cum</strong></span> <span class='ocrx_word' id='word_1_259' title='bbox 517 1969 677 2004; x_wconf 85' lang='lat' dir='ltr'><strong>Romanis</strong></span> <span class='ocrx_word' id='word_1_260' title='bbox 707 1968 805 2015; x_wconf 87' lang='lat' dir='ltr'><strong>quasi</strong></span> <span class='ocrx_word' id='word_1_261' title='bbox 834 1970 947 2015; x_wconf 84' lang='lat' dir='ltr'><strong>patria</strong></span> <span class='ocrx_word' id='word_1_262' title='bbox 969 1977 1081 2012; x_wconf 84' lang='lat' dir='ltr'><strong>esset,</strong></span> <span class='ocrx_word' id='word_1_263' title='bbox 1112 1970 1185 2004; x_wconf 86' lang='lat' dir='ltr'><strong>sine</strong></span> <span class='ocrx_word' id='word_1_264' title='bbox 1205 1971 1273 2004; x_wconf 83' lang='lat' dir='ltr'><strong>ulla</strong></span> <span class='ocrx_word' id='word_1_265' title='bbox 1293 1971 1505 2006; x_wconf 82' lang='lat' dir='ltr'><strong>cunctatione</strong></span> <span class='ocrx_word' id='word_1_266' title='bbox 1526 1968 1739 2016; x_wconf 81' lang='lat' dir='ltr'><strong>pugnandum</strong></span> 
     </span>
     <span class='ocr_line' id='line_1_30' title="bbox 291 2015 1740 2062; baseline -0.001 -13"><span class='ocrx_word' id='word_1_267' title='bbox 291 2027 368 2050; x_wconf 88' lang='lat' dir='ltr'><strong>esse</strong></span> <span class='ocrx_word' id='word_1_268' title='bbox 390 2016 555 2049; x_wconf 88' lang='lat' dir='ltr'><strong>adversus</strong></span> <span class='ocrx_word' id='word_1_269' title='bbox 578 2015 664 2049; x_wconf 86' lang='lat' dir='ltr'><strong>illius</strong></span> <span class='ocrx_word' id='word_1_270' title='bbox 686 2019 946 2061; x_wconf 74' lang='lat' dir='ltr'><strong>oppugnatores.</strong></span> <span class='ocrx_word' id='word_1_271' title='bbox 992 2016 1056 2050; x_wconf 84' lang='lat' dir='ltr'><strong>hoc</strong></span> <span class='ocrx_word' id='word_1_272' title='bbox 1089 2016 1205 2050; x_wconf 88' lang='lat' dir='ltr'><strong>nuntio</strong></span> <span class='ocrx_word' id='word_1_273' title='bbox 1228 2017 1271 2050; x_wconf 90' lang='lat' dir='ltr'><strong>ad</strong></span> <span class='ocrx_word' id='word_1_274' title='bbox 1294 2017 1436 2051; x_wconf 83' lang='lat' dir='ltr'><strong>classem</strong></span> <span class='ocrx_word' id='word_1_275' title='bbox 1458 2015 1661 2062; x_wconf 82' lang='lat' dir='ltr'><strong>operientem</strong></span> <span class='ocrx_word' id='word_1_276' title='bbox 1683 2015 1740 2048; x_wconf 85' lang='lat' dir='ltr'><strong>fo-</strong></span> 
     </span>
     <span class='ocr_line' id='line_1_31' title="bbox 291 2057 1741 2106; baseline -0.001 -12"><span class='ocrx_word' id='word_1_277' title='bbox 291 2062 339 2094; x_wconf 90' lang='lat' dir='ltr'><strong>ris</strong></span> <span class='ocrx_word' id='word_1_278' title='bbox 365 2061 397 2096; x_wconf 90' lang='lat' dir='ltr'><strong>in</strong></span> <span class='ocrx_word' id='word_1_279' title='bbox 421 2061 492 2095; x_wconf 86' lang='lat' dir='ltr'><strong>salo</strong></span> <span class='ocrx_word' id='word_1_280' title='bbox 515 2072 577 2106; x_wconf 93' lang='lat' dir='ltr'><strong>per</strong></span> <span class='ocrx_word' id='word_1_281' title='bbox 611 2061 768 2095; x_wconf 81' lang='lat' dir='ltr'><strong>celeriter</strong></span> <span class='ocrx_word' id='word_1_282' title='bbox 797 2072 968 2095; x_wconf 80' lang='lat' dir='ltr'><strong>reversam</strong></span> <span class='ocrx_word' id='word_1_283' title='bbox 990 2061 1092 2096; x_wconf 86' lang='lat' dir='ltr'><strong>allato</strong></span> <span class='ocrx_word' id='word_1_284' title='bbox 1115 2061 1276 2096; x_wconf 85' lang='lat' dir='ltr'><strong>triremim</strong></span> <span class='ocrx_word' id='word_1_285' title='bbox 1290 2088 1300 2106; x_wconf 93' lang='lat'>,</span> <span class='ocrx_word' id='word_1_286' title='bbox 1329 2062 1440 2097; x_wconf 88' lang='lat' dir='ltr'><strong>subito</strong></span> <span class='ocrx_word' id='word_1_287' title='bbox 1462 2073 1504 2096; x_wconf 89' lang='lat' dir='ltr'><strong>ex</strong></span> <span class='ocrx_word' id='word_1_288' title='bbox 1527 2073 1569 2096; x_wconf 84' lang='lat' dir='ltr'><strong>ea</strong></span> <span class='ocrx_word' id='word_1_289' title='bbox 1591 2057 1741 2104; x_wconf 77' lang='lat' dir='ltr'><strong>delegati</strong></span> 
     </span>
     <span class='ocr_line' id='line_1_32' title="bbox 289 2105 1741 2154; baseline -0.001 -15"><span class='ocrx_word' id='word_1_290' title='bbox 289 2106 425 2150; x_wconf 83' lang='lat' dir='ltr'><strong>quidam</strong></span> <span class='ocrx_word' id='word_1_291' title='bbox 456 2108 499 2141; x_wconf 88' lang='lat' dir='ltr'><strong>ad</strong></span> <span class='ocrx_word' id='word_1_292' title='bbox 533 2107 770 2150; x_wconf 86' lang='lat' dir='ltr'><strong>imperatorem</strong></span> <span class='ocrx_word' id='word_1_293' title='bbox 802 2109 947 2152; x_wconf 78' lang='lat' dir='ltr'><strong>profecti</strong></span> <span class='ocrx_word' id='word_1_294' title='bbox 978 2113 1078 2141; x_wconf 89' lang='lat' dir='ltr'><strong>nocte</strong></span> <span class='ocrx_word' id='word_1_295' title='bbox 1108 2107 1183 2152; x_wconf 82' lang='lat' dir='ltr'><strong>ipsa</strong></span> <span class='ocrx_word' id='word_1_296' title='bbox 1213 2108 1435 2154; x_wconf 83' lang='lat' dir='ltr'><strong>intempesta,</strong></span> <span class='ocrx_word' id='word_1_297' title='bbox 1469 2105 1741 2152; x_wconf 77' lang='lat' dir='ltr'><strong>praelucentibus</strong></span> 
     </span>
     <span class='ocr_line' id='line_1_33' title="bbox 292 2152 1741 2199; baseline -0.001 -14"><span class='ocrx_word' id='word_1_298' title='bbox 292 2152 449 2193; x_wconf 79' lang='lat' dir='ltr'><strong>facibus,</strong></span> <span class='ocrx_word' id='word_1_299' title='bbox 484 2152 621 2186; x_wconf 86' lang='lat' dir='ltr'><strong>admissi</strong></span> <span class='ocrx_word' id='word_1_300' title='bbox 653 2153 696 2187; x_wconf 90' lang='lat' dir='ltr'><strong>ab</strong></span> <span class='ocrx_word' id='word_1_301' title='bbox 731 2165 771 2187; x_wconf 90' lang='lat' dir='ltr'><strong>eo</strong></span> <span class='ocrx_word' id='word_1_302' title='bbox 803 2154 1007 2197; x_wconf 81' lang='lat' dir='ltr'><strong>perbenigne</strong></span> <span class='ocrx_word' id='word_1_303' title='bbox 1040 2159 1130 2187; x_wconf 87' lang='lat' dir='ltr'><strong>sunt.</strong></span> <span class='ocrx_word' id='word_1_304' title='bbox 1177 2165 1217 2187; x_wconf 88' lang='lat' dir='ltr'><strong>eo</strong></span> <span class='ocrx_word' id='word_1_305' title='bbox 1251 2154 1415 2199; x_wconf 85' lang='lat' dir='ltr'><strong>colloquio</strong></span> <span class='ocrx_word' id='word_1_306' title='bbox 1449 2152 1663 2187; x_wconf 79' lang='lat' dir='ltr'><strong>constitutum</strong></span> <span class='ocrx_word' id='word_1_307' title='bbox 1685 2153 1741 2184; x_wconf 72' lang='lat' dir='ltr'><strong>est</strong></span> 
     </span>
     <span class='ocr_line' id='line_1_34' title="bbox 291 2195 1740 2243; baseline -0.001 -13"><span class='ocrx_word' id='word_1_308' title='bbox 291 2197 432 2230; x_wconf 83' lang='lat' dir='ltr'><strong>classem</strong></span> <span class='ocrx_word' id='word_1_309' title='bbox 456 2198 732 2242; x_wconf 88' lang='lat' dir='ltr'><strong>Amogabaricam</strong></span> <span class='ocrx_word' id='word_1_310' title='bbox 756 2204 792 2233; x_wconf 89' lang='lat' dir='ltr'><strong>et</strong></span> <span class='ocrx_word' id='word_1_311' title='bbox 806 2199 1046 2241; x_wconf 87' lang='lat' dir='ltr'><strong>Catelanicam‚</strong></span> <span class='ocrx_word' id='word_1_312' title='bbox 1069 2199 1134 2232; x_wconf 90' lang='lat' dir='ltr'><strong>nisi</strong></span> <span class='ocrx_word' id='word_1_313' title='bbox 1155 2199 1243 2233; x_wconf 85' lang='lat' dir='ltr'><strong>ultro</strong></span> <span class='ocrx_word' id='word_1_314' title='bbox 1265 2199 1407 2243; x_wconf 80' lang='lat' dir='ltr'><strong>eligeret</strong></span> <span class='ocrx_word' id='word_1_315' title='bbox 1429 2199 1550 2233; x_wconf 85' lang='lat' dir='ltr'><strong>cedere</strong></span> <span class='ocrx_word' id='word_1_316' title='bbox 1571 2195 1740 2241; x_wconf 80' lang='lat' dir='ltr'><strong>acceptis-</strong></span> 
     </span>
     <span class='ocr_line' id='line_1_35' title="bbox 290 2241 1741 2290; baseline -0.001 -15"><span class='ocrx_word' id='word_1_317' title='bbox 290 2253 360 2287; x_wconf 84' lang='lat' dir='ltr'><strong>que</strong></span> <span class='ocrx_word' id='word_1_318' title='bbox 383 2243 477 2287; x_wconf 81' lang='lat' dir='ltr'><strong>pacis</strong></span> <span class='ocrx_word' id='word_1_319' title='bbox 500 2243 630 2287; x_wconf 86' lang='lat' dir='ltr'><strong>legibus</strong></span> <span class='ocrx_word' id='word_1_320' title='bbox 653 2244 767 2286; x_wconf 85' lang='lat' dir='ltr'><strong>abire,</strong></span> <span class='ocrx_word' id='word_1_321' title='bbox 799 2244 905 2290; x_wconf 91' lang='lat' dir='ltr'><strong>primo</strong></span> <span class='ocrx_word' id='word_1_322' title='bbox 936 2256 1033 2278; x_wconf 86' lang='lat' dir='ltr'><strong>mane</strong></span> <span class='ocrx_word' id='word_1_323' title='bbox 1054 2244 1179 2278; x_wconf 88' lang='lat' dir='ltr'><strong>iunctis</strong></span> <span class='ocrx_word' id='word_1_324' title='bbox 1211 2245 1340 2279; x_wconf 85' lang='lat' dir='ltr'><strong>viribus</strong></span> <span class='ocrx_word' id='word_1_325' title='bbox 1362 2246 1584 2279; x_wconf 76' lang='lat' dir='ltr'><strong>Romanorum</strong></span> <span class='ocrx_word' id='word_1_326' title='bbox 1607 2245 1643 2275; x_wconf 84' lang='lat' dir='ltr'><strong>et</strong></span> <span class='ocrx_word' id='word_1_327' title='bbox 1664 2241 1741 2274; x_wconf 82' lang='lat' dir='ltr'><strong>Ge-</strong></span> 
     </span>
     <span class='ocr_line' id='line_1_36' title="bbox 291 2285 1740 2336; baseline -0.001 -16"><span class='ocrx_word' id='word_1_328' title='bbox 291 2287 465 2321; x_wconf 84' lang='lat' dir='ltr'><strong>nuensium</strong></span> <span class='ocrx_word' id='word_1_329' title='bbox 489 2290 755 2333; x_wconf 82' lang='lat' dir='ltr'><strong>oppugnandam.</strong></span> <span class='ocrx_word' id='word_1_330' title='bbox 800 2289 955 2335; x_wconf 84' lang='lat' dir='ltr'><strong>promisit</strong></span> <span class='ocrx_word' id='word_1_331' title='bbox 975 2290 1157 2336; x_wconf 89' lang='lat' dir='ltr'><strong>imperator</strong></span> <span class='ocrx_word' id='word_1_332' title='bbox 1190 2301 1263 2324; x_wconf 91' lang='lat' dir='ltr'><strong>cum</strong></span> <span class='ocrx_word' id='word_1_333' title='bbox 1289 2291 1398 2335; x_wconf 86' lang='lat' dir='ltr'><strong>prima</strong></span> <span class='ocrx_word' id='word_1_334' title='bbox 1429 2290 1504 2323; x_wconf 87' lang='lat' dir='ltr'><strong>luce</strong></span> <span class='ocrx_word' id='word_1_335' title='bbox 1525 2285 1740 2332; x_wconf 72' lang='lat' dir='ltr'><strong>appariturus</strong></span> 
     </span>
     <span class='ocr_line' id='line_1_37' title="bbox 291 2330 1740 2382; baseline -0.002 -15"><span class='ocrx_word' id='word_1_336' title='bbox 291 2333 462 2367; x_wconf 84' lang='lat' dir='ltr'><strong>Romanas</strong></span> <span class='ocrx_word' id='word_1_337' title='bbox 494 2334 628 2378; x_wconf 87' lang='lat' dir='ltr'><strong>copias,</strong></span> <span class='ocrx_word' id='word_1_338' title='bbox 661 2335 783 2379; x_wconf 87' lang='lat' dir='ltr'><strong>partim</strong></span> <span class='ocrx_word' id='word_1_339' title='bbox 814 2335 997 2380; x_wconf 87' lang='lat' dir='ltr'><strong>dispositas</strong></span> <span class='ocrx_word' id='word_1_340' title='bbox 1030 2347 1093 2382; x_wconf 89' lang='lat' dir='ltr'><strong>per</strong></span> <span class='ocrx_word' id='word_1_341' title='bbox 1117 2346 1210 2369; x_wconf 85' lang='lat' dir='ltr'><strong>oram</strong></span> <span class='ocrx_word' id='word_1_342' title='bbox 1245 2335 1346 2370; x_wconf 84' lang='lat' dir='ltr'><strong>maris</strong></span> <span class='ocrx_word' id='word_1_343' title='bbox 1368 2335 1410 2368; x_wconf 87' lang='lat' dir='ltr'><strong>ad</strong></span> <span class='ocrx_word' id='word_1_344' title='bbox 1432 2333 1639 2368; x_wconf 81' lang='lat' dir='ltr'><strong>iaculaudum</strong></span> <span class='ocrx_word' id='word_1_345' title='bbox 1660 2330 1740 2365; x_wconf 84' lang='lat' dir='ltr'><strong>inde</strong></span> 
     </span>
     <span class='ocr_line' id='line_1_38' title="bbox 292 2376 1742 2426; baseline -0.001 -15"><span class='ocrx_word' id='word_1_346' title='bbox 292 2377 331 2412; x_wconf 72' lang='lat' dir='ltr'><strong>in</strong></span> <span class='ocrx_word' id='word_1_347' title='bbox 354 2379 555 2419; x_wconf 81' lang='lat' dir='ltr'><strong>catelanos,</strong></span> <span class='ocrx_word' id='word_1_348' title='bbox 590 2381 713 2424; x_wconf 88' lang='lat' dir='ltr'><strong>partim</strong></span> <span class='ocrx_word' id='word_1_349' title='bbox 743 2391 762 2413; x_wconf 88' lang='lat' dir='ltr'><strong>e</strong></span> <span class='ocrx_word' id='word_1_350' title='bbox 792 2380 869 2425; x_wconf 87' lang='lat' dir='ltr'><strong>ripa</strong></span> <span class='ocrx_word' id='word_1_351' title='bbox 898 2387 1037 2416; x_wconf 83' lang='lat' dir='ltr'><strong>evectas</strong></span> <span class='ocrx_word' id='word_1_352' title='bbox 1059 2380 1251 2426; x_wconf 80' lang='lat' dir='ltr'><strong>piscatoriis</strong></span> <span class='ocrx_word' id='word_1_353' title='bbox 1281 2380 1441 2421; x_wconf 71' lang='lat' dir='ltr'><strong>navibus,</strong></span> <span class='ocrx_word' id='word_1_354' title='bbox 1465 2383 1504 2412; x_wconf 87' lang='lat' dir='ltr'><strong>ut</strong></span> <span class='ocrx_word' id='word_1_355' title='bbox 1525 2376 1653 2423; x_wconf 82' lang='lat' dir='ltr'><strong>praelio</strong></span> <span class='ocrx_word' id='word_1_356' title='bbox 1676 2387 1742 2410; x_wconf 84' lang='lat' dir='ltr'><strong>na-</strong></span> 
     </span>
     <span class='ocr_line' id='line_1_39' title="bbox 293 2421 1742 2471; baseline -0.001 -14"><span class='ocrx_word' id='word_1_357' title='bbox 293 2422 364 2458; x_wconf 80' lang='lat' dir='ltr'><strong>vali</strong></span> <span class='ocrx_word' id='word_1_358' title='bbox 386 2435 448 2468; x_wconf 86' lang='lat' dir='ltr'><strong>pro</strong></span> <span class='ocrx_word' id='word_1_359' title='bbox 485 2424 573 2458; x_wconf 88' lang='lat' dir='ltr'><strong>virili</strong></span> <span class='ocrx_word' id='word_1_360' title='bbox 605 2436 675 2458; x_wconf 91' lang='lat' dir='ltr'><strong>rem</strong></span> <span class='ocrx_word' id='word_1_361' title='bbox 706 2431 882 2468; x_wconf 85' lang='lat' dir='ltr'><strong>gererent:</strong></span> <span class='ocrx_word' id='word_1_362' title='bbox 913 2426 998 2460; x_wconf 87' lang='lat' dir='ltr'><strong>nolle</strong></span> <span class='ocrx_word' id='word_1_363' title='bbox 1028 2427 1155 2471; x_wconf 87' lang='lat' dir='ltr'><strong>quippe</strong></span> <span class='ocrx_word' id='word_1_364' title='bbox 1185 2437 1223 2459; x_wconf 87' lang='lat' dir='ltr'><strong>se</strong></span> <span class='ocrx_word' id='word_1_365' title='bbox 1251 2426 1334 2459; x_wconf 89' lang='lat' dir='ltr'><strong>dixit</strong></span> <span class='ocrx_word' id='word_1_366' title='bbox 1364 2434 1443 2459; x_wconf 86' lang='lat' dir='ltr'><strong>suos</strong></span> <span class='ocrx_word' id='word_1_367' title='bbox 1472 2422 1598 2457; x_wconf 79' lang='lat' dir='ltr'><strong>otiosos</strong></span> <span class='ocrx_word' id='word_1_368' title='bbox 1620 2421 1742 2456; x_wconf 79' lang='lat' dir='ltr'><strong>sedere</strong></span> 
     </span>
     <span class='ocr_line' id='line_1_40' title="bbox 293 2467 1742 2516; baseline -0.001 -12"><span class='ocrx_word' id='word_1_369' title='bbox 293 2473 506 2514; x_wconf 82' lang='lat' dir='ltr'><strong>spectatores</strong></span> <span class='ocrx_word' id='word_1_370' title='bbox 528 2469 721 2503; x_wconf 86' lang='lat' dir='ltr'><strong>certaminis</strong></span> <span class='ocrx_word' id='word_1_371' title='bbox 744 2471 927 2512; x_wconf 87' lang='lat' dir='ltr'><strong>sociorum,</strong></span> <span class='ocrx_word' id='word_1_372' title='bbox 951 2471 1012 2504; x_wconf 86' lang='lat' dir='ltr'><strong>sed</strong></span> <span class='ocrx_word' id='word_1_373' title='bbox 1035 2476 1164 2516; x_wconf 87' lang='lat' dir='ltr'><strong>partem</strong></span> <span class='ocrx_word' id='word_1_374' title='bbox 1186 2470 1278 2515; x_wconf 85' lang='lat' dir='ltr'><strong>ipsos</strong></span> <span class='ocrx_word' id='word_1_375' title='bbox 1300 2469 1425 2504; x_wconf 82' lang='lat' dir='ltr'><strong>laboris</strong></span> <span class='ocrx_word' id='word_1_376' title='bbox 1449 2480 1490 2502; x_wconf 90' lang='lat' dir='ltr'><strong>ac</strong></span> <span class='ocrx_word' id='word_1_377' title='bbox 1511 2467 1678 2513; x_wconf 88' lang='lat' dir='ltr'><strong>periculi,</strong></span> <span class='ocrx_word' id='word_1_378' title='bbox 1701 2471 1742 2502; x_wconf 89' lang='lat' dir='ltr'><strong>ut</strong></span> 
     </span>
     <span class='ocr_line' id='line_1_41' title="bbox 293 2513 1743 2560; baseline -0.001 -13"><span class='ocrx_word' id='word_1_379' title='bbox 293 2520 552 2548; x_wconf 86' lang='lat' dir='ltr'><strong>consentaneum</strong></span> <span class='ocrx_word' id='word_1_380' title='bbox 575 2519 672 2555; x_wconf 85' lang='lat' dir='ltr'><strong>erat,</strong></span> <span class='ocrx_word' id='word_1_381' title='bbox 695 2526 756 2559; x_wconf 88' lang='lat' dir='ltr'><strong>pro</strong></span> <span class='ocrx_word' id='word_1_382' title='bbox 779 2515 847 2549; x_wconf 82' lang='lat' dir='ltr'><strong>aris</strong></span> <span class='ocrx_word' id='word_1_383' title='bbox 869 2515 1019 2560; x_wconf 79' lang='lat' dir='ltr'><strong>focisque</strong></span> <span class='ocrx_word' id='word_1_384' title='bbox 1042 2515 1200 2550; x_wconf 82' lang='lat' dir='ltr'><strong>certando</strong></span> <span class='ocrx_word' id='word_1_385' title='bbox 1224 2526 1412 2560; x_wconf 85' lang='lat' dir='ltr'><strong>capessere.</strong></span> <span class='ocrx_word' id='word_1_386' title='bbox 1458 2515 1501 2548; x_wconf 82' lang='lat' dir='ltr'><strong>ab</strong></span> <span class='ocrx_word' id='word_1_387' title='bbox 1523 2513 1576 2547; x_wconf 78' lang='lat' dir='ltr'><strong>his</strong></span> <span class='ocrx_word' id='word_1_388' title='bbox 1596 2524 1743 2547; x_wconf 83' lang='lat' dir='ltr'><strong>conven-</strong></span> 
     </span>
     <span class='ocr_line' id='line_1_42' title="bbox 295 2559 1742 2605; baseline -0.001 -12"><span class='ocrx_word' id='word_1_389' title='bbox 295 2559 344 2593; x_wconf 81' lang='lat' dir='ltr'><strong>tis</strong></span> <span class='ocrx_word' id='word_1_390' title='bbox 365 2559 590 2604; x_wconf 86' lang='lat' dir='ltr'><strong>digredientes</strong></span> <span class='ocrx_word' id='word_1_391' title='bbox 612 2561 655 2593; x_wconf 86' lang='lat' dir='ltr'><strong>ab</strong></span> <span class='ocrx_word' id='word_1_392' title='bbox 679 2561 830 2603; x_wconf 84' lang='lat' dir='ltr'><strong>Augusto</strong></span> <span class='ocrx_word' id='word_1_393' title='bbox 861 2560 965 2604; x_wconf 84' lang='lat' dir='ltr'><strong>legati</strong></span> <span class='ocrx_word' id='word_1_394' title='bbox 989 2563 1189 2595; x_wconf 83' lang='lat' dir='ltr'><strong>Genuenses</strong></span> <span class='ocrx_word' id='word_1_395' title='bbox 1220 2572 1282 2605; x_wconf 89' lang='lat' dir='ltr'><strong>per</strong></span> <span class='ocrx_word' id='word_1_396' title='bbox 1303 2566 1484 2594; x_wconf 78' lang='lat' dir='ltr'><strong>nocturnas</strong></span> <span class='ocrx_word' id='word_1_397' title='bbox 1514 2559 1623 2593; x_wconf 85' lang='lat' dir='ltr'><strong>adbuc</strong></span> <span class='ocrx_word' id='word_1_398' title='bbox 1645 2562 1742 2592; x_wconf 87' lang='lat' dir='ltr'><strong>tene·</strong></span> 
     </span>
     <span class='ocr_line' id='line_1_43' title="bbox 296 2603 1744 2650; baseline -0.001 -11"><span class='ocrx_word' id='word_1_399' title='bbox 296 2605 396 2647; x_wconf 82' lang='lat' dir='ltr'><strong>bras,</strong></span> <span class='ocrx_word' id='word_1_400' title='bbox 431 2617 506 2639; x_wconf 88' lang='lat' dir='ltr'><strong>cum</strong></span> <span class='ocrx_word' id='word_1_401' title='bbox 536 2604 641 2639; x_wconf 77' lang='lat' dir='ltr'><strong>funali</strong></span> <span class='ocrx_word' id='word_1_402' title='bbox 664 2606 805 2650; x_wconf 90' lang='lat' dir='ltr'><strong>quisque</strong></span> <span class='ocrx_word' id='word_1_403' title='bbox 826 2605 861 2638; x_wconf 93' lang='lat' dir='ltr'><strong>in</strong></span> <span class='ocrx_word' id='word_1_404' title='bbox 885 2617 1002 2647; x_wconf 88' lang='lat' dir='ltr'><strong>manu,</strong></span> <span class='ocrx_word' id='word_1_405' title='bbox 1033 2605 1180 2648; x_wconf 86' lang='lat' dir='ltr'><strong>regressi</strong></span> <span class='ocrx_word' id='word_1_406' title='bbox 1201 2606 1244 2639; x_wconf 81' lang='lat' dir='ltr'><strong>ad</strong></span> <span class='ocrx_word' id='word_1_407' title='bbox 1273 2617 1351 2639; x_wconf 89' lang='lat' dir='ltr'><strong>suos</strong></span> <span class='ocrx_word' id='word_1_408' title='bbox 1373 2611 1461 2639; x_wconf 79' lang='lat' dir='ltr'><strong>sunt.</strong></span> <span class='ocrx_word' id='word_1_409' title='bbox 1509 2604 1602 2648; x_wconf 73' lang='lat'><strong>(29)</strong></span> <span class='ocrx_word' id='word_1_410' title='bbox 1626 2603 1744 2638; x_wconf 74' lang='lat' dir='ltr'><strong>eduxit</strong></span> 
     </span>
     <span class='ocr_line' id='line_1_44' title="bbox 297 2649 1745 2696; baseline -0.001 -11"><span class='ocrx_word' id='word_1_411' title='bbox 297 2655 411 2685; x_wconf 88' lang='lat' dir='ltr'><strong>autem</strong></span> <span class='ocrx_word' id='word_1_412' title='bbox 432 2650 614 2696; x_wconf 80' lang='lat' dir='ltr'><strong>imperator</strong></span> <span class='ocrx_word' id='word_1_413' title='bbox 637 2650 751 2684; x_wconf 89' lang='lat' dir='ltr'><strong>decem</strong></span> <span class='ocrx_word' id='word_1_414' title='bbox 779 2655 979 2684; x_wconf 90' lang='lat' dir='ltr'><strong>armatorum</strong></span> <span class='ocrx_word' id='word_1_415' title='bbox 1001 2650 1114 2691; x_wconf 80' lang='lat' dir='ltr'><strong>millia,</strong></span> <span class='ocrx_word' id='word_1_416' title='bbox 1133 2661 1216 2694; x_wconf 81' lang='lat' dir='ltr'><strong>quos</strong></span> <span class='ocrx_word' id='word_1_417' title='bbox 1239 2662 1326 2695; x_wconf 89' lang='lat' dir='ltr'><strong>quae</strong></span> <span class='ocrx_word' id='word_1_418' title='bbox 1347 2651 1502 2684; x_wconf 80' lang='lat' dir='ltr'><strong>ferebant</strong></span> <span class='ocrx_word' id='word_1_419' title='bbox 1523 2659 1626 2683; x_wconf 80' lang='lat' dir='ltr'><strong>naves</strong></span> <span class='ocrx_word' id='word_1_420' title='bbox 1647 2649 1745 2683; x_wconf 86' lang='lat' dir='ltr'><strong>Rbe-</strong></span> 
     </span>
     <span class='ocr_line' id='line_1_45' title="bbox 299 2695 1744 2741; baseline -0.001 -12"><span class='ocrx_word' id='word_1_421' title='bbox 299 2697 388 2740; x_wconf 85' lang='lat' dir='ltr'><strong>gium</strong></span> <span class='ocrx_word' id='word_1_422' title='bbox 422 2701 539 2731; x_wconf 87' lang='lat' dir='ltr'><strong>euntes</strong></span> <span class='ocrx_word' id='word_1_423' title='bbox 570 2701 666 2730; x_wconf 86' lang='lat' dir='ltr'><strong>tanto</strong></span> <span class='ocrx_word' id='word_1_424' title='bbox 697 2699 795 2729; x_wconf 86' lang='lat' dir='ltr'><strong>erant</strong></span> <span class='ocrx_word' id='word_1_425' title='bbox 818 2707 976 2735; x_wconf 80' lang='lat' dir='ltr'><strong>numero,</strong></span> <span class='ocrx_word' id='word_1_426' title='bbox 1010 2701 1050 2729; x_wconf 91' lang='lat' dir='ltr'><strong>ut</strong></span> <span class='ocrx_word' id='word_1_427' title='bbox 1070 2700 1177 2729; x_wconf 86' lang='lat' dir='ltr'><strong>totum</strong></span> <span class='ocrx_word' id='word_1_428' title='bbox 1199 2696 1262 2729; x_wconf 83' lang='lat' dir='ltr'><strong>hoc</strong></span> <span class='ocrx_word' id='word_1_429' title='bbox 1285 2696 1387 2730; x_wconf 85' lang='lat' dir='ltr'><strong>maris</strong></span> <span class='ocrx_word' id='word_1_430' title='bbox 1408 2696 1552 2741; x_wconf 83' lang='lat' dir='ltr'><strong>spatium</strong></span> <span class='ocrx_word' id='word_1_431' title='bbox 1573 2706 1639 2740; x_wconf 87' lang='lat' dir='ltr'><strong>quo</strong></span> <span class='ocrx_word' id='word_1_432' title='bbox 1660 2695 1744 2729; x_wconf 80' lang='lat' dir='ltr'><strong>urbs</strong></span> 
     </span>
     <span class='ocr_line' id='line_1_46' title="bbox 300 2741 1746 2787; baseline -0.001 -11"><span class='ocrx_word' id='word_1_433' title='bbox 300 2753 324 2776; x_wconf 84' lang='lat' dir='ltr'><strong>a</strong></span> <span class='ocrx_word' id='word_1_434' title='bbox 348 2742 479 2787; x_wconf 84' lang='lat' dir='ltr'><strong>Rhegio</strong></span> <span class='ocrx_word' id='word_1_435' title='bbox 511 2741 681 2776; x_wconf 87' lang='lat' dir='ltr'><strong>dirimitur</strong></span> <span class='ocrx_word' id='word_1_436' title='bbox 711 2741 755 2775; x_wconf 90' lang='lat' dir='ltr'><strong>iis</strong></span> <span class='ocrx_word' id='word_1_437' title='bbox 788 2741 917 2786; x_wconf 87' lang='lat' dir='ltr'><strong>expleri</strong></span> <span class='ocrx_word' id='word_1_438' title='bbox 946 2741 1130 2775; x_wconf 77' lang='lat' dir='ltr'><strong>videretur.</strong></span> <span class='ocrx_word' id='word_1_439' title='bbox 1179 2753 1221 2775; x_wconf 88' lang='lat' dir='ltr'><strong>ex</strong></span> <span class='ocrx_word' id='word_1_440' title='bbox 1249 2747 1348 2786; x_wconf 86' lang='lat' dir='ltr'><strong>parte</strong></span> <span class='ocrx_word' id='word_1_441' title='bbox 1373 2753 1470 2786; x_wconf 89' lang='lat' dir='ltr'><strong>porro</strong></span> <span class='ocrx_word' id='word_1_442' title='bbox 1506 2741 1746 2782; x_wconf 69' lang='lat' dir='ltr'><strong>aennon-ium,</strong></span> 
     </span>
     <span class='ocr_line' id='line_1_47' title="bbox 301 2785 1747 2840; baseline -0.001 -20"><span class='ocrx_word' id='word_1_443' title='bbox 301 2786 439 2822; x_wconf 82' lang='lat' dir='ltr'><strong>vixdum</strong></span> <span class='ocrx_word' id='word_1_444' title='bbox 469 2787 569 2835; x_wconf 88' lang='lat' dir='ltr'><strong>plene</strong></span> <span class='ocrx_word' id='word_1_445' title='bbox 595 2786 742 2821; x_wconf 84' lang='lat' dir='ltr'><strong>reversis</strong></span> <span class='ocrx_word' id='word_1_446' title='bbox 772 2797 857 2832; x_wconf 88' lang='lat' dir='ltr'><strong>quos</strong></span> <span class='ocrx_word' id='word_1_447' title='bbox 879 2787 921 2820; x_wconf 88' lang='lat' dir='ltr'><strong>ab</strong></span> <span class='ocrx_word' id='word_1_448' title='bbox 942 2786 987 2822; x_wconf 88' lang='lat' dir='ltr'><strong>iis</strong></span> <span class='ocrx_word' id='word_1_449' title='bbox 1009 2786 1052 2821; x_wconf 87' lang='lat' dir='ltr'><strong>ad</strong></span> <span class='ocrx_word' id='word_1_450' title='bbox 1074 2790 1260 2830; x_wconf 84' lang='lat' dir='ltr'><strong>Augustum</strong></span> <span class='ocrx_word' id='word_1_451' title='bbox 1281 2787 1399 2821; x_wconf 82' lang='lat' dir='ltr'><strong>missos</strong></span> <span class='ocrx_word' id='word_1_452' title='bbox 1420 2786 1576 2828; x_wconf 80' lang='lat' dir='ltr'><strong>diximus,</strong></span> <span class='ocrx_word' id='word_1_453' title='bbox 1597 2797 1619 2820; x_wconf 88' lang='lat' dir='ltr'><strong>a</strong></span> <span class='ocrx_word' id='word_1_454' title='bbox 1637 2785 1747 2840; x_wconf 82' lang='lat' dir='ltr'><strong>primo</strong></span> 
     </span>
     <span class='ocr_line' id='line_1_48' title="bbox 302 2830 1746 2879; baseline -0.001 -13"><span class='ocrx_word' id='word_1_455' title='bbox 302 2832 450 2868; x_wconf 82' lang='lat' dir='ltr'><strong>diluculo</strong></span> <span class='ocrx_word' id='word_1_456' title='bbox 482 2844 564 2869; x_wconf 84' lang='lat' dir='ltr'><strong>acer</strong></span> <span class='ocrx_word' id='word_1_457' title='bbox 590 2837 644 2868; x_wconf 80' lang='lat' dir='ltr'><strong>est</strong></span> <span class='ocrx_word' id='word_1_458' title='bbox 676 2832 820 2879; x_wconf 84' lang='lat' dir='ltr'><strong>impetus</strong></span> <span class='ocrx_word' id='word_1_459' title='bbox 849 2832 884 2867; x_wconf 84' lang='lat' dir='ltr'><strong>iu</strong></span> <span class='ocrx_word' id='word_1_460' title='bbox 906 2832 1135 2879; x_wconf 82' lang='lat' dir='ltr'><strong>Amogabaros</strong></span> <span class='ocrx_word' id='word_1_461' title='bbox 1156 2833 1280 2870; x_wconf 76' lang='lat' dir='ltr'><strong>factus.</strong></span> <span class='ocrx_word' id='word_1_462' title='bbox 1324 2844 1427 2868; x_wconf 85' lang='lat' dir='ltr'><strong>causa</strong></span> <span class='ocrx_word' id='word_1_463' title='bbox 1447 2831 1649 2879; x_wconf 81' lang='lat' dir='ltr'><strong>properandi</strong></span> <span class='ocrx_word' id='word_1_464' title='bbox 1669 2830 1746 2871; x_wconf 73' lang='lat' dir='ltr'><strong>fuit,</strong></span> 
     </span>
    </p>
   </div>
  </div>
 </body>
</html>
