1858 3126
344 180 418 222 DE
450 176 775 221 ANDRONICO
809 171 1174 218 PALAEOLOGO
1209 171 1256 214 L.
1291 169 1386 213 Vll.
1477 168 1574 214 575

145 289 450 346 πρεσβεύοντος.
517 288 639 333 ταῦτ’
663 288 821 332 Ἀλανοὶ
843 285 898 336 ὥς
923 285 1025 340 πρὸς
1045 285 1181 328 αι’-τῶν
1201 285 1245 327 ἐκ
1265 286 1339 327 τοῦ
1358 279 1484 337 τιῖχης
1509 282 1576 324 καὶ

145 357 379 413 αὐτομάτου
398 358 594 413 γεγονέναι
624 355 746 406 (δόξαν
775 357 840 398 καὶ
869 355 958 396 λίαν
985 351 1293 406 ἀποδεξάμενοι,
1329 349 1576 393 ὖποποιοῦν-

145 444 214 470 ται
242 429 440 475 παντοίως
468 426 538 467 τὸν
567 421 827 476 πρεσβευτήν.
894 422 959 463 καὶ
986 419 1006 462 ὅ
1038 421 1136 469 τέως
1176 416 1438 473 ε’ξημεριῦσων
1467 421 1576 473 σφᾶς

146 498 308 546 βασιλεῖ
332 493 446 543 ὅλος,
493 490 547 540 ὥς
577 490 713 542 δόξαι,
758 491 913 532 ἐκείνων
939 490 1109 542 γίνεται,
1145 489 1208 529 καὶ
1232 489 1273 535 ἐς
1296 491 1492 536 τοσοῦτον
1508 487 1569 527 οἲ-
1592 485 1624 520 Ε

114 566 322 603 5κειοῦται
355 562 492 615 σφίσιν
529 558 631 601 ὥστε
666 559 730 599 καὶ
762 557 886 610 ἄλλην
917 555 988 608 τὴν
1017 560 1088 597 τοῦ
1112 552 1387 609 πρωτεῦοντος
1417 554 1573 594 ἐκείνων

143 629 329 683 Κυρσίτη
348 626 525 682 ἀδελφὴν
544 625 765 681 ἀγαγέσθαι
784 625 824 673 ἒς
842 622 1022 676 σύζυγον.
1066 620 1089 676 ἧ
1120 653 1295 665 ......
1321 621 1477 662 Ἀλανοὶ
1499 620 1574 669 τὰς

144 699 220 749 τῆς
245 693 405 743 Νεοῖδος
430 694 597 740 σκοπιὰς
622 690 914 743 καταλαβόντες
942 689 1064 732 τόπον
1084 692 1258 743 διαρκῶς
1278 688 1467 743 ὀχυροῦσι
1484 694 1573 736 ταῖς

145 761 251 804 κατὰ
280 766 390 817 σφᾶς
425 758 702 815 ἁρμαμάξαις,
749 757 813 808 αἷς
843 758 894 813 δὴ
921 760 985 799 καὶ
1015 759 1296 810 διεκομίζοντο.
1363 753 1508 810 γύναια
1529 755 1573 796 δὲ

145 830 211 871 καὶ
238 827 431 883 παιδάρια
467 830 532 870 καὶ
562 832 696 869 πᾶσαν
728 826 854 880 ι’ἰλλην
885 826 1114 878 περιουσίαν
1146 825 1226 866 ἐκεῖ
1258 824 1572 878 συγκλείσαντες,

91 906 136 941 10
146 888 330 938 ἕντεῦθεν
351 895 464 937 αὐτοὶ
486 893 540 943 ὥς
559 894 620 936 {n}
639 896 788 952 βεβαίῳ
812 898 882 947 τῆς
900 891 1093 944 ἱδριῖσεως
1108 890 1375 946 ἓξορμώμενοι
1396 890 1447 932 τὰ
1465 887 1568 932 πᾶν-
1592 891 1618 926 P
1643 892 1711 927 402

144 965 255 1006 δεινα
275 965 478 1005 διετίθουν
497 961 739 1015 Ῥωμαίους,
776 960 900 1015 μόνον
925 962 969 1002 δὲ
997 961 1183 1016 φειδωλοὶ
1206 961 1294 1013 περὶ
1323 958 1394 1007 τὰς
1410 957 1572 1012 σφαγὰς

142 1025 262 1086 ἦσαν.
330 1031 395 1072 καὶ
413 1029 536 1072 ταῦτ’
569 1028 733 1082 ἠκούετο
766 1029 1021 1084 εἰργασμένος
1046 1029 1365 1079 Κουτζίμπαξις,
1403 1027 1520 1068 εἶκαὶ
1548 1023 1569 1067 ὅ

142 1100 304 1154 κρατῶν
324 1096 394 1140 ἐπ’
411 1099 542 1155 ἐκείνῳ
562 1096 617 1139 ἔτι
636 1094 1015 1152 πληροφορούμενος
1037 1095 1122 1137 οὐδ’
1146 1095 1248 1143 ὅλως
1266 1094 1317 1136 τὰ
1337 1098 1409 1147 τῆς
1434 1091 1573 1148 φήμης

142 1164 396 1220 παραδεκτέα
424 1163 576 1220 ἡγεῖτο·
613 1167 677 1206 καὶ
700 1164 776 1219 γὰρ
798 1164 976 1212 κάκεῖνος
1002 1162 1291 1217 περιεβουκόλει
1315 1161 1388 1209 τὰς
1406 1161 1572 1209 ἐλπίδας

92 1236 203 1290 15τῷ
231 1236 415 1285 βασιλεῖ,
460 1230 514 1281 ὥς
541 1231 613 1274 οὐκ
640 1234 702 1274 ἐπὶ
728 1230 888 1288 πονῆρῳ
915 1229 1121 1282 Ῥωμαίων
1147 1235 1277 1272 ταῦτα
1299 1227 1491 1283 πράττοι,
1529 1228 1572 1278 ἐξ

144 1293 201 1342 ὧν
222 1297 386 1353 ἠκούετο
406 1297 506 1352 πρός
532 1316 642 1347 τινας
666 1304 745 1340 τῶν
767 1303 838 1340 τοῦ
861 1299 1056 1350 βασιλέως
1085 1294 1419 1351 ἀπολογούμενος.
1488 1293 1572 1337 ἕτί-

144 1370 280 1422 ρωθεν
304 1367 348 1408 δὲ
366 1365 460 1408 κατ’
487 1366 688 1420 ἀνατολὴν
707 1368 772 1407 καὶ
790 1364 810 1407 ὅ
830 1363 1114 1419 Ἀτταλειῶτης
1135 1364 1378 1406 ἀποστατῶν
1397 1361 1568 1417 ἓκηρῦσ-
1591 1373 1621 1406 Β

143 1449 259 1485 otro,
316 1435 381 1475 καὶ
427 1431 644 1488 γράμματα
679 1431 950 1487 ἀφικνούμενα
993 1432 1066 1486 τὴν
1102 1431 1356 1474 ἀποστασίαν
1391 1430 1570 1482 ἔδήλουν.

142 1504 274 1543 ταῦτα
293 1501 367 1554 μὲν
385 1500 432 1542 οὔ
451 1503 560 1553 λίαν,
599 1499 653 1549 ὥς
683 1500 792 1558 ἐῴκει
802 1533 815 1552 ,
851 1498 989 1543 ὠδύνα
1008 1499 1079 1542 τὸν
1097 1500 1291 1553 βασιλέα,
1328 1497 1380 1541 τὰ
1407 1499 1451 1540 δὲ
1469 1497 1574 1540 κατὰ

230 1586 264 1620 2.
285 1582 470 1628 δόξανταῖ
603 1583 637 1620 4.
658 1581 750 1626 ὅλως
772 1585 812 1620 Ρ.

139 1651 315 1687 tavissent.
359 1652 533 1686 advenisse
565 1652 595 1686 is
618 1652 752 1694 nuntius
782 1652 815 1685 in
837 1655 990 1696 tempore
1011 1651 1103 1685 visus
1126 1655 1177 1686 est
1199 1650 1334 1692 Alanis,
1359 1650 1491 1696 qnando
1514 1662 1573 1685 eos

141 1698 252 1732 multis
273 1698 316 1731 de
345 1699 454 1731 causis
482 1699 651 1731 Romanae
679 1698 851 1731 societatis
879 1698 1025 1731 taedium
1057 1702 1205 1741 ceperat.
1251 1697 1366 1740 itaque
1398 1707 1469 1729 cum
1502 1707 1571 1728 rem

138 1742 245 1787 ipsam
265 1746 467 1788 exceperunt
489 1743 608 1786 avide,
641 1748 711 1776 tum
735 1743 807 1776 eius
829 1743 870 1776 ad
893 1754 930 1776 se
954 1742 1084 1776 missum
1109 1741 1234 1786 negotii
1259 1741 1441 1775 ministrum
1464 1740 1571 1773 omni-

137 1787 203 1821 bus
224 1787 385 1821 demereri
405 1787 576 1821 officiosae
599 1788 850 1822 benevolentiae
860 1788 1139 1821 declarationibus
1161 1788 1330 1820 studuere.
1377 1796 1440 1818 nec
1458 1785 1570 1828 segnis

138 1831 196 1865 ine
216 1838 275 1866 aut
297 1844 418 1878 parcus
440 1833 503 1866 fuit
525 1834 557 1866 in
591 1834 777 1867 exhibenda
803 1837 915 1866 mutua
945 1833 1065 1876 gratia.
1111 1834 1196 1866 unde
1220 1831 1276 1876 qui
1300 1831 1343 1864 ad
1366 1829 1569 1863 deliniendos

138 1875 335 1920 imperatori
363 1879 579 1910 exacerbatos
601 1878 776 1912 Alanoi-um
799 1878 923 1911 animos
955 1878 1046 1910 utilis
1069 1877 1264 1910 conciliator
1286 1874 1466 1908 accessisse
1488 1886 1570 1918 spe-

140 1921 300 1961 rabatur,
332 1921 428 1954 brevi
459 1927 550 1954 totus
574 1922 609 1955 in
631 1934 743 1956 eorum
765 1923 927 1956 transisse
958 1927 1070 1966 partes
1093 1922 1180 1955 haud
1204 1920 1314 1954 dubiis
1336 1926 1388 1952 est
1410 1930 1566 1963 comper—

140 1972 198 1998 tus
218 1964 368 2005 indiciis,
389 1966 501 2009 ntique
524 1966 581 2009 qui
605 1978 644 1999 eo
661 1978 767 2010 usque
798 1979 835 2000 se
855 1967 922 2000 illas
943 1967 1220 2010 agglutinaverit,
1246 1971 1283 1998 ut
1304 1975 1450 1998 sororem
1475 1965 1566 1998 Cur-

140 2009 228 2044 sitae
259 2009 380 2053 primas
411 2010 500 2053 apud
530 2010 622 2054 ipsos
647 2012 829 2044 obtinentis
848 2011 947 2044 aliam
970 2022 1104 2044 uxorem
1134 2010 1276 2043 duxerit.
1319 2010 1395 2042 hinc
1415 2009 1480 2042 iam
1501 2020 1564 2054 pa-

138 2054 204 2088 lam
226 2054 362 2098 imperio
383 2055 523 2088 rebelles
545 2055 638 2088 Alani
667 2057 739 2089 loco
774 2055 870 2099 potiti
898 2055 983 2088 situs
1005 2055 1185 2094 inaccessi,
1218 2065 1316 2098 ‘luem
1339 2054 1466 2087 Neadis
1487 2066 1566 2099 spe-

139 2099 232 2133 culas
262 2102 400 2140 vocant,
430 2110 503 2132 eum
534 2104 690 2143 quantum
720 2101 802 2133 satis
823 2101 895 2132 fore
926 2100 1030 2133 visum
1062 2104 1114 2132 est
1137 2099 1308 2138 muniunt,
1341 2099 1564 2143 plaustrorum

137 2155 227 2189 quae
248 2144 388 2188 plurima
407 2144 602 2185 trahebant,
629 2144 783 2177 continua
805 2144 891 2177 serie
912 2145 1003 2177 velut
1025 2145 1111 2177 vallo
1134 2144 1379 2177 circumdatum.
1422 2150 1491 2178 tum
1512 2144 1564 2185 ino

137 2189 239 2223 clusis
271 2200 313 2222 ea
344 2189 524 2222 munitione
556 2189 747 2222 mulieribus
779 2193 815 2222 et
846 2189 993 2232 parvulis
1016 2195 1217 2232 caeteraque
1249 2189 1465 2232 supellectili,
1486 2189 1564 2224 inde

136 2233 202 2278 ipss‘
223 2238 262 2267 ut
282 2245 324 2267 ex
345 2245 464 2268 secura
485 2233 546 2267 sibi
569 2234 613 2267 ad
636 2239 803 2278 receptum
833 2245 911 2266 arce
933 2234 1155 2277 prodeuntes,
1186 2234 1271 2266 omni
1294 2233 1482 2268 hostilitatis
1502 2246 1564 2278 ge-

136 2286 219 2312 nere
249 2279 413 2312 Romanos
441 2278 660 2320 infestabant,
686 2279 747 2312 nisi
779 2279 866 2322 qnod
897 2279 1082 2322 parcebant
1109 2279 1260 2321 sanguini
1293 2278 1464 2323 minusque
1486 2291 1566 2314 eae-

137 2323 227 2358 dinm
248 2325 402 2357 edebant.
444 2329 480 2357 et
505 2324 587 2357 haec
608 2324 764 2357 videlicet
786 2323 1015 2366 Cutzimpaxis
1036 2324 1240 2367 transegisse
1262 2335 1334 2358 cnm
1352 2324 1466 2358 Alanis
1487 2330 1566 2360 tan-

137 2367 214 2402 dem
235 2369 442 2411 audiebatur,
470 2369 619 2413 quamvis
640 2369 778 2402 necdum
801 2369 957 2401 credente
978 2368 1198 2412 imperatore;
1221 2369 1276 2413 qui
1300 2374 1564 2415 praeoccupatus

136 2423 257 2456 magua
278 2413 431 2456 opinione
454 2414 534 2447 fidei
557 2413 630 2447 eius
661 2413 723 2446 viri
747 2425 786 2447 ac
807 2412 1056 2447 benevolentiae
1086 2424 1167 2456 erga
1189 2425 1226 2446 se
1247 2413 1417 2456 sincerae,
1447 2427 1566 2449 assen-

135 2457 194 2491 tiri
215 2468 278 2491 non
297 2459 482 2492 sustinebat
503 2459 584 2492 talia
605 2459 648 2492 de
668 2458 723 2492 illo
746 2458 1010 2492 memorantibus.
1057 2458 1100 2491 ad
1123 2458 1211 2502 quod
1226 2457 1351 2502 aliquid
1365 2459 1451 2493 artis
1463 2460 1564 2494 etiam

135 2500 210 2545 ipse
231 2502 414 2536 adhibebat
434 2504 679 2548 Cutzimpaxis,
701 2515 794 2549 spem
816 2503 991 2537 etiamnum
1013 2502 1225 2546 imperatoris
1247 2504 1370 2538 nuntiis
1391 2505 1565 2539 submissis

135 2544 284 2588 lactans,
314 2551 349 2580 et
382 2548 423 2581 ad
445 2550 603 2592 quosdam
624 2549 727 2593 ipsius
748 2549 925 2582 familiares
946 2548 1153 2581 defensiones
1175 2548 1253 2582 sacti
1285 2549 1336 2582 sui
1357 2550 1564 2593 scriptitans,

135 2590 254 2634 quibus
275 2591 464 2626 affirmabat
486 2594 566 2627 nibil
587 2593 621 2627 in
644 2595 707 2627 hoc
727 2600 836 2628 actum
859 2605 880 2627 a
902 2605 940 2627 se
963 2593 1051 2638 quod
1074 2593 1106 2626 in
1130 2593 1228 2626 ullum
1247 2593 1484 2628 incommodum
1507 2593 1559 2627 rei

233 2640 248 2668 t
270 2635 437 2671 Romanae
452 2639 649 2674 redundare.
693 2641 802 2673 altera
822 2650 904 2672 vero
927 2650 969 2672 ex
1001 2644 1098 2683 parte
1118 2639 1152 2671 in
1175 2638 1337 2672 Orientali
1369 2645 1481 2672 tractu
1506 2649 1563 2672 re-

150 2678 278 2730 ‚elme
306 2682 505 2717 Attaleotam
538 2683 646 2727 palam
674 2684 952 2728 praedicabatur3
986 2683 1307 2728 ostendebanturque
1334 2683 1410 2717 inde
1440 2683 1563 2717 allatae

134 2722 256 2756 literae
277 2724 310 2758 id
331 2726 416 2760 citra
436 2728 536 2760 ullam
558 2729 794 2762 dubitationem
817 2732 1016 2762 asserentes.
1060 2727 1118 2761 sed
1140 2727 1175 2761 id
1194 2739 1310 2762 novum
1332 2728 1448 2761 vulnus
1470 2727 1559 2762 haud

134 2767 269 2802 multum
281 2791 294 2811 ,
317 2774 356 2804 ut
375 2773 581 2816 apparebat,
615 2773 750 2808 dolebat
775 2773 991 2819 imperatori,
1020 2772 1198 2819 desperata
1222 2773 1344 2808 dudum
1364 2773 1472 2807 salute
1502 2783 1559 2807 re-
