1858 3126
260 186 358 243 468
471 222 489 233 .-
669 182 907 228 GEORGII
950 182 1297 227 PAGHYMERIS

258 295 562 356 παραχάραξιν,
601 298 656 346 εἲς
677 296 748 339 τὸν
767 301 841 339 τοῦ
863 292 1178 352 ὕπογρᾶφοντρς
1195 293 1537 340 adrev-§amno
1562 294 1711 354 (ἠσθέ-

257 386 313 411 νει
332 366 409 422 γὰρ
430 365 472 416 ἐξ
500 363 711 420 ἄνθρακος
733 364 878 421 δῆλον)
905 362 1082 420 ἀνάγετε.
1153 365 1197 406 τί
1211 365 1304 418 δαίς
1338 363 1448 418 ἔχετέ
1462 366 1624 412 που-καὶ
1647 365 1714 407 {nl

122 441 148 474 P
172 441 238 476 326
262 453 300 478 τι
318 435 483 483 δικαίως
504 430 664 489 ἀνάγειν
683 434 750 476 καὶ
775 433 824 476 τὸ
842 432 1059 488 μοχθηρὸν
1088 436 1162 488 τῆς
1186 431 1348 487 γνώμης
1370 434 1436 474 καὶ
1458 431 1506 475 τὸ
1523 432 1711 476 ἐντεῦθεν

257 502 482 559 ὖποτρέχον
526 505 687 558 φαῦλον
726 506 797 557 τῆς
830 501 1129 557 προαιρέσεωςς
1173 499 1195 543 ὃ
1219 501 1271 555 δὴ
1301 501 1437 558 ἐκείνῳ
1458 499 1712 544 vocativa-u-

259 588 398 628 γοντες
419 571 462 613 ἐκ
481 574 554 612 τοῦ
574 567 738 619 εἰκότως
754 568 1020 625 προσάπτετε.
1092 567 1114 612 ὅ
1135 568 1267 623 τυχών
1285 565 1574 621 μεταλλάττων
1590 571 1743 613 arzaco-f>

259 639 314 690 ὥς
340 640 437 689 ἔπος
467 640 587 680 εἰπεῖν
613 645 834 693 συγχωρεῖ·
879 640 944 681 καὶ
974 635 1227 694 πατριάρχης
1254 634 1472 694 θνήσκων,
1517 635 1608 679 ἀντὶ
1639 639 1713 679 τοῦ

209 740 211 742 f
259 706 455 763 συνήθως
476 704 608 758 λύειν,
641 708 800 759 δεσμεῖν
825 709 890 749 καὶ
909 704 1091 760 μάλιστα
1113 708 1253 758 εἵλετο,
1289 706 1354 748 καὶ
1372 709 1504 749 ταῦτα
1521 704 1593 747 τὸν
1612 701 1714 761 ὑπὲρ

258 781 333 832 τῆς
363 774 576 829 ἐκκλησίας
607 772 851 829 ἶστιῖμενον,·
899 774 976 830 ἐγὼ
1009 776 1083 829 μὲν
1113 770 1186 817 οὖν
1206 776 1274 817 καὶ
1294 774 1426 828 υἶῖκὴν
1445 773 1580 832 ἐκείνῳ
1601 772 1715 828 φέρω

259 842 405 899 τιμήν,
454 842 531 885 κᾶν
556 846 722 892 πολλοῖς
752 841 846 885 οἶδα
880 842 1008 885 ἔκεΐνα
1039 843 1178 895 λαβὼν
1206 841 1308 898 παρ’
1339 843 1490 885 ἐκείνου
1520 839 1548 883 ἃ
1575 840 1627 896 δὴ
1647 841 1714 883 καὶ

208 923 238 957 Β
260 911 428 968 ὀφειλὴν
457 909 765 966 εὐγνωμοσύνης
786 911 886 967 παρ’
915 912 1013 965 ἐμοῦ
1041 911 1143 967 πρὸς
1164 913 1311 954 ἐκεῖνον
1332 912 1494 953 δικαίαν.
1513 908 1714 952 ‹iurantu-
1726 919 1770 954 10

235 1014 243 1018 -
259 987 341 1031 τεῖ,
377 981 443 1022 καὶ
466 978 510 1021 τὸ
529 981 665 1033 μεῖζον
676 1011 689 1030 ,
727 978 789 1022 ὅτι
810 982 875 1021 καὶ
897 980 936 1028 ἐς
956 981 1165 1033 βασιλείαν
1186 978 1314 1034 αὐτὴν
1325 979 1396 1032 ἐμὲ
1413 978 1618 1034 προυτίμα
1639 981 1714 1020 τοῦ

258 1066 340 1101 μου
360 1045 536 1103 πατρός,
571 1049 721 1090 ἐκείνου
741 1047 780 1103 γ’
802 1047 999 1103 ἄρχοντος
1016 1047 1105 1101 ἅμα
1121 1048 1196 1102 μὲν
1213 1048 1338 1096 αὐτὸς
1358 1046 1432 1102 τὴν
1449 1045 1715 1100 ποιμαντικὴν

261 1114 502 1172 αἱρούμενος
529 1120 842 1171 παραιτεῖσθαι,
888 1117 1098 1171 ἐπικρίνων
1128 1115 1236 1158 οὕτω
1257 1114 1329 1169 τὴν
1352 1115 1575 1169 θεραπείαν
1595 1113 1714 1164 ἀξίαν

259 1189 333 1227 τοῦ
352 1185 410 1233 εἷς
426 1183 496 1226 τὸν
516 1181 705 1239 Ἰωάννην
724 1182 1091 1239 πλημμελήματος,
1125 1183 1212 1236 ἅμα
1233 1182 1277 1225 δ’
1299 1183 1424 1233 ἀξιῶν
1442 1183 1509 1236 καὶ
1532 1181 1604 1224 τὸν
1631 1199 1714 1224 πα-

259 1253 358 1307 τέρα
381 1251 454 1307 τὴν
479 1253 689 1304 βασιλείαν
719 1253 984 1304 ἐκτίθεσθαι,
1022 1251 1107 1304 ὅτι,
1146 1251 1293 1306 λέγων,
1331 1250 1382 1293 τὰ
1407 1249 1507 1306 πρὸς
1522 1246 1712 1304 Ἰωάννην
1726 1257 1767 1292 15

262 1323 330 1363 καὶ
362 1319 516 1376 ἀμφοῖν
546 1317 856 1377 παρηνόμηται,
905 1320 1018 1380 αὐτῷ
1045 1321 1120 1375 μὲν
1146 1318 1373 1376 καθυφέντι
1393 1322 1466 1374 τῆς
1484 1318 1713 1374 πολυωρίας

359 1440 394 1475 4.
415 1436 488 1483 δὴ]
512 1436 559 1475 δ’
580 1438 620 1473 1³.
758 1439 791 1474 6.
815 1439 882 1476 τοῦ
905 1428 1035 1475 deerat.

260 1547 462 1580 testamento
495 1544 638 1578 immane
660 1542 789 1578 alienae
821 1542 1100 1589 subscriptionis?
1134 1542 1188 1577 cui
1219 1542 1348 1588 putatis
1378 1540 1592 1576 emunctioris
1614 1539 1714 1586 paulo

261 1591 354 1625 naris
376 1601 442 1624 non
464 1589 578 1622 statim
601 1589 757 1623 subolere
779 1590 960 1622 sublestam
983 1589 1082 1623 fidem
1107 1589 1334 1634 exceptionis,
1357 1599 1426 1633 qua
1446 1587 1511 1621 soli
1531 1586 1605 1620 sine
1625 1589 1716 1620 teste

261 1636 400 1670 iactatis
422 1635 499 1669 ideo
522 1645 583 1679 per
605 1645 643 1668 se
665 1645 730 1668 non
754 1633 996 1679 subscripsisse
1019 1634 1193 1668 Arsenium
1223 1634 1347 1667 tabulis
1370 1632 1536 1666 indicibus
1557 1642 1640 1666 suae
1663 1631 1716 1666 ul-

261 1681 365 1717 timae
387 1680 582 1721 voluntatis,
600 1680 689 1724 quod
712 1679 835 1723 digitos
852 1687 933 1713 tunc
955 1679 1068 1713 innato
1091 1679 1134 1713 iis
1157 1679 1361 1712 carbunculo
1385 1677 1564 1722 impeditos
1585 1677 1715 1711 habae-

260 1728 334 1761 rit?
357 1730 394 1761 et
415 1730 484 1760 tam
504 1732 726 1770 opportunum
748 1732 884 1759 vestrae
906 1736 1030 1759 causae
1052 1725 1344 1758 instrumentorum
1367 1723 1534 1758 scribendi
1557 1721 1715 1757 articulo-

262 1784 336 1807 rum
359 1771 507 1806 morbum
529 1771 692 1815 sperastis
714 1770 900 1804 assertione
921 1781 988 1804 una
1009 1775 1124 1804 vestra
1140 1769 1336 1815 persuaderi
1358 1768 1508 1814 potuisse
1530 1779 1594 1802 non
1618 1767 1715 1811 igna-

263 1819 310 1852 ris
333 1829 443 1852 rerum
458 1842 469 1861 ,
502 1815 686 1862 iisdemque
707 1817 941 1860 reputantibus
963 1822 1089 1861 quanto
1114 1815 1275 1850 mendacii
1298 1815 1444 1860 praemio
1472 1826 1494 1848 a
1513 1813 1717 1859 pertinacis-

262 1863 355 1898 simis
374 1863 483 1897 malae
506 1873 629 1895 causae
650 1861 882 1895 defensoribus
912 1863 996 1895 baec
1021 1860 1105 1904 fingi
1129 1860 1324 1906 potuerint?
1353 1859 1496 1894 desinite
1523 1858 1630 1900 igitur
1661 1858 1714 1892 in-

261 1914 398 1943 tentare
421 1906 620 1942 sententiam
641 1908 792 1941 omnibus
814 1907 962 1951 ignotam
984 1907 1103 1941 iudicis
1126 1906 1267 1948 mortui,
1299 1905 1396 1940 cuius
1416 1904 1645 1946 incredibilis,
1680 1909 1717 1937 et

263 1953 329 1989 nisi
352 1953 514 2007 suffragio
536 1951 643 1998 agniti
667 1952 881 1998 chirographi
904 1952 1082 1994 fulciatur,
1112 1952 1283 2005 irridenda
1307 1962 1447 1997 prorsus
1469 1949 1627 2005 allegatio
1649 1955 1714 1984 est.

262 2009 549 2089 331232‘2112‘13311‘3
562 2001 1509 2087 iffiiiieioiiifflffssainmAs'ssfflssssi'r'effl‘ffg'isstffil
1530 1994 1717 2087 &3333

264 2089 381 2123 halitu.
429 2101 473 2124 au
497 2100 561 2123 non
584 2089 671 2123 enim
691 2089 826 2123 sentitis
852 2101 950 2135 quam
980 2089 1025 2123 sit
1054 2089 1247 2123 illaudatum
1273 2087 1466 2122 Christiano
1488 2088 1572 2122 iram
1594 2087 1631 2121 in
1652 2086 1716 2121 ad-

264 2134 434 2168 versarios
455 2141 519 2168 non
543 2134 586 2168 ad
609 2134 687 2168 solis
710 2139 838 2169 tantum
861 2136 920 2169 sed
954 2135 998 2169 ad
1029 2135 1121 2169 vitae
1142 2134 1249 2169 totius
1272 2145 1428 2169 occasum
1449 2145 1556 2179 usque
1578 2141 1716 2167 servate

264 2179 516 2214 inexorabiliter
538 2179 756 2223 flagrantem5
779 2191 878 2225 quam
900 2181 1160 2226 inconsequens.
1188 2180 1298 2214 virum
1320 2191 1417 2225 quem
1441 2183 1592 2213 sanctum
1615 2187 1715 2222 pne-

263 2224 410 2265 dicatis‚
432 2231 500 2258 tam
524 2236 659 2259 saevum
682 2225 823 2259 ultorem
846 2227 980 2269 dicere;
1009 2238 1108 2272 quam
1138 2225 1334 2259 incredibile
1356 2223 1582 2270 patriarcham
1613 2225 1714 2255 notae

262 2269 429 2310 lenitatis,
464 2281 563 2315 quem
586 2274 736 2311 constat,
759 2271 835 2305 dum
858 2271 1009 2314 viveret,
1039 2271 1143 2305 fuisse
1164 2271 1296 2305 solitum
1318 2281 1357 2304 se
1378 2268 1589 2303 laedentibus
1614 2265 1714 2310 igno-

265 2323 385 2356 scere,
409 2318 476 2348 tam
503 2316 610 2348 ferum
632 2315 665 2348 in
688 2315 762 2359 ipso
785 2317 900 2350 mortis
923 2322 1047 2363 puncto
1070 2316 1222 2361 fingere,
1252 2321 1291 2349 nt
1312 2318 1430 2348 contra
1451 2324 1550 2358 quam
1571 2322 1713 2345 consue·-

265 2363 385 2400 verat,
409 2359 516 2404 ligare
538 2367 618 2394 tunc
640 2361 751 2394 mallet
773 2373 872 2406 quam
894 2363 1046 2405 solvere,
1069 2361 1300 2405 constringere
1319 2359 1444 2393 animas
1466 2357 1714 2391 anathematum

265 2403 405 2438 vinculis
427 2416 548 2449 quam,
583 2405 672 2450 quod
694 2406 796 2440 facile
827 2407 946 2442 vivens
967 2407 1181 2452 indulgebat,
1211 2406 1366 2438 relaxare
1393 2403 1591 2436 constrictas
1614 2413 1714 2447 prae-

266 2450 431 2496 optaret?
457 2460 555 2494 quem
578 2453 688 2483 autem
710 2455 792 2484 tunc
815 2451 931 2496 ligare,
953 2463 1053 2506 quem
1075 2451 1160 2485 diris
1181 2450 1351 2495 implicare
1373 2447 1540 2481 nexibus?
1565 2459 1630 2481 non
1653 2447 1715 2481 ali-

275 2499 363 2529 ‘uem
386 2505 406 2528 e
429 2495 548 2538 plebe,
582 2495 641 2528 sed
673 2496 837 2530 ecclesiae
865 2498 1081 2541 praesidem?
1119 2495 1270 2541 equidem
1294 2492 1433 2527 Arsenio
1454 2492 1639 2527 debitorem
1661 2504 1716 2527 me

265 2506 384 2574 zlialis
405 2538 636 2580 reverentiae,
658 2541 823 2574 volentem
846 2543 1005 2582 merenti,
1031 2547 1071 2575 ut
1092 2551 1172 2574 vere
1194 2539 1324 2580 sentio,
1348 2539 1397 2572 ita
1418 2543 1516 2582 grate
1538 2539 1714 2591 profioeor.

266 2585 296 2619 is
318 2584 404 2619 enim
427 2595 502 2618 oum
525 2583 598 2618 aliis
622 2595 675 2617 me
697 2584 846 2629 plurimis
869 2586 932 2619 sibi
955 2586 1128 2620 beneficiis
1149 2583 1344 2626 obstrinxit,
1366 2588 1437 2616 tuin
1459 2583 1514 2617 illo
1536 2583 1715 2628 lnsigniter

265 2628 444 2665 honoravit
459 2629 590 2670 iudicio,
607 2640 673 2675 quo
689 2640 830 2674 aequum
846 2630 913 2664 sibi
929 2630 1039 2664 videri
1054 2629 1238 2664 declaravit
1254 2628 1428 2674 imperium
1444 2629 1533 2674 patri
1549 2640 1622 2662 meo
1638 2639 1716 2663 ere-

265 2680 360 2721 ptum
375 2673 453 2710 mihi
467 2673 618 2709 attu‘bui.
655 2674 845 2719 imperabat
858 2680 939 2709 tunc
953 2681 1062 2720 pater,
1077 2680 1113 2708 et
1129 2674 1203 2720 ipse
1217 2673 1420 2719 pastoralem
1435 2673 1532 2708 huius
1547 2673 1714 2708 ecclesiae

266 2732 380 2755 curam
395 2719 609 2766 patriarchali
627 2722 797 2764 potestate
811 2721 955 2764 gerebat
969 2721 1140 2754 Arsenius.
1178 2731 1218 2753 eo
1236 2724 1387 2764 tempore
1402 2719 1569 2764 flagrante
1583 2718 1714 2754 invidia

266 2766 404 2800 sceleris
423 2765 459 2799 in
479 2765 635 2800 Ioannem
657 2765 812 2799 Lascaris
835 2765 958 2818 prioris
979 2765 1122 2810 Augusti
1151 2764 1255 2799 filium
1278 2764 1465 2807 commissi,
1491 2767 1527 2798 et
1547 2764 1712 2809 religione

266 2810 346 2846 inde
365 2810 578 2858 patriarchae
599 2811 730 2854 oborta,
751 2821 849 2858 quasi
871 2821 951 2858 pars
972 2810 1044 2846 eius
1067 2810 1186 2857 culpae
1207 2809 1241 2844 in
1262 2809 1370 2856 ipsum
1392 2810 1467 2846 iure
1489 2811 1712 2852 conferretur,

1618 2870 1624 2885 l
