1858 3126
566 159 671 204 Lm.
697 158 733 204 Ι.
801 157 1165 206 GLOSSARIUM.
1489 157 1589 204 719

133 271 229 311 fient
252 269 317 309 his
337 268 469 310 verbis
495 264 645 317 ὑσσούς
674 267 751 306 dici
778 267 905 306 iacula
927 267 968 306 in
998 267 1153 307 hostem
1173 270 1388 320 mittenda3
1415 271 1589 323 qualium

135 334 241 367 stare
262 326 413 378 copiam
437 331 660 377 promptam
681 325 732 362 ad
762 324 910 363 subitos
937 337 1031 362 usus
1057 325 1283 377 dispositam
1302 341 1421 379 super
1441 329 1590 368 vallum

135 383 354 436 oportebat.
410 381 635 420 huiusmodi
657 380 782 418 iacula
801 380 882 418 sive
901 379 1032 418 hastas
1060 382 1109 419 ab
1130 383 1404 423 accedentibus
1427 385 1477 423 ad
1501 399 1594 425 mu-

134 440 345 489 nitionem,
384 437 479 476 dum
509 437 752 490 praesidiarii
777 437 1018 487 dormirent,
1050 437 1230 478 hostibus
1259 439 1325 478 hic
1353 447 1489 480 noster
1519 442 1594 480 ab-

134 496 235 534 latas
254 495 322 533 ait.

247 546 405 602 σςήλη
433 548 564 601 p.614
582 552 705 591 v.9et
722 550 783 590 13.
811 561 951 587 vereor
972 562 1022 587 ne
1040 558 1348 603 praeoccupatus
1367 553 1595 606 vulgaribus

135 607 363 646 notionibus
395 605 588 656 quispiam
614 605 740 644 dicam
768 603 832 642 hic
858 604 953 643 mihi
981 610 1274 659 παρερμηνείας
1293 610 1456 660 scribat,
1486 612 1597 662 quod.

136 665 330 702 Graecum
352 661 588 700 vocabulum
614 657 738 712 στήλη
767 675 855 699 cum
881 661 1020 700 Latino
1045 663 1234 702 columna
1261 665 1324 703 vel
1351 674 1494 705 statua
1512 682 1596 707 nou

136 719 471 758 commutaverim.
526 717 616 766 sed,
645 730 809 767 quaeso,
837 730 952 768 quem
982 731 1138 757 sensum
1166 722 1416 762 commodum
1448 725 1595 763 faceret

137 777 328 814 columna
351 775 418 812 vel
433 781 576 811 statua
603 776 729 811 trium
752 775 1046 812 Germanorum
1064 782 1132 814 aut
1155 778 1343 815 columna
1367 781 1430 817 vel
1450 788 1593 818 statua

137 834 182 870 in
208 833 292 870 velo
322 833 458 869 aureis*
488 837 666 868 contexta
682 831 777 881 filis
793 831 1029 869 michaelem
1054 841 1356 882 repraesentans
1375 837 1593 875 Palaeolo-

133 902 237 939 gum
263 889 388 938 specie
410 888 541 938 prisci
565 886 820 924 Constantini
840 895 875 924 et
899 889 1020 925 titulo
1043 890 1164 926 novi?
1195 904 1243 928 an
1264 903 1404 941 parum
1427 900 1486 931 est
1505 894 1592 933 evi-

138 944 234 982 dens
259 940 405 994 στήλην
420 943 543 994 priori
562 943 646 980 loco
668 942 840 981 tabulam
863 957 943 981 esse
964 945 1108 995 pictam
1126 946 1355 997 imaginibus
1375 948 1496 987 trium
1518 963 1591 999 pa-

135 999 398 1038 triarcharum
425 999 491 1049 qui
522 999 704 1037 Germani
732 1006 825 1038 sunt
852 1001 1006 1046 vocati,
1035 1003 1254 1052 posteriore
1273 1010 1404 1043 autem
1429 1005 1595 1056 effigiem

135 1055 335 1095 Michaelis
352 1054 567 1106 Palaeologi
585 1068 630 1092 eo
646 1054 786 1094 habitu
803 1057 1031 1106 formatam,
1060 1058 1103 1096 in
1130 1065 1243 1098 textu
1263 1061 1353 1106 veli,
1386 1062 1452 1112 qui
1469 1062 1594 1101 tribui

135 1125 275 1162 magno
294 1111 548 1149 Constantino
581 1113 814 1150 consuevit?
851 1113 1036 1152 nimirum
1065 1111 1187 1167 στήλη
1212 1130 1235 1153 a
1258 1114 1365 1157 στάω
1393 1123 1434 1155 et
1457 1118 1592 1170 ἵστημι

135 1167 294 1207 verbale
317 1180 457 1205 nomen
474 1168 706 1218 generaliter
737 1169 930 1219 quidquid
952 1176 1062 1214 extat
1083 1177 1124 1208 et
1146 1173 1290 1210 eminet
1310 1173 1352 1211 in
1377 1181 1593 1225 prospectu

136 1224 310 1275 positum
337 1223 549 1274 significat,
591 1224 698 1262 unde
729 1226 832 1276 cippi
856 1235 1223 1276 monumentorum,
1253 1243 1300 1267 ac
1326 1243 1596 1281 quaecumque

137 1280 311 1330 fastigia,
343 1285 384 1317 et
410 1280 450 1317 in
480 1287 731 1330 conspectum
760 1282 932 1319 obiectae
950 1297 1190 1325 marmoreae
1211 1286 1364 1324 tabulae
1383 1287 1595 1339 inscriptae

137 1336 280 1384 literis,
308 1336 619 1385 frequentissime
645 1339 783 1388 στῆλαι
811 1338 936 1376 dictae
969 1341 1232 1391 reperiuntur.
1287 1343 1421 1393 itaque
1446 1357 1595 1383 caven-

138 1393 234 1430 dum
253 1404 302 1429 ne
325 1392 469 1442 species
495 1406 567 1443 pro
589 1406 727 1443 genere
753 1394 887 1432 lectori
908 1396 1072 1447 obrepat
1089 1404 1243 1436 assueto
1264 1400 1399 1450 cippos
1422 1405 1460 1437 et
1482 1401 1595 1439 colu-

136 1448 270 1486 mellas
286 1447 329 1485 in
345 1448 518 1498 apicibus
539 1449 809 1500 sepulcralium
835 1452 998 1489 molium
1022 1459 1093 1491 aut
1112 1453 1153 1491 id
1173 1467 1294 1504 genus
1314 1463 1594 1494 monumento-

135 1517 224 1542 rum
243 1511 390 1542 erectas
409 1506 562 1555 στηλῶν
580 1506 734 1543 nomine
748 1506 975 1558 intelligere.
1031 1509 1097 1547 illa
1114 1511 1216 1549 enim
1240 1513 1380 1563 στῆλαι
1396 1519 1503 1561 sunt,
1523 1513 1594 1551 sed

135 1574 218 1599 non
241 1560 343 1598 sola:
371 1561 543 1611 pertinet
561 1562 703 1613 quippe
735 1562 833 1601 haec
853 1577 934 1602 vox
958 1565 1097 1614 latius,
1124 1567 1274 1606 tabulas
1298 1568 1415 1607 etiam
1440 1574 1480 1606 et
1506 1569 1595 1608 vela

135 1616 269 1668 figuris
289 1616 468 1666 insignita
485 1617 527 1654 in
550 1619 760 1668 conspicuo
780 1626 930 1658 statuta
949 1620 1138 1661 indicans.

249 1673 518 1712 συνδοσίαι
543 1687 581 1724 p.
599 1677 681 1716 293
705 1673 742 1716 ἦ.
757 1679 796 1718 9.
853 1677 925 1714 etsi
952 1678 1058 1728 apud
1081 1685 1231 1717 veteres
1260 1686 1440 1718 auctores
1465 1680 1592 1731 legere

138 1729 351 1775 συνόοσίας
370 1742 450 1766 non
467 1730 635 1778 memini,
652 1737 750 1782 puto
770 1738 900 1771 tamen
920 1734 1211 1785 Pachymerem,
1241 1738 1353 1773 cujus
1370 1749 1503 1774 omnes
1523 1749 1592 1774 ae-

137 1797 213 1834 que
235 1784 386 1822 codices
406 1786 639 1824 vocabulum
661 1787 736 1825 hoc
755 1789 841 1827 loco
862 1790 969 1828 istud
985 1790 1184 1839 exhibent,
1206 1792 1247 1828 id
1268 1793 1310 1829 in
1326 1792 1488 1830 notione
1507 1793 1590 1831 lar-
1611 1796 1641 1831 P
1665 1798 1732 1833 510

135 1841 308 1890 gitiom's·
323 1853 542 1891 usurpasse,
559 1843 669 1892 quasi
686 1844 851 1883 ductum
871 1859 894 1883 a
913 1848 1132 1898 συνδίὸωμι
1149 1846 1341 1885 condono.
1387 1848 1451 1886 cui
1467 1849 1590 1887 verbo
1616 1865 1618 1867 ·

138 1907 215 1932 usu
236 1895 396 1944 antiquo
415 1897 643 1935 Latinorum
661 1899 763 1937 inest
787 1902 847 1938 vis
873 1903 1079 1952 peculiaris
1095 1903 1294 1941 indicandi
1314 1903 1476 1942 vitiosas
1492 1918 1591 1956 pro-

138 1950 308 1988 fusiones
334 1950 375 1988 in
397 1951 587 2002 indignos.
643 1954 777 1992 Cicero
797 1956 961 2008 Philipp.
983 1962 1029 1999 2:
1058 1959 1270 2008 apothecae
1299 1966 1405 1997 totae
1428 1963 1591 2012 nequio-

140 2007 256 2043 simis
272 2005 613 2050 condonabantur.
669 2023 741 2047 nec
757 2010 943 2050 abhorret
962 2013 1028 2050 hic
1044 2014 1281 2063 significatus
1304 2016 1352 2053 ab
1373 2015 1491 2055 huius
1510 2018 1590 2056 loci

140 2062 342 2100 sententia.
398 2063 625 2114 vituperans
646 2066 788 2117 quippe
810 2068 1036 2118 patriarcha
1059 2071 1357 2110 conventionem
1373 2073 1592 2125 imperato-

139 2118 195 2155 ris
216 2131 304 2155 cum
325 2118 446 2165 crale,
474 2120 583 2157 cuius
604 2122 804 2159 occasione
830 2124 953 2161 multa
973 2125 1245 2175 pretiosissima
1274 2141 1438 2168 munera
1463 2130 1590 2169 eidem

141 2180 182 2212 et
197 2174 279 2212 eius
298 2174 504 2212 comitibus
522 2177 722 2226 magnifice
739 2178 787 2215 ab
804 2177 979 2229 Augusto
999 2180 1143 2219 donata
1158 2183 1338 2233 superius
1354 2191 1488 2224 noster
1505 2199 1591 2224 me-

139 2231 332 2278 moravit,
359 2230 471 2268 facile
494 2234 644 2282 potuit,
673 2233 725 2271 ad
746 2236 941 2283 querelam
960 2250 1078 2274 avare
1103 2245 1312 2277 auctorum
1330 2242 1590 2293 vectigalium,

91 2283 94 2285 ’
140 2286 349 2337 adiungere
367 2285 640 2326 cohaerentem
657 2289 995 2341 reprehensionem
1018 2292 1201 2333 exhausti
1216 2295 1429 2336 ambitiosis
1447 2299 1591 2351 profu-

140 2342 314 2380 sionibus
331 2344 482 2384 aerarii.

253 2395 508 2450 σφάκελος
538 2413 576 2451 Ρ.
595 2398 676 2443 245
696 2414 735 2442 v.
756 2404 794 2443 3.
851 2402 959 2452 quod
978 2403 1043 2442 hic
1063 2411 1197 2444 noster
1222 2405 1418 2457 σφάκελος
1442 2411 1591 2459 scribit,

140 2453 300 2493 videtur
317 2455 422 2493 idem
442 2468 521 2494 esse
538 2456 645 2506 quod
662 2457 740 2496 vol.
761 2458 781 2496 1
800 2471 836 2509 p.
855 2460 932 2500 511
954 2472 995 2497 v.
1026 2464 1071 2501 11
1099 2461 1296 2511 φακέλλου
1317 2465 1510 2504 vocabulo
1529 2467 1594 2505 in-

143 2508 311 2559 dicavit,
338 2512 480 2550 fascem
504 2512 687 2551 videlicet
705 2520 774 2552 aut
795 2515 1022 2554 fasciculum
1042 2516 1124 2555 sive
1146 2519 1344 2559 fuscellum
1364 2521 1594 2560 chartarum

142 2564 372 2615 significans.
427 2568 674 2607 laudavimus
701 2570 742 2607 in
769 2570 892 2622 priori
912 2571 1109 2610 Glossario
1129 2575 1332 2624 Synesium
1358 2574 1494 2615 eadem
1513 2591 1593 2616 no-

145 2620 254 2658 tione
280 2620 477 2672 φᾶκελλον
504 2631 770 2676 usurpantem.
838 2628 990 2678 reperio
1025 2629 1130 2679 apud
1157 2630 1384 2682 Dionysium
1406 2633 1591 2672 Halicar-

145 2688 324 2715 nasseum
349 2679 375 2717 l.
399 2683 425 2720 7
455 2680 698 2730 σφακέλλους
723 2679 939 2734 φρυγάνων
966 2698 1039 2735 pro
1064 2685 1290 2735 fasciculis
1321 2689 1588 2739 virgultorum

145 2731 329 2781 positum.
386 2734 641 2786 Pachymeres
657 2736 723 2775 hic
737 2745 879 2777 neutro
897 2752 1036 2791 genere
1053 2746 1095 2780 et
1112 2754 1202 2781 cum
1218 2744 1336 2782 unico
1351 2746 1375 2785 λ
1388 2744 1494 2784 idem
1510 2759 1588 2786 vo·-

146 2786 328 2827 cabulum
349 2792 435 2841 pari
453 2791 670 2842 significatu
693 2793 863 2834 exhibet.
