1858 3126
275 125 370 183 568
681 125 913 170 GEORGII
943 126 1288 173 PACHYMERIS

275 235 434 294 αἱρετέα
458 235 553 290 ἡμῖν
582 237 635 278 τὰ
657 235 714 291 μὴ
745 238 980 288 ξυνοίσοντα
1011 237 1236 291 ξυνέβαινεν
1256 238 1380 295 εἶναις
1411 243 1535 296 χωρὶς
1551 243 1597 285 δὲ
1612 241 1710 286 τοῦ-

275 321 370 356 των,
405 310 490 353 τοῖς
506 303 578 357 μὲν
598 303 670 346 οὐκ
687 305 845 359 ἔχουσιν
861 304 911 348 ἂν
930 304 1009 362 ὅπῃ
1026 313 1224 360 τραπεῒεν,
1254 306 1305 360 ἤν
1322 305 1402 350 ποῦ
1424 325 1463 351 τι
1477 314 1561 352 τῶν
1579 309 1709 363 ἀβου-

275 370 410 425 λήτων
429 369 541 427 παρά
558 388 677 415 τινων
703 373 854 426 γένοιτο
866 405 879 425 ,
915 374 1074 423 ἐκείνοις
1091 373 1140 416 ἂν
1157 377 1336 429 ξυμβαίη
1360 377 1427 417 καὶ
1447 376 1561 430 παρὰ
1574 378 1627 420 τὰ
1647 379 1710 421 οἰ-

275 446 362 481 κεῖα
387 438 474 494 ἤθη
507 444 787 495 παρατολμᾶν.
854 439 915 490 οἷς
943 442 1018 496 γὰρ
1049 443 1186 498 σφίσιν
1209 444 1251 484 ἐν
1265 447 1391 500 στενῷ
1405 445 1550 499 κομιδῇ
1569 443 1622 486 τὰ
1636 449 1712 499 τῆς

276 505 510 561 ἐκδικήσεως
521 539 534 558 ,
571 507 815 563 ἐπιχειρητέα
835 511 901 550 καὶ
919 509 970 550 τοὶ
991 508 1135 562 ἥκιστα
1159 508 1208 552 ἂν
1228 511 1269 559 ἐς
1292 509 1399 552 ἅπαν
1418 509 1604 565 συνήθη·
1628 511 1744 567 >(μέ-ξ’»

277 590 335 629 ρει
365 574 441 630 γὰρ
477 577 533 623 εἷς
558 575 696 629 καιρὸν
727 580 857 619 ταῦτα
876 576 921 619 τὸ
943 576 1169 631 ἀπογνῶναι
1189 579 1255 619 καὶ
1278 577 1322 620 τὸ
1343 582 1425 620 τῶν
1444 575 1712 633 δρασειὸντων

224 647 259 682 Ε
280 641 450 691 ἀσθενὲς
469 643 535 684 καὶ
553 641 760 696 ἀμήχανον
779 648 853 686 τοῦ
877 645 943 686 καὶ
962 644 1014 686 τὰ
1033 643 1193 699 συνήθη
1219 647 1494 698 παραβαίνειν.
1562 641 1714 689 καὶ”ὧν

273 709 561 764 πραττομένων
581 709 605 764 ἡ
622 711 776 764 μέμψις
803 711 999 766 ἐφῆπται,
1038 710 1258 755 αι’τιάσαιτ’
1282 712 1332 755 ἄν
1349 729 1410 762 τις
1429 708 1617 762 δικαίως·
1651 711 1714 763 οἷς

274 777 318 819 δ’
345 777 386 819 ἓν
414 776 526 830 ἰσχύϊ
540 778 586 819 τὸ
608 783 816 831 μετελθεῖν
838 777 892 828 ὥς
915 777 1120 831 βούλοιντ’
1144 779 1216 832 ἄν,
1250 780 1297 822 τὸ
1329 779 1490 835 αἱρετὴν
1518 778 1712 835 αἲσχύνην

273 845 566 900 περιβαλέσθαι
596 848 732 901 σφίσιν
764 845 923 896 ἑαυτοῖς
949 852 1034 896 πῶς
1065 847 1137 890 οὐκ
1159 846 1412 902 ἄβοῦλητονς
1447 851 1528 890 τῶν
1548 849 1621 901 μὲν
1639 843 1711 891 οὖν
1724 857 1768 892 10

273 914 558 967 πεπραγμένων
575 913 648 967 οὐχ
666 908 788 968 ἦττον
809 914 1088 969 ξυγγνώμονας
1108 914 1207 958 εἶναι
1223 914 1316 970 χρή,
1339 915 1366 970 ἢ
1387 915 1595 969 ε’κδικητὰς
1610 914 1714 969 βού-

275 983 398 1022 λεσθε
417 982 638 1035 γίγνεσθαι,
672 982 767 1031 τούς
787 982 859 1023 οὐκ
884 981 933 1024 ἂν
952 985 986 1024 εἰ
1002 983 1059 1036 μὴ
1080 983 1256 1037 αἱροῖντο
1275 985 1388 1026 κακοὶ
1405 980 1627 1039 φαίνεσθαι
1645 985 1712 1026 καὶ

276 1046 506 1091 ἐκσπόνδων
523 1050 680 1103 χείρους
700 1050 1078 1103 ζημιωθησομένους
1095 1050 1140 1093 τὸ
1160 1049 1342 1094 σύνολον.
1387 1052 1421 1092 εἰ
1439 1050 1482 1092 δ’
1503 1045 1590 1102 οὖν,
1614 1049 1711 1094 ἀλλ’

138 1117 167 1152 Ρ
189 1117 255 1156 397
279 1115 323 1157 ἐκ
360 1119 442 1158 τῶν
474 1115 728 1172 φθασάντων
767 1118 937 1160 σκεπτὲα
965 1116 1016 1159 ἂν
1044 1118 1102 1172 εἴη
1132 1116 1227 1169 ὖμΐν
1257 1116 1443 1170 ὁπόσοις,
1488 1117 1579 1159 δέον
1605 1117 1709 1174 παρ’

277 1182 438 1238 ἐχθρῶν
466 1187 671 1236 πλουτεῖν,
709 1186 751 1227 ἐκ
780 1189 860 1227 τῶν
886 1183 1089 1242 ἡμετέρων
1120 1186 1406 1240 ἐξωλβίσθητε.
1474 1186 1541 1228 καὶ
1565 1184 1713 1242 ἀφίημι
1725 1194 1768 1229 15

366 1269 399 1303 7.
422 1267 490 1312 τοὶ]
516 1269 566 1310 εἰς
588 1267 635 1305 ui
657 1270 695 1304 P.

276 1345 366 1380 quae
387 1336 518 1370 minime
541 1337 782 1381 conducibilia,
804 1338 901 1372 immo
923 1336 1064 1371 maxime
1086 1336 1244 1372 damnosa
1266 1337 1361 1372 nobis
1382 1336 1466 1383 ipsis
1487 1338 1602 1372 futura
1623 1338 1714 1372 clare

277 1381 546 1425 provideantur?
592 1384 646 1417 oui
674 1390 786 1418 autem
809 1387 913 1429 queat
944 1394 1018 1416 esse
1042 1382 1176 1417 dubium
1198 1383 1293 1427 gravi
1316 1388 1432 1417 nostra
1453 1383 1600 1427 pernicie
1626 1383 1716 1417 ceci·

277 1425 366 1460 disse
391 1426 571 1462 Caesarem
585 1454 595 1470 ‚
628 1429 663 1463 in
685 1441 750 1474 quo
773 1434 824 1463 tot
846 1439 923 1474 spes
947 1428 1070 1470 futuri,
1099 1431 1212 1463 tantos
1236 1429 1360 1462 effusos
1381 1429 1414 1462 in
1437 1439 1510 1462 eum
1532 1429 1722 1463 ornandum*

277 1476 444 1516 sumptus,
478 1477 547 1506 tam
579 1473 802 1508 necessarium
828 1474 1022 1519 gravissimo
1054 1479 1167 1507 nostro
1190 1479 1339 1519 tempore
1361 1473 1563 1518 praesidium
1583 1473 1715 1519 imperii

278 1526 343 1549 uno
377 1522 534 1550 momento
565 1519 794 1562 perdidimus?
840 1525 974 1563 praeter
1004 1519 1086 1558 hoc,
1122 1518 1166 1552 ad
1196 1520 1294 1563 plane
1325 1530 1384 1552 nos
1415 1519 1501 1552 omni
1524 1519 1714 1562 suspicione

277 1570 479 1605 procuratae
508 1563 598 1596 necis
630 1564 769 1597 Caesari
803 1564 993 1607 purgandos
1015 1563 1281 1597 efficacissimum
1305 1564 1393 1608 apud
1415 1569 1509 1597 recte
1530 1563 1715 1597 iudicantes

278 1611 507 1649 argumentum
531 1608 592 1648 sit,
617 1609 704 1653 quod
727 1609 759 1641 in
783 1609 966 1642 istiusmodi
988 1608 1143 1642 immania
1165 1620 1264 1642 ruere
1287 1608 1423 1642 consilia
1444 1619 1557 1641 eorum
1580 1613 1633 1642 est
1653 1607 1714 1653 qui

279 1651 371 1695 passi
401 1663 422 1685 a
457 1653 610 1697 quopiam
640 1653 728 1698 quod
763 1665 827 1686 non
858 1653 1000 1695 vellent,
1035 1665 1100 1697 quo
1127 1665 1164 1686 se
1187 1658 1323 1687 vertant
1350 1664 1415 1687 non
1445 1653 1592 1694 habent,
1625 1653 1715 1687 omni

280 1695 431 1730 destituti
460 1699 619 1731 facultate
651 1698 861 1732 desideratae
889 1698 952 1731 sibi
983 1699 1242 1740 satisfactionis,
1269 1705 1328 1732 aut
1348 1699 1602 1742 prosequendae
1623 1698 1714 1742 apud

281 1742 491 1785 potentiores
524 1743 586 1776 viis
617 1743 794 1786 legitimis,
826 1747 883 1776 aut
905 1754 966 1787 per
989 1754 1026 1776 se
1049 1744 1157 1787 palam
1180 1744 1270 1777 iusta
1302 1749 1470 1788 potestate
1491 1744 1715 1788 usurpandae.

280 1797 355 1820 nain
379 1787 482 1830 tales,
514 1794 630 1822 urente
650 1789 739 1822 intus
760 1788 899 1822 iniuriae
921 1788 1055 1829 dolore,
1085 1789 1173 1823 ultra
1195 1800 1317 1823 morem
1338 1788 1504 1822 interdum
1526 1799 1568 1822 ac
1588 1789 1642 1822 fas
1664 1789 1717 1822 ef-

280 1832 364 1865 ferri
386 1833 428 1866 ad
452 1837 604 1868 conatum
628 1835 776 1878 quamvis
805 1833 948 1868 iniustae
977 1833 1127 1875 ultionis,
1159 1835 1332 1878 exemplis,
1363 1845 1462 1878 quam
1484 1837 1574 1867 esset
1595 1838 1716 1878 optan-

280 1876 378 1918 dum,
413 1879 635 1912 crebrioribus
658 1879 825 1920 cernitur,
850 1879 937 1923 quod
962 1879 1022 1912 hos
1046 1879 1189 1912 efferare
1211 1880 1318 1913 soleat
1340 1878 1531 1923 desperatio
1551 1878 1634 1913 iuris
1655 1883 1718 1913 aus

280 1922 415 1956 honoris
448 1924 608 1957 imminuti
631 1924 695 1958 alia
718 1925 846 1958 ratione
877 1924 1067 1969 reparandi.
1114 1924 1233 1969 quibus
1259 1936 1360 1966 vero,
1394 1923 1502 1968 qualis
1523 1928 1639 1958 nostra
1660 1923 1716 1959 dei

281 1967 444 2002 beneficio
469 1969 616 2002 conditio
635 1974 706 2008 est,
730 1970 860 2014 quibus,
885 1969 1028 2013 inquam,
1052 1969 1235 2004 auctoritas
1257 1975 1294 2003 et
1313 1970 1364 2003 vis
1387 1970 1430 2003 ad
1451 1980 1579 2002 manum
1602 1979 1717 2013 prom-

283 2016 342 2056 pta
363 2014 510 2057 suppetit
531 2015 823 2055 contumeliarum,
845 2014 874 2048 si
897 2025 979 2059 quas
1002 2015 1208 2059 accepimus,
1233 2015 1380 2059 legitima
1402 2019 1439 2048 et
1462 2014 1637 2058 inculpata
1657 2025 1716 2048 ra-

283 2056 374 2090 tione
406 2059 697 2103 vindicandarum,
736 2061 795 2094 bos
826 2071 919 2094 nemo
951 2071 1031 2093 sane
1063 2060 1232 2105 sapienter
1266 2061 1446 2094 aestimans
1479 2059 1717 2101 autumaverit,

280 2103 450 2145 probrosis
479 2106 588 2148 potius
621 2105 850 2150 pudendisque
879 2116 977 2150 quam
1010 2105 1110 2138 rectis
1138 2109 1172 2139 et
1201 2106 1350 2139 honestis
1379 2105 1468 2138 ultro
1489 2104 1585 2138 malle
1609 2103 1716 2138 modis

280 2146 331 2180 uti
354 2147 403 2180 rei
426 2153 484 2181 aut
507 2149 677 2193 dignitatis
700 2162 832 2195 quoquo
855 2150 949 2184 modo
982 2150 1157 2184 detractae
1188 2151 1411 2195 reponendae.
1457 2153 1590 2183 maneat
1610 2148 1716 2191 igitur

283 2201 325 2224 ex
354 2191 407 2225 his
435 2193 575 2227 evictum
610 2196 779 2229 evidenter
807 2207 872 2229 non
903 2195 965 2228 nisi
998 2207 1059 2240 per
1088 2196 1321 2241 iniquissimam
1345 2195 1536 2228 calumniam
1558 2191 1716 2237 imputari

282 2236 376 2269 nobis
407 2248 505 2281 posse
537 2242 665 2283 partem
689 2247 747 2274 aut
770 2241 1003 2274 conscientiam
1026 2240 1124 2274 ullam
1155 2241 1290 2274 sceleris
1312 2239 1543 2274 interficiendo
1566 2238 1715 2270 Caesare

280 2282 430 2325 patrati3
454 2295 578 2328 vosque
601 2285 680 2318 nihil
705 2287 777 2319 fere
801 2285 908 2319 minus
931 2297 1055 2328 grave,
1078 2297 1177 2330 quam
1200 2286 1288 2330 quod
1310 2284 1422 2318 ulcisci
1445 2283 1530 2316 velle
1550 2281 1714 2334 yffiemini,

282 2326 488 2361 conscituros
511 2329 656 2370 crimen,
680 2331 709 2363 si
732 2342 856 2374 poenas
879 2331 966 2364 illius
988 2331 1100 2363 caedis
1122 2332 1164 2364 ab
1187 2331 1230 2364 iis
1253 2336 1408 2374 repetere
1430 2331 1600 2371 pergatis,
1629 2337 1715 2371 quos

280 2370 315 2403 in
337 2370 423 2404 illam
448 2374 664 2415 consensisse,
689 2386 761 2407 cuin
785 2375 820 2407 id
844 2376 958 2408 facere
978 2375 1185 2419 nequiverint
1208 2375 1269 2407 nisi
1294 2385 1359 2407 non
1383 2374 1485 2406 solum
1509 2371 1620 2405 iurata
1641 2373 1717 2404 soe-

282 2416 363 2448 dera
397 2417 665 2459 perfidiosissime
695 2420 869 2458 violando,
904 2420 962 2453 sed
994 2421 1093 2452 etism
1125 2419 1359 2464 capitalissima
1392 2419 1479 2450 ultro
1503 2416 1538 2449 in
1561 2415 1716 2461 seipsos

280 2461 469 2494 stultissime
487 2464 683 2496 attrahendo
699 2463 890 2504 infortunia,
911 2465 1120 2509 perspicuum
1143 2464 1272 2498 ratione
1294 2462 1401 2495 utenti
1424 2461 1529 2494 cuivis
1552 2466 1605 2495 est
1626 2462 1716 2494 nullo

281 2516 378 2550 posse
409 2513 508 2551 pacto
542 2507 720 2540 verisimile
752 2509 868 2541 videri.
913 2520 1000 2541 nunc
1023 2509 1064 2541 ad
1087 2519 1147 2541 vos
1170 2514 1351 2551 vestraque
1384 2511 1462 2539 acta
1485 2507 1614 2540 referre
1636 2517 1716 2540 ora—

281 2550 403 2584 tionem
426 2551 596 2591 convenit,
629 2552 908 2596 considerareque
930 2564 971 2585 ex
994 2552 1099 2595 gestis
1122 2553 1186 2585 huc
1208 2563 1314 2596 usque
1337 2557 1493 2595 quantum
1516 2561 1599 2592 vos,
1629 2561 1714 2595 quoa

280 2596 444 2636 ditescere
467 2607 507 2630 ex
531 2596 656 2630 damnis
680 2597 820 2630 hostium
843 2608 905 2641 par
926 2602 1018 2638 erat,
1049 2608 1091 2630 ex
1115 2597 1258 2637 nostris,
1290 2597 1470 2637 sociorum,
1494 2601 1532 2630 ut
1554 2596 1729 2640 loqueba-¹

280 2641 377 2682 mini,
399 2646 605 2683 vestrorum,
635 2653 654 2675 e
678 2641 918 2683 Romanorum,
940 2642 1094 2685 inquam,
1117 2642 1237 2685 quibus
1260 2641 1474 2674 defendendis
1500 2640 1631 2675 evocati
1651 2651 1716 2674 ve-

279 2686 426 2726 nei-atis,
462 2686 654 2720 avarissime
686 2686 809 2720 iniuria
830 2692 945 2720 vestra
968 2687 1174 2730 direptorum
1207 2686 1342 2729 praedis
1365 2687 1547 2730 spoliisque
1568 2684 1718 2729 locuple-

278 2731 340 2764 tati
373 2732 535 2767 hactenus
567 2731 708 2768 fueritis.
752 2737 928 2777 praetereo
953 2742 1040 2778 quae
1061 2737 1179 2766 contra
1199 2731 1254 2766 ius
1274 2732 1395 2777 fasque
1417 2730 1604 2777 usurpastis
1626 2729 1719 2767 nulla
1739 2762 1742 2763 γ
