1820 3112
236 160 334 208 272
654 157 889 203 GEORGII
926 157 1282 203 PACHYMERIS

237 271 312 316 οὐκ
339 265 390 327 ἦν
428 269 534 320 ὅλως
569 275 660 321 ταῖς
689 274 772 313 τῶν
801 268 1014 326 Ῥωμαίων
1054 267 1275 326 δυνάμεσιν
1306 270 1471 315 εὐοδεῖν.
1543 268 1613 315 διά
1643 289 1708 316 τοι

236 344 371 383 ταῦτα
389 340 455 382 καὶ
479 340 522 382 ἐν
546 339 828 397 Θεσσαλονίκῃ
849 337 870 383 ὅ
893 338 1123 395 στρατηγὸς
1155 336 1394 394 καθήμενος
1413 335 1614 396 εἲργιῖζετο
1632 341 1709 395 μὲν

190 412 221 446 C
243 410 310 453 καὶ
330 407 409 465 ἀφ’
429 406 579 451 ἑαυτοῦ
599 407 653 451 τὰ
673 410 876 452 δοκοιῗντα
897 408 1001 465 πρὸς
1018 405 1301 464 ἇνταγῶνισιν,
1338 406 1452 464 ὅμως
1467 406 1516 451 δ’
1539 409 1584 452 ἐκ
1602 413 1709 452 πολ-

237 482 320 521 λῶν
344 474 634 534 ἀπογινώσκων
655 475 820 534 ἀνδρῶν
840 476 1005 520 οἴκοθεν
1027 475 1279 534 ὡρμημένων
1297 477 1583 534 περιέσεσθαι,
1618 475 1708 532 ἅμα

237 563 281 590 τε
301 544 611 603 προβαινόντων
631 547 698 589 καὶ
718 545 806 601 ἅμα
826 543 1021 603 θηρεύειν
1040 543 1216 600 ἐχόντων
1234 545 1286 589 τὰ
1314 545 1420 590 κατὰ
1442 542 1581 602 θύρας
1601 556 1740 603 προ-5

238 615 422 671 κείμενα,
459 615 527 658 διὰ
560 619 694 659 ταῦτα
720 616 788 658 καὶ
816 619 900 658 τῶν
932 612 1131 658 τοιούτων
1152 612 1468 671 ἀπογινώσκων,
1509 616 1710 665 σπονδαῖς

237 685 318 728 τισὶ
334 687 523 741 χρῆσθαι
544 683 712 739 πέμπων
735 681 1000 738 συνεβούλευε
1027 688 1086 743 τῷ
1105 687 1348 741 κρατοῦντι,
1380 685 1448 727 καὶ
1464 687 1623 738 μᾶλλον
1641 685 1711 727 καὶ

237 757 322 796 τῶν
346 753 598 797 ἀνατολικῶν
619 753 881 808 κακουμένων
901 751 983 796 ὕπὸ
1004 757 1078 809 τῆς
1097 757 1179 796 τῶν
1199 756 1377 810 Περσῶν
1397 753 1619 811 ἐπιδρομῆς
1641 754 1711 795 καὶ

236 819 469 880 χρῃζόντων
491 826 563 876 τῆς
586 822 727 877 ἱκανῆς
749 819 1021 878 ἀντιλήψεως.
1091 819 1139 865 τό
1159 839 1203 865 τε
1224 821 1407 872 σπονδὰς
1427 821 1711 876 ἀποτεμνομέ-

189 896 223 931 D
245 908 342 942 νους
364 889 580 948 εἰρηνεύειν
613 892 679 934 καὶ
709 895 873 945 βασιλεῖ’
896 892 964 933 καὶ
986 894 1038 948 τῇ
1056 892 1146 948 περὶ
1165 889 1292 934 αὐτὸν
1310 894 1444 949 βουλῇ
1471 889 1597 934 καλὸν
1613 887 1708 934 ἐδό-
1720 904 1766 939 10

239 978 298 1003 κει
325 961 392 1003 καὶ
420 964 502 1003 τῶν
527 961 768 1003 καλλίστων.
839 959 887 1003 τὸ
913 960 958 1002 δὲ
986 963 1061 1002 τοῦ
1084 957 1304 1017 βαρβάρου
1335 955 1445 1014 ἦθος
1475 958 1642 1002 εὔκολον
1662 957 1710 1003 ὃν

239 1029 342 1086 πρὸς
365 1031 555 1072 σπονδῶν
578 1026 789 1085 συγχύσεις
806 1025 985 1072 διαλύων
1005 1028 1151 1071 αὐτίκα
1185 1029 1229 1071 ἐκ
1255 1026 1460 1084 τυχούσης
1479 1029 1615 1078 αἰτίας
1634 1027 1711 1084 τὴν

241 1096 433 1153 ὁμόνοιαν
455 1095 711 1143 ὑπώπτευον.
781 1095 803 1141 ὅ
824 1102 922 1154 γοῦν
949 1097 1145 1151 βασιλεὺς
1175 1097 1395 1140 κάνταῦθα
1414 1103 1542 1140 ποιεῖν
1559 1114 1710 1153 προαι-

239 1164 436 1223 ρούμενος
457 1168 499 1218 ἐξ
527 1161 583 1210 ὧν
614 1166 790 1224 ἀρέσειεν
821 1165 872 1210 ἂν
895 1167 963 1209 καὶ
992 1171 1050 1226 τῷ
1069 1183 1111 1223 γε
1134 1164 1296 1223 ὅμορεῒν
1317 1165 1448 1221 ἔχοντι
1459 1198 1474 1220 ,
1509 1163 1710 1222 ἠβούλετο

238 1237 306 1278 καὶ
328 1235 423 1291 μετ’
450 1236 602 1279 ἐκείνου
623 1234 679 1286 ὥς
699 1232 784 1279 οἷόν
805 1252 847 1279 τε
867 1234 1057 1292 εὐορκεῖν.
1106 1234 1165 1290 μὴ
1184 1235 1322 1290 μέντοι
1342 1252 1384 1291 γε
1406 1234 1586 1292 ἀρκέσειν
1605 1234 1709 1290 πρὸς
1721 1244 1765 1280 15

186 1310 219 1345 Ε
243 1306 377 1348 πίστιν
397 1304 471 1360 τὴν
489 1310 563 1348 τοῦ
583 1305 743 1362 Σέρβου
766 1305 1070 1360 παλιμβουλίαν
1093 1306 1137 1347 ἐκ
1154 1308 1236 1347 τῶν
1258 1306 1446 1347 δυνατῶν
1468 1303 1618 1360 ἔκρινεν
1633 1301 1709 1346 ἅλ-

242 1378 325 1424 λως
336 1406 350 1428 ,
388 1373 420 1416 εἶ
443 1373 501 1429 μὴ
525 1371 636 1430 κήδει
654 1379 712 1433 τῷ
727 1373 833 1417 κατὰ
856 1371 988 1430 γάμον
1006 1372 1231 1416 συνδὲοιτο.
1302 1373 1450 1424 ἐκεῖνος
1472 1374 1498 1416 δ
1505 1371 1517 1388 ’
1541 1370 1618 1427 εἶχε
1635 1371 1710 1428 τὴν

243 1447 318 1486 τοῦ
354 1446 533 1500 Τερτερῆ
567 1444 610 1485 ἐκ
638 1447 712 1498 τῆς
740 1447 814 1486 τοῦ
841 1442 964 1485 Ἀσᾶν
997 1441 1179 1500 ἀδελφῆς
1199 1441 1435 1499 θυγατέρα,
1473 1440 1614 1496 λαβὼν
1631 1438 1707 1484 ὕπ’

331 1539 368 1575 9.
393 1540 572 1581 σπονδαῖς
595 1539 634 1577 Ρ.
775 1540 829 1575 12.
853 1538 1069 1576 διαλύσεινί)
1207 1539 1262 1575 15.
1285 1539 1346 1584 γε]
1371 1537 1441 1584 γὰρ
1463 1538 1505 1574 Ρ.

238 1618 473 1663 peragebant3
504 1618 627 1664 quibus
648 1618 727 1652 ideo
749 1618 921 1653 Romanus
943 1618 1115 1653 exercitus
1138 1617 1214 1652 unis
1236 1618 1398 1653 collectus
1421 1616 1546 1652 castris
1567 1620 1604 1652 et
1625 1627 1709 1663 qua-

238 1664 339 1698 drata
363 1675 495 1709 semper
517 1665 705 1710 procedens
738 1664 813 1699 acie
845 1665 935 1699 haud
957 1665 1096 1699 valebat
1128 1675 1322 1707 occurrere,
1343 1663 1579 1709 grassantibus
1600 1663 1711 1698 mani—

239 1709 380 1755 pulatim
403 1714 464 1745 aut
485 1711 656 1745 turmatim
686 1721 750 1756 per
783 1710 858 1745 loca
887 1710 965 1745 inde
994 1710 1177 1756 longinqua
1209 1713 1245 1744 et
1267 1712 1341 1744 fere
1363 1709 1453 1744 avia.
1499 1714 1711 1756 quapropter

238 1756 506 1791 Thessalonicae
530 1757 660 1791 Glabas
683 1756 834 1791 residens
856 1756 938 1790 nihil
958 1756 1016 1790 ille
1038 1756 1172 1801 quidem
1191 1756 1371 1790 omittebat
1390 1756 1482 1801 quod
1502 1759 1620 1801 posset
1639 1755 1711 1790 uti-

240 1802 322 1836 liter
345 1803 471 1837 cousuli
493 1803 538 1837 ad
560 1803 738 1837 tuitionem
761 1802 988 1837 Romanorum
1010 1802 1145 1845 finium,
1180 1802 1241 1836 sed
1264 1801 1359 1837 abire
1381 1801 1494 1836 omnia
1517 1801 1553 1836 in
1575 1801 1711 1836 irritum

239 1848 359 1882 videns
382 1849 589 1895 desperabat
610 1860 711 1895 posse
732 1848 871 1894 reprimi
899 1848 943 1883 im
971 1851 1046 1883 etus
1078 1848 1266 1892 latronum,
1296 1847 1356 1894 qui
1379 1859 1422 1882 ex
1444 1851 1519 1882 tuto
1541 1847 1712 1882 irruentes

240 1894 276 1928 in
301 1894 492 1940 contiguam
515 1896 675 1941 praedam
704 1895 738 1929 in
771 1905 852 1929 suas
883 1907 921 1930 se
957 1896 1095 1929 atebras
1119 1894 1232 1929 onusti
1254 1893 1482 1940 recipiebant,
1514 1893 1712 1940 priusquam

238 1940 396 1975 indicium
419 1941 616 1987 irruptionis
637 1941 788 1987 ipsorum
821 1946 881 1975 aut
903 1942 1050 1976 facultas
1072 1940 1141 1975 ulla
1164 1939 1405 1986 praevertendi
1427 1951 1541 1974 eorum
1564 1939 1713 1984 impetus

240 1986 324 2020 satis
347 1992 480 2023 mature
501 1989 697 2022 haberetur.
745 1987 884 2033 scripsit
919 1999 1002 2032 ergo
1034 1987 1078 2021 ad
1111 1987 1350 2032 imperatorem
1374 1998 1438 2020 non
1459 1985 1550 2020 aliud
1571 1984 1637 2020 sibi
1650 1984 1714 2034 1νί-

241 2032 317 2066 deri
345 2033 422 2068 huic
454 2033 608 2069 adhiberi
641 2044 743 2080 posse
773 2034 860 2068 malo
888 2033 1072 2068 remedium
1105 2044 1206 2079 quam
1238 2031 1468 2067 conventionis
1501 2043 1542 2066 ac
1564 2030 1713 2066 foederis

243 2089 317 2111 cum
341 2080 443 2116 crale.
489 2081 577 2122 idem
608 2083 789 2126 praeterea
811 2091 953 2125 poscere
984 2084 1112 2114 statum
1135 2083 1348 2124 praesentem
1369 2077 1555 2113 Orientalis
1582 2076 1712 2120 limitis,

243 2123 426 2158 Persarum
455 2126 704 2162 incursionibus
732 2126 862 2161 vastati
891 2137 933 2160 ac
956 2125 1087 2170 magnis
1114 2125 1249 2160 auxiliis
1279 2125 1430 2170 egentis,
1461 2135 1551 2169 quae
1582 2124 1712 2168 absque

242 2169 376 2204 sancita
400 2183 475 2206 cum
498 2173 616 2207 Serbis
639 2183 723 2219 pace
746 2171 879 2206 omnino
913 2172 1027 2217 colligi
1057 2172 1278 2217 expeditique
1310 2183 1350 2205 eo
1371 2174 1552 2216 nequeant.
1599 2167 1713 2202 consi-

243 2214 324 2248 lium
347 2216 449 2252 facile
472 2219 659 2263 probarunt
680 2218 867 2263 imperator
891 2223 926 2253 et
947 2219 973 2253 ii
996 2229 1081 2264 quos
1103 2218 1140 2252 in
1175 2216 1473 2252 deliberationibus
1507 2213 1712 2254 adhibebat;

243 2272 426 2308 omnesque
450 2269 693 2299 consenserunt
720 2276 786 2298 non
821 2265 943 2299 bonum
978 2264 1084 2299 solum
1106 2263 1167 2298 sed
1190 2267 1226 2297 et
1247 2262 1410 2308 optimum
1431 2262 1525 2295 sactu
1547 2260 1645 2301 fore,
1681 2258 1712 2314 si

245 2306 350 2340 certis
375 2309 620 2346 conditionibus
652 2310 800 2346 stabiliri
833 2311 1014 2346 concordia
1046 2310 1138 2344 inter
1161 2312 1350 2354 Augustum
1373 2310 1409 2341 et
1431 2305 1554 2340 etalem
1576 2305 1712 2340 redimi—

246 2363 314 2398 que
347 2355 512 2390 securitas
545 2369 586 2391 ac
618 2357 715 2403 quies
749 2358 947 2402 populorum
979 2362 1108 2402 posset.
1157 2361 1194 2389 at
1226 2365 1326 2400 quam
1355 2358 1496 2399 paratus
1525 2351 1712 2397 imperator

246 2402 324 2432 erat
346 2400 388 2434 ad
414 2401 528 2436 statim
551 2403 763 2437 tractandam
785 2403 874 2436 bona
904 2403 974 2437 fide
1005 2407 1074 2437 tam
1097 2400 1319 2436 necessariam
1341 2397 1579 2444 tranquillitati
1600 2397 1712 2443 publi-

247 2455 308 2478 cae
331 2457 405 2480 cum
429 2448 525 2481 hoste
546 2448 658 2483 vicino
682 2452 718 2483 et
742 2449 874 2494 potenti
898 2459 1034 2494 pacem,
1071 2452 1140 2482 tam
1171 2447 1316 2491 cogebat
1341 2455 1415 2478 eum
1437 2447 1588 2478 metuere
1610 2454 1654 2477 ne
1674 2442 1711 2478 id

246 2490 376 2526 frustra
398 2496 549 2527 tentaret
576 2499 659 2528 nota
690 2494 895 2529 instabilitas
917 2494 1040 2536 Serbi,
1071 2492 1167 2538 proni
1199 2492 1242 2526 ad
1276 2491 1480 2525 mutationes
1510 2488 1653 2523 hominis
1675 2493 1713 2524 et

245 2535 453 2573 desultoriae
484 2539 519 2573 in
549 2540 719 2575 contraria
744 2539 908 2574 levitatis.
952 2538 1136 2574 artioribus
1166 2537 1269 2582 igitur
1298 2548 1373 2571 eum
1402 2535 1468 2570 sibi
1498 2535 1714 2579 adstringen-

246 2581 326 2616 dum
348 2584 393 2618 ad
415 2584 515 2619 fidem
548 2586 717 2620 amicitiae
740 2585 926 2620 constantis
948 2596 1048 2631 quam
1081 2583 1269 2628 vulgarium
1292 2581 1547 2617 conventionum
1567 2580 1713 2616 vinculis

245 2633 355 2672 ratus,
377 2634 460 2665 tunc
482 2635 614 2665 tantum
637 2631 702 2667 sibi
728 2637 856 2666 certum
878 2632 954 2665 fore
975 2630 1103 2666 socium
1125 2629 1247 2663 cralem
1271 2628 1496 2671 existimavit,
1519 2627 1550 2662 si
1573 2627 1654 2662 data
1679 2626 1713 2661 ei

246 2687 266 2709 e
291 2676 582 2721 consanguinitate
615 2689 677 2711 sua
699 2677 843 2721 coniuge
865 2677 996 2711 civilem
1019 2678 1194 2722 pactorum
1228 2674 1466 2719 obligationem
1497 2673 1586 2708 uodo
1617 2672 1714 2707 velut

246 2722 392 2768 quodam
413 2722 547 2757 fortiori
570 2723 749 2767 religiosae
771 2721 1028 2758 necessitudinis
1050 2733 1111 2767 per
1132 2720 1316 2766 nuptialem
1343 2719 1543 2754 affinitatem
1566 2718 1715 2754 adstrin-

246 2769 362 2804 xisset.
411 2768 522 2804 orales
552 2772 664 2803 autem
699 2769 765 2803 etsi
788 2769 964 2814 coniugem
988 2767 1055 2803 iam
1076 2767 1211 2802 tertiam
1241 2766 1277 2800 iu
1307 2766 1526 2800 contubernio
1551 2765 1712 2805 habebat,

247 2814 429 2861 expeditus
453 2818 568 2850 tamen
598 2814 642 2850 ad
673 2826 777 2850 novas
801 2815 936 2860 nuptias
958 2813 1065 2849 videri
1087 2816 1244 2858 poterat,
1267 2811 1423 2858 quoniam
1447 2812 1511 2847 hoc
1534 2811 1607 2846 eius
1630 2821 1712 2845 cou-
