1858 3126
238 162 334 208 392
656 157 894 202 GEORGII
925 157 1276 201 PACHYMERIS

235 269 543 330 χαλεπώτατον.
613 269 727 326 ὅμως
749 269 892 324 πέμπει
912 270 987 326 μὲν
1008 269 1154 313 αὐτίκα
1174 271 1241 313 καὶ
1258 267 1449 326 ῗατροῦς,
1486 269 1630 326 πέμπει
1653 271 1698 314 δὲ

193 353 223 387 C
246 345 313 386 καὶ
341 345 424 384 τῶν
453 340 609 382 οἰκείων
638 339 690 382 τὰ
722 338 934 394 κράτιστα.
1013 339 1060 382 τὸ
1087 339 1210 382 πλέον
1238 340 1283 381 δὲ
1311 338 1336 393 ’ἢ
1362 343 1540 392 μᾶλλον,
1577 341 1700 382 εἰπεῖν

237 408 443 465 τάληθές,
494 408 540 451 τὸ
575 407 693 460 ὅλον,
741 406 909 464 ἐθάρρει
943 412 1002 466 τῷ
1030 407 1073 450 ἐκ
1101 411 1205 450 θεοῦ
1234 408 1301 450 καὶ
1331 411 1406 462 τῆς
1435 405 1696 463 πανυμνήτου

238 479 358 530 ἐλέει,
397 475 482 527 οἷος
510 476 637 526 αὐτὸς
667 477 730 519 ἐπὶ
761 483 847 527 τοῖς
873 474 1073 526 τοιούτοις
1097 474 1231 534 ἐῴκει,
1279 474 1383 518 ὥστε
1401 477 1467 518 καὶ
1485 473 1698 532 ἀραρότως

238 547 307 590 ἐπ’
343 545 448 603 αὐτῇ
473 545 711 589 πεποιθέναι
746 548 812 587 καὶ
849 545 900 587 τὰ
940 542 1228 600 εὖχαριστήρια
1261 541 1415 600 ταύτης
1448 544 1730 600 ἐπαγγέλλεινὸ

238 613 477 670 ψάλλεσθαι
488 647 501 668 ,
538 613 613 656 κᾶν
645 613 749 669 αὐτὴ
771 615 971 672 ἔφιστῷτο
992 612 1017 668 ἢ
1040 611 1332 667 ἀναστάσιμος.
1402 610 1495 655 τότε
1513 617 1610 669 γοῦν
1632 615 1700 655 καὶ

239 685 304 726 ἐπὶ
328 683 450 726 πλέον
470 684 682 726 ἐποτνιᾶτο
697 716 709 736 ,
749 685 815 725 καὶ
844 687 901 742 τῷ
927 683 970 725 ἐκ
998 686 1071 736 τῆς
1091 685 1343 739 φωταγωγοῦ
1361 682 1504 740 ἐλαίῳ,
1532 681 1700 735 πέμπων

241 755 308 795 καὶ
333 751 516 806 μοναχὸν
543 752 587 793 ἐκ
616 756 689 806 τῆς
718 756 869 806 μονῆς,
919 753 1144 808 φιλοτίμως
1181 752 1368 807 ἐδωρεῖτο
1403 750 1475 793 τὸν
1508 751 1700 803 κείμενον.

191 828 223 862 D
247 817 297 877 ἦν
317 822 360 864 δὲ
381 820 462 876 ἄρα
493 819 514 863 ὅ
535 820 715 876 μοναχός
734 819 897 872 ἀποβὰς
919 825 991 874 τῆς
1007 819 1096 869 νεὸς
1117 817 1322 874 ἆνάνηψις
1342 823 1401 877 τῷ
1421 819 1601 877 κειμένῳ,
1633 820 1701 861 καὶ

240 891 330 945 περὶ
361 889 489 931 αὐτοῦ
517 886 642 943 μήπω
671 889 869 946 φανέντος
897 886 917 931 ὃ
947 888 1027 943 ’ἤδη
1043 888 1183 945 νεκρὸς
1207 886 1459 931 ἐπυνθάνετο
1478 889 1520 938 ἐξ
1537 886 1699 944 ὀνείρων
1713 897 1756 931 10

242 958 390 1001 αὐτίκα
409 962 599 1013 χρηστῶν
613 990 626 1010 ,
662 957 766 1000 καθ’
792 956 863 1007 οὓς
884 955 1083 1011 εὐσταλής
1111 974 1171 1007 τις
1187 956 1287 1013 γυνὴ
1305 951 1404 1011 ἧλον
1427 960 1502 999 τοῦ
1525 961 1701 999 πονοῦν-

241 1044 313 1077 τος
335 1027 485 1083 με’ρους
511 1026 701 1068 ἀποσπᾶν
723 1023 855 1084 ἐῴκει,
895 1026 1075 1068 “idne”
1107 1026 1256 1082 λέγων,
1296 1027 1331 1068 εἷ
1346 1024 1525 1080 μοναχός
1544 1024 1611 1067 ἔπ’
1634 1026 1702 1068 αι’-

240 1099 383 1151 γιαλοῦ
418 1094 581 1150 ἀποβὰς
608 1096 775 1137 ἵσταται
803 1095 939 1151 φέρων
958 1096 1025 1137 καὶ
1056 1096 1171 1150 δῶρα
1189 1099 1265 1149 τῆς
1292 1091 1592 1150 θεομήτορος.”
1661 1094 1702 1136 οἳ

241 1165 283 1206 δ’
309 1161 542 1214 ἐπιστάντες
571 1163 724 1213 εὐθέως
745 1163 792 1206 τὸ
816 1161 1063 1218 ἆκουόμενον
1082 1161 1332 1220 καθεώρων,
1369 1163 1436 1204 καὶ
1457 1159 1482 1215 ἦ
1508 1162 1701 1217 ἐπιδημία

240 1237 315 1275 τοῦ
342 1237 525 1287 μοναχοῦ
561 1232 636 1275 σὺν
667 1230 767 1290 ἁγίῳ
798 1233 919 1292 ἐλαίῳ
949 1229 1218 1287 ἐπανάκλησις
1249 1226 1300 1286 ἦν
1329 1235 1387 1289 τῷ
1411 1234 1622 1283 νοσοῦντι,
1659 1230 1699 1273 ἐν
1713 1237 1757 1273 15

243 1300 306 1344 ὅτι
328 1302 503 1361 πλείστῳ
525 1305 583 1358 τῷ
607 1305 795 1359 θειασμῷ
811 1302 1000 1356 γενομένη
1019 1300 1123 1354 μετὰ
1143 1298 1377 1353 θαύματος.

102 1383 130 1417 P
154 1383 221 1418 273
388 1370 462 1415 11.
530 1369 688 1425 Ὀλίγον
708 1370 752 1412 δὲ
773 1371 866 1426 πρὶν
883 1368 908 1425 ἢ
931 1374 1063 1412 ταῦτα
1081 1368 1286 1425 γενέσθαι,
1323 1368 1604 1416 Ποσειδεῶνος
1621 1384 1704 1422 μη-

242 1438 313 1488 νὸς
333 1436 470 1495 ὀγδόῃ,
507 1438 672 1492 σεισμὸς
692 1436 917 1492 ἐνσκήπτει,
954 1437 1060 1480 κατὰ
1077 1438 1150 1491 μὲν
1170 1439 1221 1480 τὰ
1239 1439 1426 1480 ἐνταῦθα
1442 1436 1546 1492 μέρη
1571 1434 1705 1491 ἄγνω-

243 1524 342 1557 στος
370 1513 457 1555 τοΐς
489 1511 676 1559 πολλοῖς,
712 1505 816 1549 ὥστε
844 1507 950 1562 μηδὲ
968 1512 1147 1561 σημῆναι
1167 1506 1239 1548 τὸν
1259 1503 1427 1558 κλόνον,
1462 1503 1567 1547 κατὰ
1589 1503 1703 1546 δὲτὸ

244 1575 314 1618 διὰ
339 1573 482 1617 Ῥόδου
515 1577 638 1630 κλίμα
667 1577 734 1617 καὶ
766 1573 906 1633 πρόσω
935 1575 1124 1632 λαμπρὸς
1150 1576 1217 1617 καὶ
1245 1578 1329 1617 τῶν
1359 1571 1520 1616 πώποτε
1539 1577 1760 1628 μνημο-ΞΟ

244 1709 307 1742 bat
329 1707 580 1742 moestissimum
605 1707 647 1742 de
671 1707 742 1742 eius
766 1708 860 1743 obitu
883 1707 1045 1743 nuntium.
1092 1719 1133 1742 ac
1155 1706 1303 1741 medicos
1335 1705 1469 1751 quidem
1502 1704 1616 1739 statim
1640 1704 1706 1738 mi-

244 1754 309 1796 sit,
345 1765 487 1798 cumque
508 1753 561 1788 his
586 1755 785 1799 praecipuos
808 1766 943 1800 quoque
966 1754 1221 1788 domesticorum
1235 1779 1245 1795 ,
1277 1753 1449 1786 maximam
1471 1751 1547 1795 ipse
1568 1750 1705 1784 interim

245 1800 390 1834 fiduciae
413 1805 556 1843 partem,
580 1806 639 1834 aut
665 1804 783 1842 totam,
807 1804 847 1834 ut
868 1801 987 1844 loquar
1007 1799 1134 1841 verius,
1155 1799 1314 1832 fiduciam
1342 1798 1376 1832 in
1399 1797 1455 1831 dei
1477 1808 1519 1830 ac
1539 1796 1707 1830 laudatis-

246 1846 353 1879 simae
374 1846 534 1890 deiparae
556 1846 772 1880 miseratione
795 1847 961 1880 collocans
994 1846 1058 1889 (ita
1079 1846 1136 1879 ille
1158 1847 1291 1888 sactus,
1315 1844 1366 1877 sic
1389 1847 1465 1877 erat
1484 1843 1519 1876 in
1543 1842 1707 1876 similibus

246 1891 364 1925 solitus
388 1893 529 1937 agere),
559 1893 644 1926 adeo
667 1893 799 1937 quidem
821 1898 859 1926 ut
882 1903 943 1937 spe
966 1895 1060 1926 certa
1082 1891 1294 1936 praecipiens
1316 1890 1386 1923 voti
1407 1899 1618 1930 successum,
1638 1887 1707 1922 iam

246 1949 336 1971 nunc
358 1949 490 1971 sacrum
521 1939 555 1971 in
590 1938 773 1982 gratiarum
808 1938 973 1972 actionem
1005 1949 1066 1983 pro
1098 1937 1262 1970 beneficio
1293 1947 1314 1969 a
1345 1935 1403 1969 dei
1424 1940 1531 1968 matre
1553 1937 1707 1978 accepto,

247 1983 314 2017 etsi
336 1982 405 2016 diei
427 1983 534 2026 ritus,
568 1985 676 2029 (quae
698 1984 863 2018 dominica
886 1990 962 2018 erat
983 1983 1242 2016 resurrectionis
1264 1982 1442 2015 memoriae
1463 1980 1593 2023 dicata)
1616 1980 1707 2014 aliud

249 2034 428 2073 posceret,
470 2030 635 2064 celebrari
663 2030 816 2064 voluerit.
871 2029 929 2063 diu
957 2029 1061 2074 igitur
1101 2034 1137 2063 et
1166 2028 1341 2073 plurimum
1373 2027 1483 2061 divam
1511 2031 1707 2067 veneratus,

245 2074 355 2108 oleum
379 2087 398 2108 e
421 2075 576 2120 lampade
598 2087 687 2121 quae
709 2087 807 2110 sacro
830 2076 1014 2116 alluxerat,
1037 2086 1099 2119 per
1120 2075 1224 2108 fidum
1247 2086 1267 2107 e
1290 2074 1492 2107 monasterio
1511 2072 1707 2106 monachum

247 2119 361 2160 misit3
392 2132 498 2165 reque
528 2133 605 2155 mox
636 2122 714 2166 ipsa
742 2122 901 2167 apparuit
927 2121 1138 2166 magnificum
1170 2121 1302 2154 omnino
1324 2119 1567 2163 mirificumque
1589 2127 1708 2152 munus

247 2166 423 2208 languenti
443 2167 615 2200 donatum.
661 2168 755 2202 simul
780 2168 868 2201 enim
890 2168 971 2201 illud
994 2172 1134 2212 portans
1159 2167 1338 2200 monachus
1361 2164 1554 2198 conscendit
1575 2173 1708 2203 navem,

248 2222 353 2254 aegro
377 2211 452 2244 fieri
474 2213 592 2246 melius
615 2213 770 2258 contigit.
816 2214 1007 2259 priusquam
1035 2217 1147 2247 autem
1177 2212 1235 2246 ille
1265 2211 1426 2256 appulsus
1449 2209 1541 2243 se'in
1565 2218 1707 2252 conspe—

251 2263 343 2289 ctum
365 2256 485 2298 daret,
519 2258 681 2302 languens
714 2259 882 2293 hominum
914 2259 1072 2304 opinione
1102 2263 1232 2292 tantum
1264 2269 1328 2291 non
1362 2259 1513 2290 mortuus
1536 2253 1626 2287 felici
1650 2264 1707 2286 re-

250 2306 386 2335 creatus
409 2303 536 2337 somnio
561 2310 631 2347 est,
664 2316 726 2349 per
757 2306 848 2350 quod
879 2305 945 2349 ipsi
976 2305 1158 2338 videbatur
1183 2302 1359 2348 splendide
1390 2307 1510 2335 ornata
1542 2298 1707 2344 quaedam

250 2347 371 2381 mulier
393 2359 435 2381 ex
458 2356 557 2393 parte
580 2351 731 2394 corporis
763 2351 940 2384 laborante
970 2351 1100 2384 clavum
1131 2350 1287 2383 evellere.
1334 2352 1412 2391 post
1433 2345 1523 2390 quod
1546 2356 1708 2390 experre-

252 2399 326 2426 ctus
350 2393 497 2427 Micliael
520 2395 667 2428 “videte
677 2395 698 2411 ”
731 2395 839 2440 inquit
861 2396 996 2430 intuens
1018 2397 1191 2430 adstantes
1216 2393 1364 2439 “ecquid
1396 2391 1578 2425 monachus
1609 2391 1707 2424 modo

244 2438 424 2483 ‘expositus
446 2439 479 2472 in
501 2439 598 2473 littus
620 2441 674 2474 hic
697 2441 788 2474 adsit
809 2443 922 2475 ferens
945 2442 1033 2475 dona
1055 2442 1109 2474 dei
1131 2439 1283 2474 matris.''
1325 2437 1375 2471 illi
1395 2437 1473 2470 dum
1495 2447 1616 2481 parere
1636 2436 1709 2469 ius-

250 2485 299 2518 sis
318 2489 501 2528 satagunt,
530 2486 705 2519 confestim
729 2487 818 2530 quod
842 2487 1021 2520 audierant
1051 2487 1223 2520 viderunt:
1258 2482 1484 2528 comparentis
1517 2482 1643 2527 quippe
1673 2482 1708 2515 in

251 2535 377 2576 puncto
400 2531 562 2573 monachi,
585 2543 658 2564 cum
681 2538 798 2565 sancto
821 2531 916 2572 oleo,
941 2533 1104 2566 adventus
1131 2531 1230 2576 plena
1251 2530 1365 2563 statim
1387 2528 1577 2570 aegrotanti
1600 2538 1709 2562 emer-

252 2577 301 2610 sio
325 2587 367 2610 ex
390 2576 506 2610 morbo
529 2576 615 2617 fuit,
648 2576 712 2610 deo
735 2588 805 2610 rem
829 2577 919 2610 haud
941 2577 1043 2610 dubie
1065 2576 1333 2610 adscribentibus
1354 2573 1485 2608 cunctis
1508 2574 1568 2619 qui
1590 2584 1710 2608 cerne-

251 2622 347 2662 bant,
370 2626 406 2655 et
428 2633 489 2666 pro
512 2622 605 2656 facto
627 2622 772 2656 humana
793 2621 830 2654 vi
853 2622 970 2656 maiori
992 2622 1200 2656 mirantibus.

346 2668 402 2702 11.
447 2667 551 2701 Paulo
587 2673 699 2702 autem
728 2667 821 2712 prius
852 2679 951 2713 quam
982 2668 1068 2702 haec
1100 2667 1241 2709 fierent,
1285 2666 1426 2710 Augusti
1459 2665 1620 2699 videlicet
1653 2664 1709 2698 die

252 2716 393 2754 octava,
425 2716 541 2747 terrae
562 2719 672 2747 motus
694 2713 829 2755 extitit,
866 2714 899 2747 in
923 2713 974 2746 his
997 2713 1130 2758 quidem
1153 2714 1307 2758 partibus
1330 2724 1391 2746 sua
1414 2712 1564 2746 exilitate
1586 2711 1708 2756 pleris-

253 2770 322 2802 que
354 2770 419 2792 non
455 2758 729 2800 animadversus,
765 2771 805 2793 eo
835 2759 923 2804 quod
954 2759 1044 2793 nullo
1075 2759 1250 2792 admodum
1283 2759 1397 2792 indice
1426 2758 1478 2792 sui
1510 2758 1710 2801 proderetur

251 2804 416 2850 strepitu:
450 2804 540 2841 circa
563 2817 645 2842 vero
669 2806 767 2843 clima
794 2805 958 2842 Rhodium
982 2810 1018 2843 et
1041 2805 1130 2841 ultra
1153 2816 1215 2852 per
1237 2816 1319 2842 sane
1341 2805 1454 2840 clarus
1483 2803 1569 2845 fuit,
1602 2803 1709 2837 idem-
