1820 3112
345 150 420 194 DE
453 143 782 191 ANDRONICO
815 139 1190 185 PALAEOLOGO
1225 140 1277 182 L.
1307 136 1383 182 ΠΙ.
1489 136 1587 183 269

123 267 199 308 τοῦ
219 261 325 307 καθ’
347 260 457 319 ἡμᾶς
476 259 680 317 ὁρίζοντος
697 255 777 300 timi
799 259 934 313 νεφῶν
951 252 1220 306 πιεσθέντων,
1242 250 1347 296 ὥστε
1369 250 1436 294 καὶ
1452 267 1588 307 χαρα-

126 336 340 390 δρωθῆναι
360 332 434 386 μὲν
446 329 518 373 τὸν
537 327 642 372 κατὰ
661 326 737 381 τὴν
754 326 927 382 περαίαν
945 322 1110 366 ἅπαντα
1126 319 1255 366 τόπον
1274 319 1438 364 ἄνωθέν
1455 323 1588 363 ποθεν

125 406 208 445 τῶν
238 397 404 443 ὖδοῖτων
433 394 605 455 ἀθρόων
636 392 963 451 κατερχομὲνων,
1016 391 1167 447 δένδρα
1204 390 1251 433 δὲ
1277 387 1588 447 καταφέρεσθαι

123 466 327 525 χερσόθεν
354 468 419 510 ἐπὶ
450 466 525 522 τὴν
553 461 798 515 θάλασσαν,
836 460 909 518 ἔφ’
929 453 987 503 ὧν
1005 460 1072 502 καὶ
1091 458 1205 515 ὄφεις
1228 458 1305 508 τὰς
1321 454 1588 506 κατακλύσεις

93 545 116 579 5
128 535 343 595 φεύγοντες
363 537 430 578 καὶ
452 534 633 591 δένδρεσι
655 527 954 585 συνειλούμενοι
969 528 1261 570 ἕκσπασθεΐσιν
1286 527 1330 569 ἐκ
1350 526 1470 584 ῥιζῶν
1486 542 1588 569 συν-

125 605 317 663 εφέροντο
329 636 343 658 ,
381 603 422 647 οἱ
448 603 523 658 μὲν
539 603 607 645 καὶ
626 603 795 653 ζῶντες,
833 598 872 641 οἱ
891 597 936 640 δὲ
956 597 1023 639 καὶ
1042 595 1100 639 ἔτι
1125 595 1480 652 συνεσπειραμένοι
1500 601 1588 644 τοῖς
1609 601 1638 636 Β

123 678 208 717 τῶν
237 672 415 728 δένδρων
441 672 588 714 κλωσὶν
617 665 974 723 ἓναποψύξαντες,
1014 666 1143 714 οἰκίας
1169 663 1212 707 δ’
1256 661 1488 720 ἀγρώτιδας
1521 664 1588 706 καὶ

124 743 275 797 αῗζηῶν
299 740 461 796 ἀνδρῶν
481 739 603 795 ἔργα,
635 737 713 788 τὰς
736 737 810 791 μὲν
842 736 886 787 ἐξ
906 734 1044 778 αὐτῶν
1071 730 1335 776 ἀνεσπάσθαι
1355 736 1437 776 τῶν
1458 736 1586 786 θεμε-

124 811 221 854 λίων
238 810 305 852 καὶ
324 807 509 867 φορητᾶς
527 803 739 863 μακρόθεν
759 803 860 848 εἶναι
879 810 966 853 τοῖς
985 801 1109 845 ῧδασι
1119 835 1133 855 ,
1167 801 1227 858 μὴ
1256 806 1331 857 τῆς
1356 805 1492 859 φορᾶς
1510 805 1587 856 λη-

68 890 114 925 10
124 876 275 935 γούσης
293 879 388 931 πρὶν
404 876 455 920 ἂν
479 876 746 932 ἄπεσκῆφθαι
767 877 827 932 τῷ
844 874 960 928 τείχει
978 875 1054 926 τῆς
1074 868 1252 923 πόλεως,
1289 870 1342 913 τὰ
1365 872 1390 913 δ
1396 869 1409 886 '
1433 869 1586 926 ἀφανί-

123 950 266 1000 ζεσθαι
284 952 375 996 ταῖς
387 942 665 1002 προσχώσεσιν
678 957 689 968 ·
718 943 924 996 ἀμπέλους
944 940 990 983 δὲ
1006 940 1070 982 ἐπὶ
1086 946 1254 997 γυμνοῖς
1270 946 1356 990 τοῖς
1375 939 1582 994 πυθμέσιν
1605 942 1637 976 C

121 1014 392 1071 ὖποσυρείσης
408 1018 483 1069 τῆς
500 1017 574 1070 γῆς
594 1011 796 1068 α’μενηνᾶς
822 1011 1050 1062 ἵστασθαι,
1089 1007 1201 1065 παρὰ
1224 1012 1423 1051 τοσοῦτον
1442 1007 1490 1051 οὗ
1507 1026 1584 1051 κα-

122 1080 398 1132 θυπεικούσας
417 1089 502 1132 τοῖς
520 1079 639 1139 ῥύαξι
657 1079 762 1136 παρ’
782 1077 881 1131 ὅσον
898 1073 1194 1131 ταπεινούμενα
1215 1081 1266 1134 τῇ
1287 1081 1400 1137 φορᾷ
1420 1076 1474 1120 τὰ
1503 1093 1586 1134 φυ-

122 1151 176 1196 τά
199 1153 266 1194 καὶ
283 1151 517 1195 ἀντίστασιν
535 1148 673 1206 ἥκιστ’
702 1149 847 1203 ἔχοντα
875 1146 1020 1205 τριβὴν
1038 1146 1114 1189 οὐκ
1132 1147 1294 1188 ἐδίδουν
1316 1150 1375 1205 τῷ
1394 1143 1579 1202 ῥεύματι,

66 1231 112 1267 15
123 1219 227 1264 ὥστε
253 1221 447 1276 χρονίζειν
471 1221 538 1261 καὶ
571 1218 785 1270 ἀνασπᾶν,
834 1215 931 1259 ἀλλ’
965 1215 1092 1264 εὗθύς
1119 1214 1314 1272 ἕπιρρὲειν
1343 1216 1409 1257 ἐπὶ
1435 1214 1484 1257 τὸ
1507 1212 1583 1257 κοί-

121 1305 265 1338 ταντες
280 1289 419 1346 σφίσιν
437 1285 788 1340 ὕποκλινομένοις·
822 1289 896 1341 γῆν
920 1285 966 1327 δὲ
983 1288 1120 1327 πᾶσαν
1141 1287 1216 1339 τῆς
1247 1283 1582 1336 Κωνσταντίνου,

120 1357 198 1412 τὴν
220 1357 296 1412 μὲν
326 1356 369 1407 ἒξ
397 1350 454 1399 ὧν
481 1353 710 1413 οὐρανόθεν
740 1354 814 1409 τὴν
842 1356 868 1396 δ
876 1353 889 1369 '
924 1353 968 1404 ἐξ
995 1346 1052 1395 ὧν
1074 1353 1140 1394 καὶ
1168 1352 1395 1407 ἀλλοτρίων
1413 1349 1579 1395 ὖδάτων
1601 1357 1633 1392 D

121 1422 321 1482 ἐπιφορὰς
350 1425 535 1479 ἐδέχετο,
582 1419 843 1477 ἔπικλύσιμον
872 1422 1073 1478 γίνεσθαι.
1144 1420 1191 1464 τό
1221 1420 1269 1463 δ’
1299 1422 1362 1463 ἐπὶ
1384 1425 1583 1464 τοσοῦτον

121 1493 317 1552 ῥαγδαῖον
336 1494 403 1536 καὶ
421 1492 582 1548 συνεχὲς
599 1491 856 1549 κατεφέρετο,
889 1488 944 1541 ὥς
961 1489 1068 1546 μηδὲ
1084 1491 1151 1532 καὶ
1171 1489 1301 1544 αὐτὴν
1318 1489 1393 1545 τὴν
1416 1486 1583 1533 θάλασ-

118 1601 322 1644 universum‚
345 1614 445 1649 qnam
465 1601 627 1636 latissime
649 1604 767 1647 patet,
790 1600 998 1636 horizontem
1020 1599 1243 1634 minacissima
1265 1599 1415 1645 undique
1436 1598 1584 1644 ealigine

120 1648 345 1683 obduxerant.
395 1648 588 1683 videbamus
612 1652 719 1682 totam
749 1647 926 1682 adversam
949 1646 1162 1690 Byzantinae
1193 1645 1323 1680 civitati
1356 1645 1583 1680 continentem

117 1693 579 1774 zzffltffiffiffiff
591 1693 760 1774 ,ἒῗῑὲἷιὲξ
776 1691 1464 1783 ἕλίζῖἳὲξὲἓὲῗῖῖὴὲῗέᾛῖωεζῖ
1465 1691 1583 1781 2123?

119 1784 197 1820 citis
219 1785 310 1820 circa
331 1797 442 1820 ramos
477 1764 592 1820 carnin
622 1785 810 1830 anguibus,
841 1784 901 1830 qni
933 1783 1156 1829 aperientium
1177 1783 1245 1818 iam
1279 1788 1393 1818 terras
1416 1793 1581 1828 aquarum

118 1830 286 1865 incursum
315 1831 485 1876 fugientes
517 1842 558 1865 eo
590 1832 856 1865 conscenderant
881 1829 1108 1875 nequidquam
1121 1857 1129 1871 ,
1164 1829 1199 1863 in
1229 1829 1296 1863 isto
1329 1839 1463 1874 quoque
1485 1827 1581 1871 asylo

119 1875 338 1954 deprehensi,
364 1877 557 1930 partimque
579 1876 740 1911 suffocati
762 1876 882 1911 sensim
906 1875 1032 1909 diluvio
1055 1879 1241 1909 crescente.
1287 1874 1406 1908 horum
1438 1873 1583 1907 circum-

119 1925 237 1955 venta
264 1926 395 1956 truncis
428 1934 470 1956 ac
499 1922 684 1957 ramalibus
714 1923 815 1967 longa
846 1932 994 1967 corpora
1024 1926 1156 1955 mortua
1188 1920 1304 1954 efferri
1337 1920 1583 1961 cernebantur3

119 1966 337 2011 quorumdam
366 1972 480 2001 tamen
511 1968 662 2003 extantia
693 1968 790 2001 undis
819 1967 909 2001 inter
937 1967 1089 2001 frondes.
1108 1966 1224 2011 capita
1246 1965 1433 2010 spirabant.
1478 1976 1580 2000 casae

117 2010 184 2045 iam
215 2012 365 2046 rusticae
392 2023 640 2058 messorumque
677 2013 813 2047 labores
844 2013 881 2046 in
904 2012 993 2046 areis
1034 2017 1075 2045 ut
1103 2022 1166 2056 pro
1196 2011 1276 2044 anni
1305 2016 1459 2056 tempore
1496 2015 1579 2045 tunc

118 2060 218 2091 erant
248 2057 398 2091 struibus
429 2058 669 2102 manipulorum
691 2058 833 2092 nondum
856 2069 962 2102 grano
985 2067 1128 2090 excusso
1151 2056 1340 2091 cumulatim
1370 2056 1578 2101 extantibus,

118 2102 221 2136 dorso
236 2103 328 2136 vasti
348 2103 506 2148 aequoris
529 2103 647 2148 procul
668 2103 862 2137 innatantes
884 2103 1110 2148 apparebant3
1135 2101 1212 2135 illac
1232 2103 1457 2137 fundamentis
1478 2103 1579 2138 avul-

117 2159 190 2189 sae,
213 2154 391 2193 compactu
411 2148 603 2182 tabularum
626 2148 769 2182 nondum
793 2148 967 2189 dissoluto,
982 2147 1136 2192 integrae
1158 2148 1365 2190 ferebantur,
1389 2149 1477 2184 baud
1501 2160 1579 2183 ces-

118 2198 217 2228 sante
247 2194 398 2239 impetu,
429 2194 540 2239 quoad
562 2193 657 2228 urbis
688 2194 859 2227 moenibus
883 2193 975 2227 unda
994 2193 1162 2238 impactae
1182 2193 1384 2228 dissilirent:
1417 2196 1451 2229 bi
1480 2206 1576 2238 vero,

116 2239 232 2274 statim
263 2240 373 2274 soluta
403 2239 595 2285 passimque
623 2238 764 2273 disiecta
794 2238 953 2283 congerie
981 2238 1169 2282 spicarum,
1212 2239 1308 2274 varie
1341 2240 1481 2285 digestis
1511 2252 1576 2287 per

116 2295 216 2319 areas
238 2285 372 2319 acervis
393 2286 538 2320 triturae
561 2285 845 2330 opportunitatem
868 2283 1135 2329 expectantium,
1161 2284 1228 2319 iam
1254 2297 1343 2320 nunc
1364 2288 1515 2332 corrupti
1537 2291 1575 2322 et

114 2330 385 2376 irreparabiliter
408 2331 589 2376 disperditi
619 2336 748 2365 temere
778 2329 970 2364 fluitabant.
1018 2334 1211 2375 spectasses
1242 2332 1321 2366 alibi
1351 2333 1459 2367 nudas
1490 2334 1576 2367 reli-

117 2379 193 2410 ctas
214 2376 249 2411 in
271 2387 379 2421 prona
399 2377 594 2411 declivitate
616 2376 806 2410 nativorum
829 2375 962 2410 collium
983 2375 1089 2418 vites,
1110 2387 1251 2422 quarum
1274 2378 1425 2412 altricem
1446 2383 1573 2413 terram

116 2432 226 2467 aquae
246 2423 465 2456 sublabeutes
484 2427 718 2463 corraserant,
749 2421 880 2456 truncis
908 2421 1107 2456 informibus
1138 2426 1174 2456 et
1201 2423 1378 2468 squallidis
1401 2425 1571 2460 radicibus

116 2477 138 2500 e
158 2467 266 2501 sterili
285 2467 352 2502 iam
375 2468 494 2512 glarea
513 2469 674 2514 reptatim
697 2467 869 2513 pendulis3
890 2479 979 2513 quae
1002 2479 1045 2500 ne
1068 2472 1106 2502 ut
1127 2469 1265 2503 arbores
1281 2469 1426 2505 maiores
1440 2470 1574 2515 agmine

114 2511 316 2556 profluentis
337 2525 472 2558 pessum
492 2515 730 2556 truderentur,
754 2513 904 2548 tenuitas
929 2516 1105 2547 contortae
1127 2525 1168 2548 ac
1189 2513 1314 2550 flexilis
1334 2516 1498 2550 materiae
1518 2517 1575 2551 fe-

115 2562 230 2601 cerat,
261 2558 401 2593 eludens
430 2570 540 2605 aquae
570 2559 659 2594 inter
688 2558 860 2593 effluentis
881 2570 1040 2603 rapacem
1062 2559 1142 2601 vim,
1163 2559 1333 2605 capitibus
1354 2562 1503 2596 radicum
1527 2562 1573 2596 ad

116 2606 208 2637 artas
248 2604 372 2638 cotium
404 2605 546 2640 fissuras
582 2605 802 2639 haerentibus
842 2604 1011 2638 mordicus
1050 2605 1273 2651 fruticemque
1310 2607 1572 2642 retentantibus.

117 2646 511 2695 Constantinopolitanae
541 2661 644 2696 porro
676 2650 883 2685 territorium
913 2650 1027 2690 urbis,
1055 2651 1180 2695 partim
1211 2663 1232 2685 e
1257 2652 1351 2686 caelo
1377 2656 1472 2686 recta
1491 2652 1572 2687 illuc

115 2691 220 2736 lapsis
242 2695 360 2740 aquis,
393 2696 517 2741 partim
547 2696 624 2730 aliis
645 2707 688 2730 ex
713 2696 870 2730 confluxu
891 2695 1103 2730 incitatormn
1130 2696 1363 2744 undecumque
1383 2697 1572 2733 vorticoso-

114 2748 188 2771 rum
210 2740 353 2774 amnium
373 2740 603 2776 indesinenter
622 2741 875 2784 inundantibus,
895 2741 1078 2785 stagnabat
1095 2741 1166 2776 late
1184 2743 1390 2786 universum,
1408 2742 1492 2777 nihil
1511 2747 1572 2779 aut

113 2793 233 2828 parum
255 2795 277 2819 a
298 2784 400 2820 vicini
422 2787 519 2832 ponti
539 2788 655 2833 specie
674 2787 846 2822 differens.
891 2797 969 2821 nam
990 2789 1027 2821 et
1044 2786 1151 2834 ipsum
1174 2789 1278 2824 altum
1299 2800 1393 2824 mare
1414 2788 1572 2826 continuo
