1820 3112
356 117 430 160 DE
459 116 788 160 ANDRONICO
815 115 1193 162 PALAEOLOGO
1226 117 1273 160 L.
1299 115 1375 160 111.
1501 117 1597 180 199

144 226 341 288 η’πρᾶκτει
360 233 434 286 τῆς
454 233 530 273 τοῦ
549 225 803 286 πατριάρχου
826 229 892 271 καὶ
923 231 1005 272 τῶν
1022 228 1240 288 ἀρχιερέων
1258 226 1432 285 νικώσης
1451 228 1598 273 ἐνστά-

141 316 269 353 σεως,
303 302 426 342 τοῦτο
445 299 520 353 μὲν
537 300 604 341 καὶ
628 297 738 341 ἄκων
758 295 1042 354 ὑπερετίθετο,
1076 300 1143 341 καὶ
1165 299 1212 342 τὸ
1231 300 1363 342 δοκεῖν
1381 295 1597 356 ὖπερηφᾶ-

142 385 201 412 νει
218 366 331 423 μηδ’
353 366 484 421 αὐτὴν
503 367 653 422 ἐκείνην
668 365 719 422 ἣν
733 363 904 420 ἑτοίμως
924 363 1030 420 εἶχον
1050 364 1209 411 διδόναι
1233 367 1516 423 τομογραφίαν
1540 365 1596 418 ὥς

140 453 182 479 τι
215 440 298 480 τῶν
326 435 370 486 ἐξ
397 432 575 492 ἇνοῖγκης
599 437 788 490 θελητῶν
814 433 1099 490 προσιέμενος·
1143 431 1489 486 συνεξακούεσθαι
1514 435 1592 492 γὰρ

108 505 209 548 ὁκαὶ
226 507 285 563 τῷ
302 504 422 547 παιδί
434 520 477 547 τε
503 505 571 546 καὶ
597 500 774 562 διαδόχῳ
793 501 898 545 κατὰ
919 501 965 546 τὸ
989 502 1094 552 εἰκὸς
1122 502 1197 558 τὴν
1219 501 1275 553 ὥς
1294 501 1440 547 ἑαυτὸν
1459 501 1592 560 ὅρκω-

137 572 289 627 μοσίαν
309 589 352 615 τε
370 573 436 615 καὶ
450 569 530 615 ὕπὸ
545 574 633 630 θεῷ
653 573 720 614 καὶ
736 576 821 620 τοῖς
839 571 988 614 ἐκείνου
1005 568 1146 625 νόμοις
1160 568 1402 628 ἀσφάλειαν.
1467 570 1592 622 αὐτὸς

139 640 183 684 δ’
206 638 262 690 ὥς
279 637 391 699 ἐῴκει
409 639 681 697 παροξυνθεὶς
704 638 773 696 ἐφ’
796 637 856 689 οἷς
883 638 1006 690 ἀξιῶν
1026 636 1299 695 ἀπετύγχανεν
1307 673 1322 694 ,
1359 639 1493 690 ἄλλως
1512 639 1585 683 ἄν·
1612 642 1643 676 Ε

137 705 283 759 τιξῦειν
302 707 402 764 ἔγνω
423 708 520 759 τοὺς
540 707 826 760 ἀπειθοῦντας,
865 707 1040 764 ἀπρεπὲς
1058 709 1126 750 καὶ
1141 707 1276 758 ἄλλως
1293 706 1340 751 τό
1362 707 1468 751 κατὰ
1488 724 1590 751 συν-

141 774 289 831 ήθειαν
317 774 596 834 πραττόμενον
621 777 850 831 διακρίνων.
918 775 966 820 τὸ
998 777 1023 818 δ
1030 775 1043 792 ’
1075 771 1127 832 ἦν
1147 776 1194 820 τὸ
1216 776 1288 820 τὸν
1309 776 1373 819 ἐπὶ
1392 775 1590 834 ἀρχιερω-

85 851 128 886 10
137 842 240 903 σόνῃ
255 843 609 902 χειροτονούμενον
628 851 766 895 κανοῖς
786 846 867 888 τισὶ
885 845 952 887 καὶ
972 841 1081 887 δόσει
1099 842 1326 900 λημμάτων
1344 844 1442 895 τοὺς
1454 862 1590 902 χειρο-

134 918 357 964 τονοῦντας
376 915 602 970 δωρεῖσθαι
620 913 692 956 καί
707 930 749 970 γε
766 912 816 968 δὴ
831 916 1029 970 κληρικῶν
1050 912 1222 956 ἕκαστον
1240 913 1309 956 διὰ
1327 912 1401 967 τὴν
1412 911 1592 971 προσόν-

133 998 217 1025 των
238 981 377 1031 αὐτοῖς
396 981 596 1039 ὂφφικίων
616 981 913 1035 δικαιοδοσίαν,
951 979 1007 1031 ὥς
1029 981 1209 1024 εἴθιστο·
1239 981 1495 1036 Σιμωνιακόν
1513 981 1591 1038 γὰρ

134 1048 323 1094 ἀπεκάλει
339 1049 386 1092 τό
403 1047 682 1106 πραττόμενον
698 1047 851 1100 πάθος,
885 1050 953 1093 καὶ
972 1048 1091 1093 ὤνιον
1105 1047 1330 1106 χρημάτων
1347 1047 1588 1094 κινδυνεύειν
1611 1056 1639 1090 Ρ
1665 1058 1729 1092 136

131 1117 209 1174 τὴν
237 1119 489 1176 χειροτονίαν
519 1118 708 1162 ἐντεῦθεν
738 1118 984 1174 λογίζεσθαι.
1052 1117 1172 1161 τοῦτ’
1207 1120 1263 1168 εἷς
1280 1117 1406 1173 μέσον
1425 1119 1587 1176 προτεί-

79 1191 123 1227 15
135 1203 215 1230 νων
221 1218 236 1240 ,
273 1186 402 1237 πολὺς
426 1182 478 1242 ἦν
498 1188 630 1230 δοκῶν
647 1189 931 1230 καταιδεῖσθαι
950 1187 1017 1229 καὶ
1035 1186 1082 1229 τὸ
1111 1185 1410 1243 ἀπερισκέπτως
1426 1184 1587 1243 γινόμε-

130 1272 202 1298 νον
223 1255 474 1312 ἐκφαυλίζων
495 1257 563 1298 καὶ
581 1254 637 1305 εἷς
656 1262 782 1312 κρῖμα
796 1257 931 1309 μεῖζον
949 1256 1151 1311 γίνεσθαι.
1207 1255 1312 1305 τινὲς
1329 1258 1426 1310 γοῦν
1448 1253 1510 1306 οἷς
1533 1256 1584 1309 δὴ

130 1324 201 1366 καὶ
226 1317 278 1378 ἦν
309 1324 616 1376 διευλαβεῖσθαι
642 1325 795 1376 δοκεῖν,
840 1323 1037 1380 ἀρχιερεῖς
1067 1322 1179 1373 ὄντες
1207 1324 1274 1365 καὶ
1302 1317 1418 1367 οὗτοι
1450 1325 1518 1366 καὶ
1535 1324 1582 1366 τὸ

130 1390 271 1447 κε’ρδος
292 1395 367 1434 τοῦ
384 1391 599 1448 ἀσφαλοῦς
617 1391 660 1434 ἐν
684 1391 859 1450 δευτέρῳ
880 1393 1095 1441 δοκοῦντες
1112 1392 1324 1445 τίθεσθαι,
1361 1389 1584 1449 συνῄροντο

130 1463 204 1515 τῆς
222 1455 385 1516 γνώμης
403 1464 462 1519 τῷ
485 1463 652 1514 βασιλεῖ’
672 1461 738 1502 καὶ
761 1459 814 1502 τὰ
843 1457 978 1503 εἰκότα
1005 1458 1295 1517 συνέπραττον.
1368 1459 1408 1503 οἶ
1424 1460 1586 1510 πλείους

219 1602 276 1636 18.
298 1598 484 1648 συνῄρουν
505 1600 548 1637 τό
571 1601 638 1647 τῆς
659 1600 699 1635 Ρ.

126 1714 198 1747 tum
219 1723 258 1747 se
278 1712 370 1755 voti,
398 1724 441 1747 ac
469 1711 666 1759 desperavit
694 1722 797 1758 posse
828 1711 967 1747 vincere
987 1711 1220 1746 inconcussam
1242 1711 1286 1746 ad
1311 1714 1496 1746 extremum
1518 1723 1581 1757 pa-

124 1758 298 1793 triarchae
319 1758 574 1805 antistitumque
595 1757 835 1799 constantiam,
866 1762 989 1803 coepto
1020 1757 1166 1802 denique
1192 1757 1346 1800 abstitit,
1379 1761 1416 1791 et
1445 1769 1579 1791 sensum

119 1804 284 1850 »repulsae
312 1804 526 1839 dissimulans
556 1816 641 1851 prae
674 1815 711 1838 se
744 1803 823 1838 tulit
852 1807 958 1838 totam
989 1814 1063 1837 eam
1092 1814 1163 1838 rem
1192 1803 1260 1837 iam
1286 1803 1421 1846 insuper
1442 1803 1580 1838 habere.

127 1849 247 1895 itaque
269 1849 413 1896 diploma
434 1862 567 1896 quoque
588 1850 670 1885 illud
691 1850 801 1895 ipsum
822 1849 914 1895 quod
935 1848 1164 1892 offerebatur,
1198 1848 1289 1883 velut
1307 1848 1476 1882 illibenter
1497 1860 1581 1882 con-

125 1906 257 1929 cessum
287 1899 324 1930 et
351 1897 553 1931 necessitate
574 1896 718 1942 quadam
747 1906 960 1941 expressum,
992 1899 1211 1940 aspernatus,
1240 1893 1411 1927 confidere
1431 1905 1470 1927 se
1492 1893 1581 1927 dixit

124 1941 345 1975 suffecturam
374 1942 444 1975 filio
477 1942 629 1986 collegae
658 1942 726 1976 iam
758 1952 819 1976 suo
843 1944 879 1974 et
899 1939 1088 1974 successori
1109 1940 1284 1983 designato
1305 1938 1503 1982 religionem
1523 1939 1581 1972 iu-

123 1985 304 2020 risiurandi
334 1998 400 2031 qua
430 1987 575 2021 fuissent
602 1987 635 2022 ei
657 1998 770 2021 omnes
799 1986 969 2026 obstricti,
991 1985 1204 2028 divinumque
1225 1995 1346 2018 numen
1366 1984 1477 2029 legum
1496 1995 1518 2018 a
1540 1995 1579 2019 se

125 2034 327 2066 statutarum
347 2031 491 2074 vindex,
520 2033 564 2067 ad
586 2033 723 2078 quasvis
754 2033 797 2067 ab
821 2043 862 2066 eo
883 2030 1026 2065 iniurias
1046 2030 1218 2064 rebellium
1242 2029 1417 2064 arcendas.
1461 2031 1579 2065 caete-

122 2088 198 2111 rum
220 2077 283 2111 sub
306 2077 370 2110 hoc
392 2088 533 2112 securae
563 2078 710 2112 fiduciae
739 2079 879 2112 obtentu
912 2076 1047 2121 penitus
1067 2075 1295 2109 exulceratum
1317 2075 1578 2122 applicuit-ani-

122 2133 212 2157 mum
241 2122 439 2167 indagandis
471 2123 577 2157 modis
609 2123 819 2158 ulciscendae
852 2122 953 2156 istius
985 2121 1288 2155 ecclesiasticorum
1309 2121 1346 2155 in
1366 2132 1405 2156 se
1427 2121 1577 2164 duritiei,

120 2166 1577 2259 {¹3³¹“¹923AE“ffififfl‘ffiffip‘ssssss§3225{tgussssvffffl‘zssssffimffissssss

122 2270 185 2294 usu
209 2260 374 2294 ecclesiae
393 2260 523 2304 vulgari
543 2260 698 2306 positum,
718 2258 808 2305 quod
830 2258 1010 2292 obnoxium
1031 2268 1194 2298 censurae
1213 2258 1397 2293 videretur.
1443 2258 1576 2305 quoties

118 2304 274 2340 nimirum
296 2305 513 2340 ordinabatur
535 2306 712 2351 episcopus
734 2304 921 2350 quispiam,
951 2303 1084 2338 solebat
1099 2304 1128 2338 is
1149 2304 1386 2340 distributione
1405 2305 1575 2350 sportula-

120 2362 195 2385 rum
217 2354 253 2385 et
275 2352 466 2398 spargenda
486 2351 666 2396 largitione
687 2361 858 2384 munerum
879 2348 1003 2395 passim
1028 2360 1091 2403 per
1110 2361 1225 2384 omnes
1249 2350 1309 2396 qui
1329 2351 1374 2385 ad
1393 2350 1494 2385 istam
1515 2362 1572 2384 ce·

118 2397 313 2440 remoniam,
335 2397 445 2442 palam
469 2399 512 2432 ab
533 2397 700 2432 universis
722 2396 886 2432 ecclesiae
904 2395 1064 2430 ministris
1085 2407 1127 2430 ex
1149 2407 1242 2431 more
1261 2396 1358 2432 simul
1379 2396 1573 2437 exercitam,

119 2441 783 2524 33233513353333‘53520502533
805 2441 1156 2523 {sxsszfflt’mffiz
1181 2446 1259 2522 ’ἳῖ
1267 2442 1572 2533 ,ἓὲωωὲἓὲῗὲἓθ

119 2536 259 2578 perator
279 2534 490 2570 simoniacae
511 2501 703 2570 insimularet
723 2534 949 2579 corruptelae,
969 2533 1095 2567 clerum
1117 2533 1307 2569 universum
1329 2535 1513 2579 alloquens,
1535 2536 1572 2566 et

118 2589 186 2612 non
206 2579 327 2614 leniter
349 2583 548 2627 exprobare,
569 2582 620 2616 sic
642 2582 685 2616 ab
707 2581 750 2616 iis
770 2580 869 2614 reddi
890 2578 1006 2614 summi
1032 2579 1240 2614 collationem
1261 2580 1443 2615 sacerdotii
1466 2589 1570 2612 vena-

118 2623 197 2661 lem.
241 2624 280 2659 in
302 2637 344 2661 ea
365 2628 517 2662 oratione
546 2627 725 2672 magnifice
748 2630 865 2660 vectus
895 2629 968 2666 est,
997 2625 1047 2659 rei
1077 2626 1318 2672 turpitudinem
1347 2633 1571 2669 exaggerans,

119 2669 347 2716 pudoremque
382 2673 554 2719 plerisque
588 2672 766 2708 incutiens.
830 2670 920 2705 unde
952 2671 1139 2707 antistitum
1171 2671 1319 2706 nonnulli
1348 2671 1436 2705 haud
1470 2668 1572 2704 dubie

120 2715 270 2758 confusi,
300 2728 344 2751 ne
378 2722 415 2752 et
434 2719 504 2764 ipsi
526 2724 664 2766 possent
685 2716 782 2762 argui
812 2717 905 2750 lucro
926 2716 1061 2752 sordido
1083 2717 1323 2764 praehabuisse
1342 2714 1570 2756 sanctitatem,

118 2760 277 2795 assentiri
308 2773 348 2798 se
367 2763 520 2810 Augusto
551 2770 648 2800 recta
678 2762 825 2799 monenti
856 2761 1094 2809 declararunt,
1123 2768 1161 2799 et
1191 2761 1419 2807 emendationi
1443 2760 1569 2795 abusus
