1820 3112
197 135 295 181 216
620 131 859 176 GEORGH
892 131 1246 178 PACHYMERIS

196 252 307 307 σφᾶς
325 245 508 304 ἄγοντος.
577 250 712 289 ταῦτα
739 244 923 302 λέγοντες
952 242 1266 301 κατεμᾶλασσον
1296 247 1372 304 τὴν
1389 247 1540 292 ἐκείνου
1559 245 1664 306 γνώ-

194 335 278 373 μην
304 314 647 372 μετεωριζομὲνην
674 314 755 371 ἤδη
785 315 888 372 πρὸς
918 314 1048 372 ἀρχῆς
1080 314 1225 371 ὄγκον,
1262 318 1329 358 καὶ
1351 321 1540 374 φανερῶς
1557 317 1663 362 ἀπο-

194 392 356 429 στατεῖν
378 383 559 428 ἔπειθον.
627 381 721 428 τότε
742 385 882 427 τοίνυν
902 382 1051 435 τόσους
1081 382 1188 441 δρῶν
1209 385 1384 436 ἐκείνους
1399 384 1662 442 τολμήματος

147 463 177 498 C
198 454 398 511 γέμοντας
413 452 462 496 οὖ
485 453 652 510 μετρίου
671 454 738 496 καὶ
759 459 852 504 ταῖς
870 451 971 511 ὖπέρ
990 457 1065 496 τοῦ
1087 456 1157 509 ζῆν
1179 453 1368 510 εὐμαρῶς
1386 455 1519 498 ἐλπίσι
1537 471 1662 513 σπερ-

188 521 411 579 χομένους,
447 522 551 578 πρὸς
574 523 649 577 μὲν
677 522 726 565 τὸ
753 526 829 578 τῆς
856 520 1115 580 ἐγχειρήσεως
1137 522 1312 579 μέγεθος
1340 524 1408 567 καὶ
1426 523 1520 567 λίαν
1538 522 1696 570 &tol-6

191 609 271 647 μος
302 586 353 646 ἦν
383 592 449 634 καὶ
481 591 662 641 ἐπιεικῶς
691 589 954 649 κατωρρώδει
971 624 984 644 ,
1025 595 1086 651 τῷ
1120 592 1165 634 δὲ
1196 591 1302 634 κατὰ
1330 595 1442 650 σφᾶς
1459 591 1663 654 ἀλογίστῳ

191 657 342 718 θράσει
366 660 408 702 ἔν
435 660 590 703 ἐλπίσιν
618 656 668 715 ἧν
690 666 780 710 ταῖς
810 661 1019 717 μεγίσταις
1048 661 1116 703 καὶ
1139 658 1367 719 ἀπεθάρρει
1383 660 1430 704 τὸ
1454 659 1662 718 τόλμημα.

193 729 291 772 ἀλλ’
316 727 428 783 ὅμως
449 730 568 789 πείρᾳ
587 729 723 772 θέλων
743 734 897 784 μαθεῖν
917 731 986 772 καὶ
1007 733 1089 773 τῶν
1112 733 1266 773 λοιπῶν
1286 730 1361 786 τὴν
1378 727 1559 786 γνώμην,
1596 732 1666 774 καὶ

192 800 228 842 εἰ
255 795 403 848 πάντες
428 796 688 854 πρόσκεινται
717 804 803 848 τοῖς
831 798 999 852 αὐτοῖς,
1045 798 1285 855 συναγαγὼν
1317 800 1374 850 εἷς
1393 798 1523 842 ταύτὸ
1541 797 1665 843 συνό-

189 871 288 918 λους
308 868 377 910 καὶ
395 869 565 916 σταθεὶς
584 868 648 909 ἐπὶ
666 866 802 922 μέσων
819 865 989 911 πλεῖστά
1010 884 1052 910 τε
1074 869 1320 911 κατετείνετο
1330 900 1344 921 ,
1394 869 1437 919 ἐξ
1455 861 1513 912 ὧν
1538 869 1719 926 napi-10

192 953 273 979 στα
302 935 378 990 τὴν
405 935 509 991 πρὸς
539 935 694 986 αὐτοὺς
722 933 882 992 ἀγάπην
906 938 973 979 καὶ
993 936 1039 979 τὸ
1061 936 1282 992 δημοτικὸν
1303 935 1375 994 ἐφ’
1398 935 1550 990 ἅπασι,
1587 935 1663 992 τήν

141 1016 173 1051 D
197 1022 241 1048 τε
261 1003 364 1061 ὑπὲρ
381 1009 457 1060 τῆς
485 1009 568 1048 τῶν
588 1003 800 1060 Ῥωμαίων
826 1005 932 1060 μετὰ
957 1009 1075 1061 σφῶν
1105 1005 1234 1048 αὐτοῦ
1256 1002 1464 1060 σπουδήν,
1501 1007 1570 1049 καὶ
1587 1005 1663 1062 τὴν

192 1073 273 1118 ἀπὸ
304 1077 386 1116 τῶν
414 1074 456 1116 ἐν
486 1073 618 1117 ἀνέσει
642 1075 711 1117 καὶ
744 1079 883 1132 τρυφῇ
905 1071 1128 1130 διαγόντων
1151 1074 1267 1132 (τοὺς
1283 1076 1375 1131 περὶ
1397 1074 1468 1117 τὸν
1489 1074 1663 1129 βασιλέα

191 1141 349 1200 λέγων)
381 1142 458 1198 οὐχ
493 1141 604 1192 ὅπως
636 1142 847 1199 ἀποδοχὴν
875 1142 976 1186 ἀλλ’
1014 1142 1132 1186 οὐδὲν
1152 1138 1277 1198 ἦττον
1301 1143 1572 1200 ἀποστροφὴν
1594 1145 1663 1187 καὶ

191 1209 438 1262 ἔπαιτιάσεις
467 1212 620 1268 μυρίας
648 1213 778 1267 μηδὲν
814 1209 1130 1268 προσηκούσας,
1181 1211 1317 1269 ὥσπερ
1350 1211 1400 1256 ἂν
1432 1211 1558 1263 αὐτὸς
1586 1213 1661 1267 μὲν
1673 1221 1717 1257 15

190 1278 350 1338 ἐτρύφα
368 1287 453 1331 τοῖς
470 1278 682 1337 πράγμασι
699 1282 766 1324 καὶ
787 1279 954 1336 συνάμα
974 1279 1307 1336 κατεβλακεύετο,
1343 1281 1483 1324 ἐκεῖνοι
1497 1280 1541 1323 δ’
1566 1278 1664 1325 ἐπό-

187 1367 286 1394 νουν
313 1351 381 1392 καὶ
412 1348 646 1407 κατεγήρων
681 1356 768 1400 τοῖς
797 1348 964 1408 κράνεσι
993 1351 1061 1394 καὶ
1087 1347 1240 1406 μάχαις
1266 1356 1358 1401 ταῖς
1375 1349 1474 1394 κατ’
1496 1351 1662 1409 ἐχθρῶν

278 1437 313 1472 8.
337 1433 405 1482 τήν
429 1436 560 1471 deerat.

183 1515 307 1550 auditis
331 1515 564 1549 emolliebatur
587 1515 728 1558 scilicet,
753 1527 795 1550 ac
817 1515 938 1550 volens
962 1516 1159 1561 patiebatur
1174 1516 1374 1562 detorqueri
1396 1528 1436 1551 se
1456 1516 1494 1550 in
1516 1527 1661 1562 pravum

184 1573 207 1595 a
230 1561 431 1595 rectitudine
455 1561 561 1595 debiti
585 1573 606 1596 a
629 1562 766 1596 subdito
789 1561 1000 1607 principibus
1032 1563 1150 1596 officii.
1198 1567 1303 1608 atque
1324 1563 1403 1597 hinc
1423 1562 1558 1608 quidem
1579 1563 1659 1597 dum

183 1607 323 1649 studia,
357 1608 434 1641 dum
458 1613 561 1650 vota,
585 1608 661 1641 dum
687 1607 898 1642 alacritatem
923 1619 960 1640 se
985 1608 1027 1641 ad
1050 1607 1226 1653 imperium
1250 1609 1442 1643 vocantium
1465 1613 1501 1643 et
1523 1619 1603 1654 spes
1624 1608 1661 1643 in

185 1665 225 1687 eo
247 1653 341 1687 vitae
361 1653 396 1687 in
420 1660 591 1698 posterum
616 1653 730 1688 laetae
753 1653 988 1687 collocantium
1019 1659 1075 1687 tot
1098 1654 1248 1688 virorum
1269 1655 1410 1688 fortium
1433 1654 1663 1700 circumspicit

183 1704 370 1744 reputans,
393 1700 493 1734 facile
516 1699 759 1745 proliciebatur
783 1699 825 1733 ad
848 1699 960 1744 palam
984 1700 1170 1733 rebellandi
1194 1700 1447 1745 concipiendam
1470 1701 1660 1746 audaciam.

182 1756 300 1779 rursus
324 1745 360 1779 in
384 1758 425 1780 eo
451 1746 593 1791 cogitati
617 1745 734 1779 molem
758 1744 914 1790 imperii,
940 1746 1067 1790 negotii
1093 1747 1222 1789 aleam,
1245 1745 1374 1791 incepti
1397 1747 1662 1791 magnitudinem

182 1791 385 1826 aestimante
416 1792 502 1826 adeo
534 1792 796 1836 elanguescebat
818 1791 911 1836 prior
942 1791 998 1825 ille
1022 1792 1193 1837 impetus,
1227 1797 1267 1826 ut
1299 1793 1439 1826 horrore
1461 1803 1528 1835 non
1554 1792 1659 1827 dubio

180 1838 308 1871 tentari
332 1837 502 1884 nimiaque
526 1838 711 1883 constringi
734 1837 912 1872 formidine
943 1837 1130 1872 videretur.
1179 1849 1261 1882 ergo
1298 1838 1390 1872 inter
1422 1838 1512 1873 istos
1544 1841 1661 1873 aestus

182 1884 351 1927 alternos,
385 1884 460 1918 hinc
492 1885 564 1930 spei
594 1885 711 1919 alienis
743 1884 1016 1929 suggestionibus
1046 1885 1228 1926 obtrusae,
1259 1885 1352 1919 illinc
1382 1888 1492 1919 metus
1522 1884 1663 1930 propria.

184 1930 486 1976 circumspectione
509 1931 653 1972 admoti,
677 1930 822 1964 libratus
844 1930 918 1976 ipse
942 1930 1022 1965 licet
1044 1930 1219 1964 momentis
1241 1930 1413 1976 utrimque
1435 1930 1601 1976 paribus,
1625 1934 1663 1966 et

181 1975 334 2010 incertus
359 1976 469 2010 adhuc
492 1977 632 2019 consilii,
655 1980 694 2011 ut
716 1977 834 2011 saltem
858 1976 1011 2020 aliorum,
1031 1988 1168 2019 quorum
1193 1976 1303 2011 minus
1327 1977 1514 2011 eminerent
1535 1976 1662 2020 studia,

182 2022 385 2056 sententiam
417 2024 648 2068 experimento
681 2022 952 2068 deprehenderet
982 2035 1161 2064 arcanam,
1189 2024 1419 2070 probaretque
1443 2034 1522 2058 num
1545 2033 1661 2057 omnes

181 2067 382 2102 unanimiter
406 2069 457 2103 sui
481 2069 604 2104 milites
627 2069 661 2104 in
682 2068 893 2115 propositum
917 2068 988 2111 sui,
1010 2069 1172 2115 quidquid
1196 2069 1465 2113 aggrederetur,
1495 2068 1662 2114 sequendi

181 2113 227 2147 ad
254 2118 439 2149 extremum
462 2116 718 2160 conspirarent,
753 2115 885 2150 vocatis
907 2115 943 2150 in
967 2116 1162 2150 concionem
1193 2116 1368 2150 militarem
1393 2115 1492 2150 simul
1513 2114 1661 2158 eunctis,

181 2159 282 2194 stetit
306 2160 407 2194 altior
430 2161 463 2195 in
487 2162 610 2204 medio,
632 2162 846 2208 plurimaque
867 2161 1051 2203 disseruit,
1084 2173 1290 2208 magnopere
1312 2162 1507 2196 incumbens
1529 2161 1573 2195 ad
1596 2160 1660 2194 de-

181 2206 432 2241 monstrandam
457 2219 550 2242 suam
574 2208 610 2243 in
634 2220 748 2243 omnes
771 2208 949 2243 caritatem
973 2208 1154 2254 mitemque
1177 2220 1219 2242 ac
1242 2208 1436 2253 popularem
1450 2217 1524 2252 per
1546 2205 1658 2240 omnia

181 2251 370 2296 imperandi
392 2253 567 2296 rationem,
590 2258 705 2289 verum
729 2259 909 2300 praeterea
932 2254 1080 2290 studium
1104 2255 1138 2288 in
1159 2266 1229 2288 rem
1252 2254 1438 2288 Romanam
1460 2263 1535 2286 cum
1559 2262 1658 2285 suum

182 2302 252 2331 tum
276 2298 440 2342 ipsorum,
463 2300 553 2345 quod
577 2301 810 2346 perspiceret;
835 2301 985 2345 glorians
1011 2301 1112 2335 etiam
1137 2305 1173 2334 et
1190 2301 1367 2344 gratulans
1388 2297 1543 2342 utrisque
1566 2308 1658 2332 com-

181 2343 339 2386 muniter,
365 2345 455 2390 quod
478 2351 546 2379 tam
572 2347 670 2392 longe
695 2348 854 2381 abessent
877 2348 920 2381 ab
945 2347 1148 2382 assentando
1171 2346 1239 2380 illis
1262 2345 1390 2386 otiosis,
1412 2343 1471 2389 qui
1494 2343 1598 2378 vitam
1620 2343 1657 2378 in

180 2389 380 2424 remissione
410 2402 451 2425 ac
485 2392 566 2426 luxu
599 2393 831 2438 transigerent
867 2393 934 2436 (sic
968 2393 1207 2438 imperatorem
1232 2396 1268 2425 et
1290 2390 1379 2437 apud
1403 2401 1478 2424 eum
1501 2389 1658 2424 assiduos

181 2435 402 2480 traducebat)
434 2440 473 2471 ut
506 2444 743 2473 succenserent
774 2438 816 2472 iis
841 2438 947 2472 libere
966 2450 1128 2484 suamque
1152 2439 1195 2472 ab
1218 2437 1343 2481 ignava
1364 2436 1512 2481 ipsorum
1541 2435 1657 2480 segni-

180 2493 250 2527 que
272 2482 411 2516 mollitie
435 2484 644 2519 aversionem
681 2484 812 2519 minime
845 2484 1105 2520 dissimularent.
1151 2486 1256 2528 atque
1288 2482 1342 2516 bic
1365 2484 1491 2515 effusus
1513 2481 1656 2515 licenter

180 2531 237 2562 est
256 2527 292 2562 in
315 2528 564 2564 criminationes
595 2531 788 2566 innumeras
812 2530 1022 2575 regentium,
1045 2540 1164 2575 parum
1187 2534 1248 2563 aut
1270 2528 1355 2562 nihil
1377 2528 1588 2572 pertinentes
1610 2527 1655 2561 ad

179 2585 265 2616 rem,
290 2585 433 2608 causans
455 2575 692 2621 imperatorem
717 2576 852 2623 quidem
876 2576 1013 2619 defungi
1036 2575 1221 2609 ludibunde
1243 2573 1398 2618 negotiis,
1421 2584 1515 2608 suam
1536 2585 1580 2607 ex
1600 2572 1657 2607 his

182 2618 284 2653 unice
307 2620 565 2655 oblectationem
587 2624 775 2668 captando,
812 2633 955 2667 cumque
976 2621 1198 2656 familiaribus
1220 2619 1394 2665 regiminis
1417 2618 1581 2654 ministris
1599 2618 1655 2653 in-

182 2664 331 2700 dormire
353 2666 474 2712 supine
497 2667 586 2702 curis
609 2669 766 2713 publicis,
795 2667 926 2703 neutris
948 2669 1046 2713 pensi
1067 2667 1250 2713 quidquam
1272 2666 1486 2707 habentibus,
1499 2666 1586 2700 bene
1607 2675 1651 2700 an

183 2723 285 2746 secus
308 2713 432 2758 populo
456 2719 567 2756 esset,
592 2715 669 2748 dum
695 2726 828 2749 suarum
851 2714 936 2760 ipsis
962 2716 1134 2748 constaret
1156 2717 1251 2747 certa
1271 2713 1360 2747 ratio
1382 2711 1567 2757 fruitioque
1588 2722 1654 2746 vo-

182 2758 364 2802 luptatum.
411 2760 507 2794 “nos
529 2759 658 2806 quippe
681 2760 844 2795 interim”
870 2760 1017 2796 addebat
1046 2758 1159 2794 “vice
1180 2759 1330 2804 ipsorum
1351 2758 1568 2801 laboramus3
1589 2767 1652 2791 no-

183 2807 255 2838 stra
279 2804 342 2839 sub
375 2805 480 2851 galeis
516 2807 631 2852 capita
654 2810 848 2842 canescunt.
896 2817 958 2842 nos
979 2805 1015 2841 in
1045 2804 1122 2842 acie
1150 2809 1301 2849 stamus3
1333 2815 1396 2842 nos
1425 2803 1556 2852 praelia
1577 2813 1653 2838 cum
