1858 3126
139 2443 263 2478 9588

300 126 400 179 810
711 135 1023 180 OBSERVAT.
1053 137 1363 184 PACHYMER.

293 244 494 296 permixti,
518 250 563 280 ut
580 244 682 281 inter
696 242 962 282 salutandam
981 242 1155 283 dicerent
1172 245 1196 283 b
1207 260 1293 285 are
1304 247 1363 285 ch.
1378 260 1494 299 mor,
1523 248 1636 301 quod
1650 265 1743 290 ver-

299 301 395 337 bum
415 306 472 336 est
493 301 757 351 compositum
769 302 990 354 Syriacum,
1019 315 1169 340 sonans
1188 303 1211 340 Ι)
1223 301 1370 341 medi
1384 317 1407 341 c
1430 303 1636 347 domine.
1693 307 1744 346 ad

297 355 417 393 huius
439 368 508 406 ego
526 356 764 407 Mogulensis
782 357 1029 408 imperatoris
1040 358 1339 410 Cayuc-Chanis
1359 366 1537 413 tempora
1562 363 1744 400 reseren-

295 411 389 449 dum
421 418 522 463 puto
551 412 661 464 quod
688 412 943 465 Pachymeres
974 421 1130 465 narrat,
1166 422 1273 453 tomo
1302 416 1434 467 priore
1455 430 1490 454 c.
1509 419 1536 458 3
1555 423 1593 456 et
1613 416 1684 458 41.
1702 419 1742 467 5,

296 466 346 505 de
368 467 474 518 Noga
493 481 572 506 uno
598 483 618 507 e
640 469 809 508 ducibus
830 470 1027 509 exercitus
1047 484 1161 520 quem
1182 485 1204 508 a
1224 472 1358 510 Kaane
1375 472 1549 511 secundo
1569 472 1742 524 impera-

294 530 383 561 tore
413 524 700 575 Mogulensium
727 526 892 564 missum
919 526 1093 565 diximus
1117 527 1159 567 in
1176 523 1502 579 septentritinales
1521 534 1674 567 tractus
1693 528 1744 567 ad

294 593 362 618 eos
389 581 676 632 subiugandos,
716 582 943 634 praeposito
974 583 1124 621 cunctis
1154 584 1279 622 Batuo
1315 584 1450 623 fratris
1477 584 1539 623 sui
1568 584 1678 633 filio,
1719 598 1742 623 a

294 636 441 687 quibus
462 638 711 676 Sclaveniam
740 645 780 677 et
799 639 978 677 Russiam
997 639 1115 678 fuisse
1133 646 1340 692 occupatas
1365 641 1543 693 superius
1564 654 1605 680 n.
1623 643 1650 684 6
1669 639 1743 685 hu-

294 692 359 730 ius
377 706 414 732 c.
434 707 484 732 ex
504 694 795 745 Abulpharagio
818 695 1092 734 indicavimus.
1148 696 1215 734 sed
1236 697 1478 748 improspere
1493 710 1516 734 a
1534 696 1742 748 Mogulen-

293 748 400 787 sibus
423 756 575 789 tentato
606 751 1045 803 Constantinopolitano
1071 753 1239 804 imperio
1255 759 1419 805 propter
1448 766 1556 791 acres
1576 753 1619 794 iu
1635 753 1741 804 ipsos

293 804 465 857 impetus
497 806 759 858 victoriasque
786 808 1014 846 Latinorum
1040 808 1219 859 Byzantii
1248 809 1554 858 dominantium,
1589 809 1740 847 Bstuus

295 874 377 899 uon
404 862 451 899 ab
485 862 533 901 iis
558 864 685 901 solum
718 863 788 902 sed
818 870 857 901 et
891 878 912 901 a
942 865 1101 902 Graecis
1126 866 1363 904 lacessendis
1389 865 1614 913 abstinens,
1649 877 1739 902 cum

293 918 508 970 praecipua
532 925 642 971 parte
662 920 864 972 copiarum
893 921 1052 959 videtur
1077 921 1120 959 in
1149 921 1347 960 Persidem
1374 921 1568 974 primum,
1597 919 1740 959 deinde

295 974 348 1011 ad
369 988 461 1013 suos
479 975 519 1013 in
541 976 714 1014 Orientis
732 977 921 1014 interiora
939 977 1162 1026 recessisse,
1190 978 1370 1029 proxime
1386 978 1435 1016 ad
1457 978 1627 1029 Cayuc—
1640 975 1740 1015 Cha-

295 1030 357 1068 nis
378 1031 439 1069 sui
458 1032 672 1085 propinqui
690 1033 940 1083 comitatum,
969 1033 1106 1071 relicto
1132 1034 1174 1071 in
1197 1034 1402 1071 sclavonia
1426 1039 1465 1071 et
1483 1033 1643 1079 Russia,
1671 1032 1739 1084 qui

292 1093 408 1138 parta
433 1087 517 1126 illic
546 1095 748 1137 tueretur,
785 1089 905 1140 Noga.
963 1089 1027 1127 hic
1055 1096 1182 1127 autem
1199 1120 1212 1140 ‚
1252 1096 1296 1128 ut
1323 1091 1446 1128 refert
1463 1088 1737 1140 Pachymeres,

292 1155 385 1180 oum
407 1145 534 1184 auctis
563 1158 613 1184 ex
639 1146 910 1196 indigenarum
945 1146 1150 1185 iuventute
1178 1147 1221 1184 in
1260 1159 1352 1184 suos
1390 1158 1519 1184 mores
1555 1144 1739 1185 traducta

289 1199 418 1250 copiis
447 1202 541 1239 satis
569 1215 609 1239 se
641 1202 879 1240 instructum
908 1208 1064 1253 putaret
1093 1202 1141 1241 ad
1163 1201 1426 1240 defendendas
1452 1201 1534 1240 suis
1553 1200 1736 1253 auspiciis

290 1255 431 1294 uberes
455 1271 519 1295 eas
535 1258 761 1310 fertilesque
779 1259 976 1308 regiones,
1008 1272 1057 1296 ex
1077 1259 1277 1310 praesecto
1301 1272 1341 1296 se
1358 1257 1576 1310 principem
1594 1269 1738 1309 supre-

288 1324 397 1350 mum
417 1313 653 1363 declaravit,
683 1314 901 1352 obedientia
922 1315 1106 1366 deinceps
1124 1314 1416 1366 Mogulensibus
1434 1312 1735 1366 imperatoribus
1793 1331 1802 1335 -

289 1375 442 1418 negata.
493 1383 614 1421 quam
632 1371 920 1408 contumaciam
950 1371 1022 1409 diu
1037 1371 1199 1423 impune
1222 1371 1336 1419 tulit,
1366 1376 1436 1408 aut
1451 1368 1735 1420 negligentibus

287 1435 374 1462 eam
395 1438 477 1463 rem
497 1427 593 1475 illis,
622 1434 694 1465 aut
714 1440 794 1465 non
814 1427 1053 1465 sufficientes
1076 1427 1212 1465 rebelli
1230 1426 1426 1465 domando
1449 1425 1584 1478 copias
1599 1430 1736 1464 contra

286 1479 436 1529 Nogam
470 1482 740 1533 mittentibus3
779 1483 883 1521 unde
909 1484 1021 1522 illum
1054 1483 1096 1521 in
1125 1483 1354 1535 principatu
1372 1482 1535 1535 perfidia
1557 1479 1734 1533 quaesito

285 1537 541 1575 corroborari
562 1539 771 1588 contigerit
797 1540 1019 1590 florereque
1049 1539 1249 1591 potentia3
1292 1552 1367 1590 qua
1411 1544 1542 1576 motus
1566 1535 1735 1578 Michael

287 1592 540 1644 Palaeologus
558 1600 787 1645 recuperata
808 1595 1147 1647 Constantinopoli
1168 1602 1292 1634 totum
1311 1594 1510 1632 Orientale
1525 1591 1734 1644 imperium

285 1648 495 1698 obtinens,
523 1650 606 1687 eius
631 1649 840 1688 amicitiam
861 1657 901 1688 et
925 1651 1156 1688 affinitatem
1178 1651 1286 1689 ultro
1309 1649 1508 1698 ambierit,
1547 1646 1638 1687 data
1654 1647 1734 1686 No-

286 1717 357 1754 grae
375 1705 417 1742 in
439 1718 607 1744 uxorem
627 1706 790 1758 propria
807 1706 889 1744 filia
907 1706 1178 1758 Euphrosyne,
1207 1712 1329 1758 prout
1345 1706 1431 1744 fuse
1447 1710 1583 1745 narrat
1599 1709 1733 1742 noster

285 1774 324 1801 c,
347 1761 379 1803 4
398 1761 426 1801 l.
444 1762 472 1803 5
494 1763 617 1814 partis
637 1762 803 1814 prioris,
832 1762 897 1799 ubi
920 1763 1164 1814 possessione
1181 1762 1369 1800 diuturna
1398 1767 1439 1800 et.
1469 1760 1606 1800 crebra
1632 1774 1732 1812 pro-

284 1817 474 1868 speritate
489 1831 752 1865 successuum,
781 1819 925 1870 partim
943 1818 985 1856 in
1005 1818 1210 1857 eludendis
1233 1824 1315 1856 arte
1334 1831 1378 1855 ac
1393 1817 1497 1866 dolo,
1525 1816 1731 1869 partimin

286 1874 332 1910 vi
352 1875 589 1925 repellendis
607 1874 814 1913 conatibus
832 1874 1080 1913 dominorum
1100 1880 1282 1913 veterum
1308 1873 1517 1924 fugitivum
1541 1878 1732 1924 repeten-

287 1929 411 1978 tium,
448 1932 594 1970 sensim
623 1930 744 1970 fuisse
775 1931 1046 1969 confirmatam
1075 1931 1205 1981 Nogae
1232 1930 1450 1982 dynastiam
1477 1928 1732 1980 Pacbymeres

287 1986 477 2028 insinuat.
533 1987 641 2026 unde
666 2001 747 2025 non
774 1987 989 2038 incongrue
1011 1987 1204 2040 suspicari
1230 1986 1343 2036 lieet,
1372 1987 1420 2024 ab
1439 1998 1544 2024 anno
1562 1983 1731 2023 maxime

287 2042 437 2080 Christi
467 2045 588 2092 1250,
615 2057 695 2095 quo
721 2045 886 2093 Eamus,
909 2051 956 2082 ut
982 2057 1078 2082 mox
1095 2044 1289 2093 dicemus,
1332 2041 1498 2093 negotiis
1515 2039 1731 2085 maioribus

285 2099 527 2149 reipublicae
554 2100 772 2150 Mogulicae
800 2114 822 2138 a
850 2114 943 2138 cura
969 2099 1285 2152 septentrionalis
1319 2098 1456 2136 limitis
1485 2102 1669 2136 avocatus
1685 2097 1730 2134 in

285 2154 450 2205 longum
478 2161 633 2207 tempus
663 2162 739 2205 est,
768 2157 943 2209 coepisse
971 2157 1119 2207 Nogam
1138 2170 1200 2194 res
1220 2155 1303 2193 illic
1326 2167 1415 2192 suas
1435 2166 1568 2205 agere3
1595 2164 1729 2205 perse-

284 2223 522 2262 verasseque
547 2213 758 2251 crescendo
787 2226 962 2265 semper,
1001 2225 1204 2263 quousque
1237 2210 1445 2250 duodecim
1472 2214 1564 2262 post
1601 2207 1728 2256 anuh,

284 2279 390 2305 anno
412 2268 558 2305 scilicet
576 2266 723 2306 Christi
746 2269 901 2307 circiter
930 2271 1050 2318 1262,
1073 2282 1159 2306 eum
1183 2268 1301 2305 talem
1328 2267 1542 2318 imperator
1558 2262 1728 2305 michael

285 2321 522 2362 iudicaverit
543 2323 656 2361 cuius
676 2324 846 2362 affinitas
865 2324 1023 2373 intima,
1053 2338 1128 2375 qua
1151 2330 1250 2362 tunc
1270 2336 1357 2362 eum
1373 2321 1447 2359 sibi
1466 2332 1651 2370 generum
1666 2319 1728 2358 fa-

285 2378 394 2416 ciens
414 2379 605 2427 admovit,
634 2386 673 2417 et
689 2379 832 2418 honori
854 2386 892 2418 et
912 2381 1106 2431 praesidio
1122 2379 1238 2418 rebus
1256 2378 1337 2416 suis
1357 2378 1492 2416 sutura
1509 2375 1726 2418 videretur,

396 2433 500 2475 VIII.
557 2434 671 2473 Anno
693 2436 860 2486 Hegirae
877 2437 973 2485 647,
991 2436 1101 2475 cuius
1118 2435 1270 2488 primus
1286 2434 1369 2473 dies
1385 2432 1461 2471 fuit
1476 2437 1612 2470 sextus
1624 2430 1728 2470 deci-

284 2503 373 2530 mus
390 2490 535 2542 Aprilis
558 2490 700 2529 Iuliani
728 2505 830 2530 anno
861 2491 1008 2530 Christi
1028 2492 1149 2542 1249,
1167 2496 1324 2529 mortua
1345 2488 1517 2540 primum
1535 2487 1726 2526 Turacina

281 2553 407 2586 matre
428 2546 679 2585 dilectissima
706 2546 1042 2598 Cayuc-Chanis‚
1076 2547 1162 2599 ipse
1187 2559 1284 2597 prae
1309 2544 1447 2583 dolore
1482 2543 1615 2581 locum
1635 2556 1725 2581 mu-

284 2610 372 2642 tans
403 2603 447 2641 in
475 2603 615 2640 itinere
644 2616 783 2640 versus
809 2609 941 2654 partes
971 2603 1192 2641 Orientales
1223 2602 1304 2639 sato
1335 2600 1494 2638 functus
1513 2605 1593 2647 est,
1618 2612 1725 2637 nono

282 2661 350 2698 die
378 2659 521 2698 Rabiae
552 2658 718 2711 prioris,
746 2658 855 2697 tertii
884 2658 1026 2696 mensis
1055 2658 1098 2695 in
1124 2670 1230 2695 anno
1259 2656 1449 2706 Arabico,
1485 2654 1562 2694 hoc
1588 2659 1647 2693 est
1662 2654 1725 2695 die

284 2715 604 2767 quinquagesimo
624 2715 792 2766 septimo
807 2729 830 2752 a
852 2714 1032 2753 kalendis
1048 2712 1310 2761 Muharrami,
1339 2725 1436 2763 quae
1462 2717 1555 2749 nota
1570 2709 1724 2748 numeri

283 2773 390 2811 diem
410 2773 513 2811 Iunii
531 2771 782 2811 undecimum
797 2771 987 2822 designat.
1043 2769 1212 2808 turbatis
1227 2782 1274 2809 eo
1293 2767 1499 2821 inopinato
1529 2779 1623 2806 casu
1642 2766 1723 2805 Mo-
