<?xml version="1.0" encoding="UTF-8"?>
<!DOCTYPE html PUBLIC "-//W3C//DTD XHTML 1.0 Transitional//EN"
    "http://www.w3.org/TR/xhtml1/DTD/xhtml1-transitional.dtd">
<html xmlns="http://www.w3.org/1999/xhtml" xml:lang="en" lang="en">
 <head>
  <title>
</title>
<meta http-equiv="Content-Type" content="text/html;charset=utf-8" />
  <meta name='ocr-system' content='tesseract 3.04.00' />
  <meta name='ocr-capabilities' content='ocr_page ocr_carea ocr_par ocr_line ocrx_word'/>
</head>
<body>
  <div class='ocr_page' id='page_1' title='image "./corpusscriptorum18niebuoft_0630.png"; bbox 0 0 1858 3126; ppageno 0'>
   <div class='ocr_carea' id='block_1_1' title="bbox 282 141 1306 191">
    <p class='ocr_par' dir='ltr' id='par_1_1' title="bbox 282 141 1306 191">
     <span class='ocr_line' id='line_1_1' title="bbox 282 141 1306 191; baseline -0.001 0"><span class='ocrx_word' id='word_1_1' title='bbox 282 143 381 191; x_wconf 84' lang='lat'>614</span> <span class='ocrx_word' id='word_1_2' title='bbox 702 141 934 191; x_wconf 85' lang='lat' dir='ltr'><strong>GEORGII</strong></span> <span class='ocrx_word' id='word_1_3' title='bbox 960 143 1306 190; x_wconf 77' lang='lat' dir='ltr'>PAcHYMEms</span> 
     </span>
    </p>
   </div>
   <div class='ocr_carea' id='block_1_2' title="bbox 141 254 1776 1332">
    <p class='ocr_par' dir='ltr' id='par_1_2' title="bbox 279 254 1720 518">
     <span class='ocr_line' id='line_1_2' title="bbox 281 254 1718 312; baseline 0.003 -12"><span class='ocrx_word' id='word_1_4' title='bbox 281 257 423 312; x_wconf 79' lang='grc' dir='ltr'><strong><em>τὲρους</em></strong></span> <span class='ocrx_word' id='word_1_5' title='bbox 443 255 542 306; x_wconf 74' lang='grc' dir='ltr'><strong><em>τοὺς</em></strong></span> <span class='ocrx_word' id='word_1_6' title='bbox 564 255 859 312; x_wconf 78' lang='grc' dir='ltr'><strong><em>περικλείστους</em></strong></span> <span class='ocrx_word' id='word_1_7' title='bbox 880 255 1130 312; x_wconf 76' lang='grc' dir='ltr'><strong><em>κατέστησαν</em></strong></span> <span class='ocrx_word' id='word_1_8' title='bbox 1142 289 1157 310; x_wconf 96' lang='grc'><strong><em>,</em></strong></span> <span class='ocrx_word' id='word_1_9' title='bbox 1181 254 1286 300; x_wconf 79' lang='grc' dir='ltr'><strong><em>ὥστε</em></strong></span> <span class='ocrx_word' id='word_1_10' title='bbox 1301 258 1367 300; x_wconf 67' lang='grc' dir='ltr'><strong><em>καὶ</em></strong></span> <span class='ocrx_word' id='word_1_11' title='bbox 1385 257 1562 310; x_wconf 69' lang='grc' dir='ltr'><strong><em>ἐξιόντας</em></strong></span> <span class='ocrx_word' id='word_1_12' title='bbox 1580 260 1624 303; x_wconf 72' lang='grc' dir='ltr'>ἐκ</span> <span class='ocrx_word' id='word_1_13' title='bbox 1641 276 1718 304; x_wconf 82' lang='grc' dir='ltr'><strong><em>πο-</em></strong></span> 
     </span>
     <span class='ocr_line' id='line_1_3' title="bbox 281 321 1720 383; baseline 0.003 -17"><span class='ocrx_word' id='word_1_14' title='bbox 281 324 355 373; x_wconf 84' lang='grc' dir='ltr'>δὸς</span> <span class='ocrx_word' id='word_1_15' title='bbox 378 321 534 366; x_wconf 78' lang='grc' dir='ltr'><strong><em>διώκειν</em></strong></span> <span class='ocrx_word' id='word_1_16' title='bbox 556 323 655 373; x_wconf 75' lang='grc' dir='ltr'><strong><em>τοῦς</em></strong></span> <span class='ocrx_word' id='word_1_17' title='bbox 680 322 876 374; x_wconf 75' lang='grc' dir='ltr'><strong><em>ἐπιόντας.</em></strong></span> <span class='ocrx_word' id='word_1_18' title='bbox 947 325 993 367; x_wconf 73' lang='grc' dir='ltr'><strong><em>οἳ</em></strong></span> <span class='ocrx_word' id='word_1_19' title='bbox 1007 326 1073 367; x_wconf 79' lang='grc' dir='ltr'><strong><em>καὶ</em></strong></span> <span class='ocrx_word' id='word_1_20' title='bbox 1094 322 1463 383; x_wconf 74' lang='grc' dir='ltr'><strong><em>δυσχρηστούμενοι</em></strong></span> <span class='ocrx_word' id='word_1_21' title='bbox 1480 328 1545 370; x_wconf 74' lang='grc' dir='ltr'>ἐπὶ</span> <span class='ocrx_word' id='word_1_22' title='bbox 1559 325 1720 378; x_wconf 77' lang='grc' dir='ltr'><strong><em>τούτοις</em></strong></span> 
     </span>
     <span class='ocr_line' id='line_1_4' title="bbox 280 391 1719 448; baseline 0.003 -14"><span class='ocrx_word' id='word_1_23' title='bbox 280 391 333 434; x_wconf 79' lang='grc' dir='ltr'><strong><em>τὰ</em></strong></span> <span class='ocrx_word' id='word_1_24' title='bbox 349 391 466 447; x_wconf 86' lang='grc' dir='ltr'><strong><em>μέχρι</em></strong></span> <span class='ocrx_word' id='word_1_25' title='bbox 483 392 718 447; x_wconf 81' lang='grc' dir='ltr'><strong><em>Σηλυβρίας</em></strong></span> <span class='ocrx_word' id='word_1_26' title='bbox 737 394 803 436; x_wconf 81' lang='grc' dir='ltr'><strong><em>καὶ</em></strong></span> <span class='ocrx_word' id='word_1_27' title='bbox 819 392 980 435; x_wconf 78' lang='grc' dir='ltr'><strong><em>ἐπίταδε</em></strong></span> <span class='ocrx_word' id='word_1_28' title='bbox 1001 393 1314 448; x_wconf 71' lang='grc' dir='ltr'><strong><em>κατατρέχουσι,</em></strong></span> <span class='ocrx_word' id='word_1_29' title='bbox 1348 395 1416 436; x_wconf 73' lang='grc' dir='ltr'><strong><em>καὶ</em></strong></span> <span class='ocrx_word' id='word_1_30' title='bbox 1441 399 1572 445; x_wconf 84' lang='grc' dir='ltr'><strong><em>κακῶς</em></strong></span> <span class='ocrx_word' id='word_1_31' title='bbox 1597 397 1719 439; x_wconf 83' lang='grc' dir='ltr'><strong><em>διετί-</em></strong></span> 
     </span>
     <span class='ocr_line' id='line_1_5' title="bbox 279 457 1719 518; baseline 0.003 -17"><span class='ocrx_word' id='word_1_32' title='bbox 279 462 387 502; x_wconf 74' lang='grc' dir='ltr'><strong><em>θουν</em></strong></span> <span class='ocrx_word' id='word_1_33' title='bbox 410 457 470 509; x_wconf 83' lang='grc' dir='ltr'>οἷς</span> <span class='ocrx_word' id='word_1_34' title='bbox 489 459 571 517; x_wconf 73' lang='grc' dir='ltr'><strong><em>ἄρα</em></strong></span> <span class='ocrx_word' id='word_1_35' title='bbox 594 461 662 502; x_wconf 85' lang='grc' dir='ltr'><strong><em>καὶ</em></strong></span> <span class='ocrx_word' id='word_1_36' title='bbox 682 459 878 516; x_wconf 79' lang='grc' dir='ltr'><strong><em>ὗστεροῦν</em></strong></span> <span class='ocrx_word' id='word_1_37' title='bbox 899 460 1106 513; x_wconf 80' lang='grc' dir='ltr'><strong><em>συνέβαινε</em></strong></span> <span class='ocrx_word' id='word_1_38' title='bbox 1127 462 1337 518; x_wconf 79' lang='grc' dir='ltr'><strong><em>φρουρίοις</em></strong></span> <span class='ocrx_word' id='word_1_39' title='bbox 1356 462 1719 517; x_wconf 67' lang='grc' dir='ltr'><strong><em>ἓγκατακλείεσθαι».</em></strong></span> 
     </span>
    </p>

    <p class='ocr_par' dir='ltr' id='par_1_3' title="bbox 141 525 1752 857">
     <span class='ocr_line' id='line_1_6' title="bbox 141 525 1752 585; baseline 0.002 -14"><span class='ocrx_word' id='word_1_40' title='bbox 141 537 170 571; x_wconf 88' lang='lat' dir='ltr'>P</span> <span class='ocrx_word' id='word_1_41' title='bbox 191 536 259 573; x_wconf 78' lang='lat'>428</span> <span class='ocrx_word' id='word_1_42' title='bbox 417 528 496 572; x_wconf 77' lang='lat'>23.</span> <span class='ocrx_word' id='word_1_43' title='bbox 565 525 738 578; x_wconf 75' lang='grc' dir='ltr'><strong><em>Τούτοις</em></strong></span> <span class='ocrx_word' id='word_1_44' title='bbox 765 529 811 571; x_wconf 78' lang='grc' dir='ltr'><strong><em>δὲ</em></strong></span> <span class='ocrx_word' id='word_1_45' title='bbox 835 529 1058 584; x_wconf 79' lang='grc' dir='ltr'><strong><em>γενομένοις</em></strong></span> <span class='ocrx_word' id='word_1_46' title='bbox 1092 526 1114 571; x_wconf 83' lang='grc' dir='ltr'><strong>ὅ</strong></span> <span class='ocrx_word' id='word_1_47' title='bbox 1146 527 1451 585; x_wconf 80' lang='grc' dir='ltr'><strong><em>πατριαρχεύων</em></strong></span> <span class='ocrx_word' id='word_1_48' title='bbox 1474 528 1752 581; x_wconf 71' lang='grc' dir='ltr'><strong><em>Ἀθανάσιοςό</em></strong></span> 
     </span>
     <span class='ocr_line' id='line_1_7' title="bbox 279 592 1723 653; baseline 0.003 -17"><span class='ocrx_word' id='word_1_49' title='bbox 279 592 663 649; x_wconf 75' lang='grc' dir='ltr'><strong><em>ἐπιδαψιλευόμενος</em></strong></span> <span class='ocrx_word' id='word_1_50' title='bbox 683 594 768 639; x_wconf 79' lang='grc' dir='ltr'><strong><em>οἷον</em></strong></span> <span class='ocrx_word' id='word_1_51' title='bbox 787 596 838 639; x_wconf 82' lang='grc' dir='ltr'><strong><em>τὰ</em></strong></span> <span class='ocrx_word' id='word_1_52' title='bbox 857 601 932 651; x_wconf 81' lang='grc' dir='ltr'>τῆς</span> <span class='ocrx_word' id='word_1_53' title='bbox 951 596 1052 652; x_wconf 82' lang='grc' dir='ltr'><strong><em>πρὸς</em></strong></span> <span class='ocrx_word' id='word_1_54' title='bbox 1070 596 1171 639; x_wconf 76' lang='grc' dir='ltr'><strong><em>θεὸν</em></strong></span> <span class='ocrx_word' id='word_1_55' title='bbox 1190 595 1456 649; x_wconf 73' lang='grc' dir='ltr'><strong><em>ἔξοσιιῦσεως,</em></strong></span> <span class='ocrx_word' id='word_1_56' title='bbox 1482 599 1546 647; x_wconf 83' lang='grc' dir='ltr'>δὶς</span> <span class='ocrx_word' id='word_1_57' title='bbox 1560 598 1633 653; x_wconf 75' lang='grc' dir='ltr'>μὲν</span> <span class='ocrx_word' id='word_1_58' title='bbox 1653 599 1723 640; x_wconf 79' lang='grc' dir='ltr'><strong><em>καὶ</em></strong></span> 
     </span>
     <span class='ocr_line' id='line_1_8' title="bbox 279 660 1724 721; baseline 0.001 -14"><span class='ocrx_word' id='word_1_59' title='bbox 279 663 367 719; x_wconf 75' lang='grc' dir='ltr'><strong><em>τρὶς</em></strong></span> <span class='ocrx_word' id='word_1_60' title='bbox 384 666 458 717; x_wconf 83' lang='grc' dir='ltr'>τῆς</span> <span class='ocrx_word' id='word_1_61' title='bbox 477 660 707 717; x_wconf 72' lang='grc' dir='ltr'><strong><em>ἑβδομάδος</em></strong></span> <span class='ocrx_word' id='word_1_62' title='bbox 722 664 797 714; x_wconf 83' lang='grc' dir='ltr'>τὰς</span> <span class='ocrx_word' id='word_1_63' title='bbox 822 664 935 713; x_wconf 80' lang='grc' dir='ltr'><strong><em>λιτὰς</em></strong></span> <span class='ocrx_word' id='word_1_64' title='bbox 953 665 1146 717; x_wconf 79' lang='grc' dir='ltr'><strong><em>ἐποιεῖτο,</em></strong></span> <span class='ocrx_word' id='word_1_65' title='bbox 1181 665 1412 721; x_wconf 81' lang='grc' dir='ltr'><strong><em>βαρυτέρας</em></strong></span> <span class='ocrx_word' id='word_1_66' title='bbox 1433 666 1478 708; x_wconf 75' lang='grc' dir='ltr'><strong><em>δέ</em></strong></span> <span class='ocrx_word' id='word_1_67' title='bbox 1494 665 1570 715; x_wconf 82' lang='grc' dir='ltr'>τὰς</span> <span class='ocrx_word' id='word_1_68' title='bbox 1592 681 1724 720; x_wconf 79' lang='grc' dir='ltr'><strong><em>προσ-</em></strong></span> 
     </span>
     <span class='ocr_line' id='line_1_9' title="bbox 278 727 1722 787; baseline 0.001 -13"><span class='ocrx_word' id='word_1_69' title='bbox 278 727 458 785; x_wconf 80' lang='grc' dir='ltr'><strong><em>τιμήσεις</em></strong></span> <span class='ocrx_word' id='word_1_70' title='bbox 486 737 572 780; x_wconf 83' lang='grc' dir='ltr'><strong><em>τοῖς</em></strong></span> <span class='ocrx_word' id='word_1_71' title='bbox 597 730 702 775; x_wconf 80' lang='grc' dir='ltr'><strong><em>κατά</em></strong></span> <span class='ocrx_word' id='word_1_72' title='bbox 719 749 759 774; x_wconf 91' lang='grc' dir='ltr'>τι</span> <span class='ocrx_word' id='word_1_73' title='bbox 778 729 1078 787; x_wconf 83' lang='grc' dir='ltr'><strong><em>προσκόπτουσι</em></strong></span> <span class='ocrx_word' id='word_1_74' title='bbox 1110 734 1287 777; x_wconf 73' lang='grc' dir='ltr'><strong><em>διετίθει.</em></strong></span> <span class='ocrx_word' id='word_1_75' title='bbox 1357 732 1406 775; x_wconf 82' lang='grc' dir='ltr'><strong><em>οὗ</em></strong></span> <span class='ocrx_word' id='word_1_76' title='bbox 1435 733 1517 787; x_wconf 81' lang='grc' dir='ltr'>μὴν</span> <span class='ocrx_word' id='word_1_77' title='bbox 1549 734 1594 776; x_wconf 73' lang='grc' dir='ltr'><strong><em>δὲ</em></strong></span> <span class='ocrx_word' id='word_1_78' title='bbox 1616 733 1722 776; x_wconf 79' lang='grc' dir='ltr'><strong><em>ἀλλὰ</em></strong></span> 
     </span>
     <span class='ocr_line' id='line_1_10' title="bbox 280 798 1722 857; baseline 0.002 -17"><span class='ocrx_word' id='word_1_79' title='bbox 280 799 347 840; x_wconf 80' lang='grc' dir='ltr'><strong><em>καὶ</em></strong></span> <span class='ocrx_word' id='word_1_80' title='bbox 365 799 406 848; x_wconf 75' lang='grc' dir='ltr'><strong><em>ἐς</em></strong></span> <span class='ocrx_word' id='word_1_81' title='bbox 427 799 546 841; x_wconf 72' lang='grc' dir='ltr'><strong><em>πλέον</em></strong></span> <span class='ocrx_word' id='word_1_82' title='bbox 566 798 767 854; x_wconf 77' lang='grc' dir='ltr'><strong><em>εὐσεβείας</em></strong></span> <span class='ocrx_word' id='word_1_83' title='bbox 784 798 891 854; x_wconf 81' lang='grc' dir='ltr'><strong><em>ἥκειν</em></strong></span> <span class='ocrx_word' id='word_1_84' title='bbox 911 801 1056 852; x_wconf 83' lang='grc' dir='ltr'><strong><em>δοκῶν,</em></strong></span> <span class='ocrx_word' id='word_1_85' title='bbox 1093 798 1246 855; x_wconf 83' lang='grc' dir='ltr'><strong><em>στήλην</em></strong></span> <span class='ocrx_word' id='word_1_86' title='bbox 1263 801 1336 854; x_wconf 75' lang='grc' dir='ltr'>μὲν</span> <span class='ocrx_word' id='word_1_87' title='bbox 1357 801 1505 855; x_wconf 74' lang='grc' dir='ltr'><strong><em>ἐκείνην</em></strong></span> <span class='ocrx_word' id='word_1_88' title='bbox 1521 817 1722 857; x_wconf 87' lang='grc' dir='ltr'><strong><em>πατριαρ-</em></strong></span> 
     </span>
    </p>

    <p class='ocr_par' dir='ltr' id='par_1_4' title="bbox 232 866 1776 1194">
     <span class='ocr_line' id='line_1_11' title="bbox 232 866 1776 927; baseline 0.004 -20"><span class='ocrx_word' id='word_1_89' title='bbox 232 876 260 912; x_wconf 83' lang='grc' dir='ltr'><strong>Β</strong></span> <span class='ocrx_word' id='word_1_90' title='bbox 280 869 365 920; x_wconf 84' lang='grc' dir='ltr'><strong><em>χῶν</em></strong></span> <span class='ocrx_word' id='word_1_91' title='bbox 392 870 474 909; x_wconf 87' lang='grc' dir='ltr'>τῶν</span> <span class='ocrx_word' id='word_1_92' title='bbox 508 870 631 922; x_wconf 84' lang='grc' dir='ltr'><strong><em>τριῶν</em></strong></span> <span class='ocrx_word' id='word_1_93' title='bbox 658 871 901 923; x_wconf 82' lang='grc' dir='ltr'><strong><em>Γερμανῶν,</em></strong></span> <span class='ocrx_word' id='word_1_94' title='bbox 935 867 1010 922; x_wconf 84' lang='grc' dir='ltr'>τὴν</span> <span class='ocrx_word' id='word_1_95' title='bbox 1037 869 1100 910; x_wconf 76' lang='grc' dir='ltr'>ἐπὶ</span> <span class='ocrx_word' id='word_1_96' title='bbox 1132 870 1242 927; x_wconf 77' lang='grc' dir='ltr'><strong><em>δεξιᾷ</em></strong></span> <span class='ocrx_word' id='word_1_97' title='bbox 1267 870 1433 910; x_wconf 79' lang='grc' dir='ltr'><strong><em>εἰσιοῦσι</em></strong></span> <span class='ocrx_word' id='word_1_98' title='bbox 1457 872 1539 911; x_wconf 87' lang='grc' dir='ltr'>τῶν</span> <span class='ocrx_word' id='word_1_99' title='bbox 1562 866 1721 925; x_wconf 76' lang='grc' dir='ltr'><strong><em>ὡραίων</em></strong></span> <span class='ocrx_word' id='word_1_100' title='bbox 1733 878 1776 913; x_wconf 87' lang='grc'>10</span> 
     </span>
     <span class='ocr_line' id='line_1_12' title="bbox 280 932 1724 992; baseline 0.003 -17"><span class='ocrx_word' id='word_1_101' title='bbox 280 937 419 976; x_wconf 84' lang='grc' dir='ltr'><strong><em>πυλῶν</em></strong></span> <span class='ocrx_word' id='word_1_102' title='bbox 447 933 663 990; x_wconf 78' lang='grc' dir='ltr'><strong><em>ἱσταμένην</em></strong></span> <span class='ocrx_word' id='word_1_103' title='bbox 672 967 686 988; x_wconf 95' lang='grc'><strong><em>,</em></strong></span> <span class='ocrx_word' id='word_1_104' title='bbox 721 935 789 979; x_wconf 80' lang='grc' dir='ltr'>διὰ</span> <span class='ocrx_word' id='word_1_105' title='bbox 814 935 885 978; x_wconf 81' lang='grc' dir='ltr'>τὸν</span> <span class='ocrx_word' id='word_1_106' title='bbox 911 933 1081 989; x_wconf 77' lang='grc' dir='ltr'><strong><em>ὕστερον</em></strong></span> <span class='ocrx_word' id='word_1_107' title='bbox 1111 935 1182 978; x_wconf 86' lang='grc' dir='ltr'>τὸν</span> <span class='ocrx_word' id='word_1_108' title='bbox 1212 938 1254 986; x_wconf 78' lang='grc' dir='ltr'>ἐξ</span> <span class='ocrx_word' id='word_1_109' title='bbox 1270 932 1528 992; x_wconf 75' lang='grc' dir='ltr'><strong><em>Ὀρεστιάδος</em></strong></span> <span class='ocrx_word' id='word_1_110' title='bbox 1549 953 1724 990; x_wconf 81' lang='grc' dir='ltr'><strong><em>μετατε-</em></strong></span> 
     </span>
     <span class='ocr_line' id='line_1_13' title="bbox 280 999 1725 1060; baseline 0.003 -18"><span class='ocrx_word' id='word_1_111' title='bbox 280 999 433 1053; x_wconf 75' lang='grc' dir='ltr'><strong><em>θέντα,</em></strong></span> <span class='ocrx_word' id='word_1_112' title='bbox 469 1000 531 1044; x_wconf 83' lang='grc' dir='ltr'>ὅτι</span> <span class='ocrx_word' id='word_1_113' title='bbox 557 1006 607 1059; x_wconf 82' lang='grc' dir='ltr'><strong><em>τῇ</em></strong></span> <span class='ocrx_word' id='word_1_114' title='bbox 639 1002 741 1060; x_wconf 82' lang='grc' dir='ltr'><strong><em>πρὸς</em></strong></span> <span class='ocrx_word' id='word_1_115' title='bbox 756 1002 854 1052; x_wconf 82' lang='grc' dir='ltr'><strong><em>τοὺς</em></strong></span> <span class='ocrx_word' id='word_1_116' title='bbox 868 1001 1048 1052; x_wconf 79' lang='grc' dir='ltr'><strong><em>Ἰταλούς</em></strong></span> <span class='ocrx_word' id='word_1_117' title='bbox 1066 1001 1201 1060; x_wconf 79' lang='grc' dir='ltr'><strong><em>εἰρήνῃ</em></strong></span> <span class='ocrx_word' id='word_1_118' title='bbox 1219 1002 1343 1053; x_wconf 75' lang='grc' dir='ltr'><strong><em>αὐτὸς</em></strong></span> <span class='ocrx_word' id='word_1_119' title='bbox 1360 1005 1505 1052; x_wconf 75' lang='grc' dir='ltr'><strong><em>ἐκεῖνος</em></strong></span> <span class='ocrx_word' id='word_1_120' title='bbox 1525 1001 1725 1059; x_wconf 75' lang='grc' dir='ltr'><strong><em>πρεσβεύ-</em></strong></span> 
     </span>
     <span class='ocr_line' id='line_1_14' title="bbox 281 1067 1723 1129; baseline 0.003 -19"><span class='ocrx_word' id='word_1_121' title='bbox 281 1083 359 1117; x_wconf 89' lang='grc' dir='ltr'>σας</span> <span class='ocrx_word' id='word_1_122' title='bbox 379 1067 602 1126; x_wconf 79' lang='grc' dir='ltr'><strong><em>συνήργησε</em></strong></span> <span class='ocrx_word' id='word_1_123' title='bbox 614 1104 624 1124; x_wconf 87' lang='grc'><strong><em>,</em></strong></span> <span class='ocrx_word' id='word_1_124' title='bbox 659 1075 849 1129; x_wconf 79' lang='grc' dir='ltr'><strong><em>κατασπᾷ</em></strong></span> <span class='ocrx_word' id='word_1_125' title='bbox 861 1102 874 1122; x_wconf 92' lang='grc'><strong><em>,</em></strong></span> <span class='ocrx_word' id='word_1_126' title='bbox 899 1068 1053 1125; x_wconf 80' lang='grc' dir='ltr'><strong><em>στήλην</em></strong></span> <span class='ocrx_word' id='word_1_127' title='bbox 1071 1071 1116 1112; x_wconf 78' lang='grc' dir='ltr'><strong><em>δὲ</em></strong></span> <span class='ocrx_word' id='word_1_128' title='bbox 1134 1073 1337 1124; x_wconf 85' lang='grc' dir='ltr'><strong><em>βασίλειον</em></strong></span> <span class='ocrx_word' id='word_1_129' title='bbox 1355 1072 1398 1113; x_wconf 72' lang='grc' dir='ltr'>ἐκ</span> <span class='ocrx_word' id='word_1_130' title='bbox 1412 1069 1723 1126; x_wconf 82' lang='grc' dir='ltr'><strong><em>χρυσονήματος</em></strong></span> 
     </span>
     <span class='ocr_line' id='line_1_15' title="bbox 283 1136 1722 1194; baseline 0.001 -15"><span class='ocrx_word' id='word_1_131' title='bbox 283 1136 616 1193; x_wconf 79' lang='grc' dir='ltr'><strong><em>διεσκευασμένην</em></strong></span> <span class='ocrx_word' id='word_1_132' title='bbox 646 1137 740 1182; x_wconf 77' lang='grc' dir='ltr'><strong><em>κατ’</em></strong></span> <span class='ocrx_word' id='word_1_133' title='bbox 771 1138 865 1188; x_wconf 72' lang='grc' dir='ltr'><strong><em>ὀξὺν</em></strong></span> <span class='ocrx_word' id='word_1_134' title='bbox 891 1137 1067 1190; x_wconf 84' lang='grc' dir='ltr'><strong><em>πέπλον,</em></strong></span> <span class='ocrx_word' id='word_1_135' title='bbox 1113 1137 1164 1192; x_wconf 81' lang='grc' dir='ltr'><strong><em>ἣν</em></strong></span> <span class='ocrx_word' id='word_1_136' title='bbox 1192 1140 1338 1187; x_wconf 67' lang='grc' dir='ltr'><strong><em>ἐκεῖνος</em></strong></span> <span class='ocrx_word' id='word_1_137' title='bbox 1362 1142 1526 1191; x_wconf 83' lang='grc' dir='ltr'><strong><em>βασιλεῖ’</em></strong></span> <span class='ocrx_word' id='word_1_138' title='bbox 1547 1139 1722 1194; x_wconf 80' lang='grc' dir='ltr'><strong><em>Μιχαὴλ</em></strong></span> 
     </span>
    </p>

    <p class='ocr_par' dir='ltr' id='par_1_5' title="bbox 143 1202 1775 1332">
     <span class='ocr_line' id='line_1_16' title="bbox 143 1202 1775 1262; baseline 0.005 -20"><span class='ocrx_word' id='word_1_139' title='bbox 143 1209 170 1242; x_wconf 89' lang='grc' dir='ltr'>Ρ</span> <span class='ocrx_word' id='word_1_140' title='bbox 196 1208 261 1244; x_wconf 73' lang='grc' dir='ltr'>4Ξ9</span> <span class='ocrx_word' id='word_1_141' title='bbox 283 1202 588 1260; x_wconf 74' lang='grc' dir='ltr'><strong><em>πατριαρχεῦων</em></strong></span> <span class='ocrx_word' id='word_1_142' title='bbox 615 1203 770 1262; x_wconf 80' lang='grc' dir='ltr'><strong><em>ἆνῆρτα</em></strong></span> <span class='ocrx_word' id='word_1_143' title='bbox 789 1210 870 1248; x_wconf 85' lang='grc' dir='ltr'>τῶν</span> <span class='ocrx_word' id='word_1_144' title='bbox 890 1205 991 1261; x_wconf 85' lang='grc' dir='ltr'><strong><em>πρὸς</em></strong></span> <span class='ocrx_word' id='word_1_145' title='bbox 1011 1210 1060 1262; x_wconf 83' lang='grc' dir='ltr'><strong><em>τῇ</em></strong></span> <span class='ocrx_word' id='word_1_146' title='bbox 1082 1203 1193 1248; x_wconf 82' lang='grc' dir='ltr'><strong><em>δύσει</em></strong></span> <span class='ocrx_word' id='word_1_147' title='bbox 1214 1206 1337 1258; x_wconf 80' lang='grc' dir='ltr'><strong><em>μέσον</em></strong></span> <span class='ocrx_word' id='word_1_148' title='bbox 1355 1207 1545 1262; x_wconf 75' lang='grc' dir='ltr'><strong><em>ἐρυθρῶν</em></strong></span> <span class='ocrx_word' id='word_1_149' title='bbox 1562 1204 1720 1259; x_wconf 80' lang='grc' dir='ltr'><strong><em>κιόνων,</em></strong></span> <span class='ocrx_word' id='word_1_150' title='bbox 1732 1213 1775 1250; x_wconf 85' lang='lat'>1⁵</span> 
     </span>
     <span class='ocr_line' id='line_1_17' title="bbox 281 1269 1722 1332; baseline 0.002 -17"><span class='ocrx_word' id='word_1_151' title='bbox 281 1269 385 1316; x_wconf 74' lang='grc' dir='ltr'><strong><em>κατά</em></strong></span> <span class='ocrx_word' id='word_1_152' title='bbox 418 1272 465 1316; x_wconf 80' lang='grc' dir='ltr'><strong><em>τέ</em></strong></span> <span class='ocrx_word' id='word_1_153' title='bbox 488 1289 529 1315; x_wconf 90' lang='grc' dir='ltr'>τι</span> <span class='ocrx_word' id='word_1_154' title='bbox 559 1274 746 1330; x_wconf 82' lang='grc' dir='ltr'><strong><em>κλεῖσμόν</em></strong></span> <span class='ocrx_word' id='word_1_155' title='bbox 787 1277 862 1317; x_wconf 83' lang='grc' dir='ltr'>τοῦ</span> <span class='ocrx_word' id='word_1_156' title='bbox 903 1273 993 1318; x_wconf 76' lang='grc' dir='ltr'><strong><em>νέον</em></strong></span> <span class='ocrx_word' id='word_1_157' title='bbox 1024 1275 1170 1318; x_wconf 76' lang='grc' dir='ltr'><strong><em>ἐκεῖνον</em></strong></span> <span class='ocrx_word' id='word_1_158' title='bbox 1196 1277 1507 1318; x_wconf 87' lang='grc' dir='ltr'><strong><em>Κωνσταντΐνον</em></strong></span> <span class='ocrx_word' id='word_1_159' title='bbox 1542 1278 1722 1332; x_wconf 82' lang='grc' dir='ltr'><strong><em>φανῆναι</em></strong></span> 
     </span>
    </p>
   </div>
   <div class='ocr_carea' id='block_1_3' title="bbox 375 1392 641 1438">
    <p class='ocr_par' dir='ltr' id='par_1_6' title="bbox 375 1392 641 1438">
     <span class='ocr_line' id='line_1_18' title="bbox 375 1392 641 1438; baseline -0.004 -10"><span class='ocrx_word' id='word_1_160' title='bbox 375 1394 430 1428; x_wconf 88' lang='grc'>16.</span> <span class='ocrx_word' id='word_1_161' title='bbox 450 1392 508 1438; x_wconf 84' lang='grc' dir='ltr'><strong><em>τι]</em></strong></span> <span class='ocrx_word' id='word_1_162' title='bbox 533 1392 641 1429; x_wconf 65' lang='lat' dir='ltr'>viva?</span> 
     </span>
    </p>
   </div>
   <div class='ocr_carea' id='block_1_4' title="bbox 281 1493 1779 2803">
    <p class='ocr_par' dir='ltr' id='par_1_7' title="bbox 281 1493 1779 2803">
     <span class='ocr_line' id='line_1_19' title="bbox 282 1493 1722 1541; baseline 0.001 -14"><span class='ocrx_word' id='word_1_163' title='bbox 282 1494 484 1528; x_wconf 82' lang='lat' dir='ltr'>firmatiores</span> <span class='ocrx_word' id='word_1_164' title='bbox 507 1494 549 1528; x_wconf 87' lang='lat' dir='ltr'>ad</span> <span class='ocrx_word' id='word_1_165' title='bbox 572 1493 697 1528; x_wconf 87' lang='lat' dir='ltr'>diutius</span> <span class='ocrx_word' id='word_1_166' title='bbox 718 1493 963 1540; x_wconf 75' lang='lat' dir='ltr'><strong>animosiusque</strong></span> <span class='ocrx_word' id='word_1_167' title='bbox 993 1495 1213 1530; x_wconf 83' lang='lat' dir='ltr'>resistendum</span> <span class='ocrx_word' id='word_1_168' title='bbox 1241 1495 1458 1541; x_wconf 88' lang='lat' dir='ltr'>reliquerunt.</span> <span class='ocrx_word' id='word_1_169' title='bbox 1491 1494 1585 1530; x_wconf 84' lang='lat' dir='ltr'>cuius</span> <span class='ocrx_word' id='word_1_170' title='bbox 1614 1505 1722 1530; x_wconf 84' lang='lat' dir='ltr'>novae</span> 
     </span>
     <span class='ocr_line' id='line_1_20' title="bbox 282 1539 1723 1586; baseline 0.001 -14"><span class='ocrx_word' id='word_1_171' title='bbox 282 1539 468 1576; x_wconf 79' lang='lat' dir='ltr'>alacritatis</span> <span class='ocrx_word' id='word_1_172' title='bbox 502 1550 663 1584; x_wconf 85' lang='lat' dir='ltr'>praesens</span> <span class='ocrx_word' id='word_1_173' title='bbox 699 1543 778 1573; x_wconf 85' lang='lat' dir='ltr'>tunc</span> <span class='ocrx_word' id='word_1_174' title='bbox 809 1551 942 1584; x_wconf 89' lang='lat' dir='ltr'>quoque</span> <span class='ocrx_word' id='word_1_175' title='bbox 972 1540 1108 1574; x_wconf 81' lang='lat' dir='ltr'>edidere</span> <span class='ocrx_word' id='word_1_176' title='bbox 1130 1541 1295 1585; x_wconf 77' lang='lat' dir='ltr'>specimen</span> <span class='ocrx_word' id='word_1_177' title='bbox 1319 1541 1390 1575; x_wconf 88' lang='lat' dir='ltr'>acri</span> <span class='ocrx_word' id='word_1_178' title='bbox 1413 1541 1522 1575; x_wconf 83' lang='lat' dir='ltr'>statim</span> <span class='ocrx_word' id='word_1_179' title='bbox 1546 1541 1723 1586; x_wconf 79' lang='lat' dir='ltr'>eruptione</span> 
     </span>
     <span class='ocr_line' id='line_1_21' title="bbox 281 1584 1723 1639; baseline 0.001 -21"><span class='ocrx_word' id='word_1_180' title='bbox 281 1584 317 1618; x_wconf 87' lang='lat' dir='ltr'>in</span> <span class='ocrx_word' id='word_1_181' title='bbox 339 1590 587 1629; x_wconf 80' lang='lat' dir='ltr'>oppugnatores</span> <span class='ocrx_word' id='word_1_182' title='bbox 610 1585 722 1626; x_wconf 80' lang='lat' dir='ltr'>facta,</span> <span class='ocrx_word' id='word_1_183' title='bbox 754 1596 820 1617; x_wconf 92' lang='lat' dir='ltr'>non</span> <span class='ocrx_word' id='word_1_184' title='bbox 842 1584 916 1618; x_wconf 84' lang='lat' dir='ltr'>sine</span> <span class='ocrx_word' id='word_1_185' title='bbox 937 1585 1053 1619; x_wconf 89' lang='lat' dir='ltr'>horum</span> <span class='ocrx_word' id='word_1_186' title='bbox 1076 1586 1207 1620; x_wconf 86' lang='lat' dir='ltr'>damno.</span> <span class='ocrx_word' id='word_1_187' title='bbox 1252 1586 1372 1639; x_wconf 86' lang='lat' dir='ltr'>quibus</span> <span class='ocrx_word' id='word_1_188' title='bbox 1395 1586 1544 1620; x_wconf 85' lang='lat' dir='ltr'>adversis</span> <span class='ocrx_word' id='word_1_189' title='bbox 1565 1586 1723 1620; x_wconf 85' lang='lat' dir='ltr'>obsiden-</span> 
     </span>
     <span class='ocr_line' id='line_1_22' title="bbox 284 1628 1724 1675; baseline 0.001 -12"><span class='ocrx_word' id='word_1_190' title='bbox 284 1634 338 1663; x_wconf 85' lang='lat' dir='ltr'>tes</span> <span class='ocrx_word' id='word_1_191' title='bbox 357 1629 484 1663; x_wconf 82' lang='lat' dir='ltr'>irritati</span> <span class='ocrx_word' id='word_1_192' title='bbox 505 1628 735 1669; x_wconf 77' lang='lat' dir='ltr'>successibus,</span> <span class='ocrx_word' id='word_1_193' title='bbox 766 1629 919 1663; x_wconf 89' lang='lat' dir='ltr'>solatium</span> <span class='ocrx_word' id='word_1_194' title='bbox 942 1641 1002 1663; x_wconf 89' lang='lat' dir='ltr'>suo</span> <span class='ocrx_word' id='word_1_195' title='bbox 1035 1631 1140 1663; x_wconf 88' lang='lat' dir='ltr'>dolori</span> <span class='ocrx_word' id='word_1_196' title='bbox 1162 1642 1335 1675; x_wconf 71' lang='lat' dir='ltr'>quaesiere</span> <span class='ocrx_word' id='word_1_197' title='bbox 1357 1631 1506 1665; x_wconf 85' lang='lat' dir='ltr'>manibus</span> <span class='ocrx_word' id='word_1_198' title='bbox 1530 1631 1601 1665; x_wconf 78' lang='lat' dir='ltr'>late</span> <span class='ocrx_word' id='word_1_199' title='bbox 1622 1641 1724 1674; x_wconf 88' lang='lat' dir='ltr'>prae-</span> 
     </span>
     <span class='ocr_line' id='line_1_23' title="bbox 283 1674 1724 1720; baseline 0.002 -13"><span class='ocrx_word' id='word_1_200' title='bbox 283 1674 428 1708; x_wconf 80' lang='lat' dir='ltr'>datoriis</span> <span class='ocrx_word' id='word_1_201' title='bbox 457 1674 676 1720; x_wconf 84' lang='lat' dir='ltr'>spargendis,</span> <span class='ocrx_word' id='word_1_202' title='bbox 712 1684 800 1718; x_wconf 87' lang='lat' dir='ltr'>quae</span> <span class='ocrx_word' id='word_1_203' title='bbox 832 1677 950 1708; x_wconf 84' lang='lat' dir='ltr'>cuncta</span> <span class='ocrx_word' id='word_1_204' title='bbox 980 1686 1084 1720; x_wconf 90' lang='lat' dir='ltr'>usque</span> <span class='ocrx_word' id='word_1_205' title='bbox 1113 1675 1299 1719; x_wconf 83' lang='lat' dir='ltr'>Selybriam</span> <span class='ocrx_word' id='word_1_206' title='bbox 1321 1676 1477 1720; x_wconf 87' lang='lat' dir='ltr'>ultraque</span> <span class='ocrx_word' id='word_1_207' title='bbox 1498 1676 1541 1710; x_wconf 87' lang='lat' dir='ltr'>ad</span> <span class='ocrx_word' id='word_1_208' title='bbox 1564 1675 1724 1710; x_wconf 83' lang='lat' dir='ltr'>viciniam</span> 
     </span>
     <span class='ocr_line' id='line_1_24' title="bbox 285 1719 1724 1766; baseline 0.002 -13"><span class='ocrx_word' id='word_1_209' title='bbox 285 1719 378 1753; x_wconf 89' lang='lat' dir='ltr'>urbis</span> <span class='ocrx_word' id='word_1_210' title='bbox 401 1719 549 1754; x_wconf 85' lang='lat' dir='ltr'>cruentis</span> <span class='ocrx_word' id='word_1_211' title='bbox 569 1719 812 1753; x_wconf 84' lang='lat' dir='ltr'>incursionibus</span> <span class='ocrx_word' id='word_1_212' title='bbox 834 1723 1017 1763; x_wconf 82' lang='lat' dir='ltr'>vastarent,</span> <span class='ocrx_word' id='word_1_213' title='bbox 1039 1731 1151 1754; x_wconf 86' lang='lat' dir='ltr'>omnes</span> <span class='ocrx_word' id='word_1_214' title='bbox 1173 1721 1259 1755; x_wconf 87' lang='lat' dir='ltr'>male</span> <span class='ocrx_word' id='word_1_215' title='bbox 1279 1721 1447 1755; x_wconf 89' lang='lat' dir='ltr'>multando</span> <span class='ocrx_word' id='word_1_216' title='bbox 1470 1731 1554 1766; x_wconf 86' lang='lat' dir='ltr'>quos</span> <span class='ocrx_word' id='word_1_217' title='bbox 1575 1720 1724 1766; x_wconf 78' lang='lat' dir='ltr'>reperis-</span> 
     </span>
     <span class='ocr_line' id='line_1_25' title="bbox 284 1764 1661 1809; baseline 0.001 -10"><span class='ocrx_word' id='word_1_218' title='bbox 284 1768 361 1800; x_wconf 83' lang='lat' dir='ltr'>sent</span> <span class='ocrx_word' id='word_1_219' title='bbox 383 1764 555 1809; x_wconf 81' lang='lat' dir='ltr'>segniores</span> <span class='ocrx_word' id='word_1_220' title='bbox 576 1765 611 1798; x_wconf 91' lang='lat' dir='ltr'>in</span> <span class='ocrx_word' id='word_1_221' title='bbox 633 1770 762 1799; x_wconf 82' lang='lat' dir='ltr'>mature</span> <span class='ocrx_word' id='word_1_222' title='bbox 782 1775 821 1798; x_wconf 89' lang='lat' dir='ltr'>se</span> <span class='ocrx_word' id='word_1_223' title='bbox 845 1765 1013 1799; x_wconf 87' lang='lat' dir='ltr'>condendo</span> <span class='ocrx_word' id='word_1_224' title='bbox 1035 1765 1127 1800; x_wconf 81' lang='lat' dir='ltr'>intra</span> <span class='ocrx_word' id='word_1_225' title='bbox 1148 1777 1260 1800; x_wconf 86' lang='lat' dir='ltr'>muros</span> <span class='ocrx_word' id='word_1_226' title='bbox 1280 1766 1404 1801; x_wconf 89' lang='lat' dir='ltr'>arcium</span> <span class='ocrx_word' id='word_1_227' title='bbox 1426 1766 1499 1800; x_wconf 87' lang='lat' dir='ltr'>eius</span> <span class='ocrx_word' id='word_1_228' title='bbox 1519 1772 1661 1800; x_wconf 83' lang='lat' dir='ltr'>tractus.</span> 
     </span>
     <span class='ocr_line' id='line_1_26' title="bbox 374 1809 1722 1856; baseline 0 -12"><span class='ocrx_word' id='word_1_229' title='bbox 374 1811 430 1845; x_wconf 72' lang='lat'>23.</span> <span class='ocrx_word' id='word_1_230' title='bbox 477 1810 614 1844; x_wconf 80' lang='lat' dir='ltr'>Interim</span> <span class='ocrx_word' id='word_1_231' title='bbox 655 1810 731 1844; x_wconf 89' lang='lat' dir='ltr'>dum</span> <span class='ocrx_word' id='word_1_232' title='bbox 772 1809 855 1843; x_wconf 82' lang='lat' dir='ltr'>haec</span> <span class='ocrx_word' id='word_1_233' title='bbox 893 1816 1109 1854; x_wconf 80' lang='lat' dir='ltr'>gererentur,</span> <span class='ocrx_word' id='word_1_234' title='bbox 1150 1811 1342 1856; x_wconf 86' lang='lat' dir='ltr'>patriarcha</span> <span class='ocrx_word' id='word_1_235' title='bbox 1383 1811 1478 1846; x_wconf 85' lang='lat' dir='ltr'>urbis</span> <span class='ocrx_word' id='word_1_236' title='bbox 1507 1811 1722 1854; x_wconf 74' lang='lat' dir='ltr'>Athanasius,</span> 
     </span>
     <span class='ocr_line' id='line_1_27' title="bbox 284 1854 1724 1901; baseline 0.002 -13"><span class='ocrx_word' id='word_1_237' title='bbox 284 1855 382 1901; x_wconf 88' lang='lat' dir='ltr'>quasi</span> <span class='ocrx_word' id='word_1_238' title='bbox 415 1858 585 1890; x_wconf 87' lang='lat' dir='ltr'>ostentans</span> <span class='ocrx_word' id='word_1_239' title='bbox 616 1854 785 1898; x_wconf 86' lang='lat' dir='ltr'>religionis</span> <span class='ocrx_word' id='word_1_240' title='bbox 815 1856 1071 1897; x_wconf 84' lang='lat' dir='ltr'>abundantiam,</span> <span class='ocrx_word' id='word_1_241' title='bbox 1101 1856 1155 1890; x_wconf 84' lang='lat' dir='ltr'>bis</span> <span class='ocrx_word' id='word_1_242' title='bbox 1177 1861 1213 1890; x_wconf 89' lang='lat' dir='ltr'>et</span> <span class='ocrx_word' id='word_1_243' title='bbox 1243 1861 1295 1891; x_wconf 88' lang='lat' dir='ltr'>ter</span> <span class='ocrx_word' id='word_1_244' title='bbox 1316 1858 1352 1891; x_wconf 91' lang='lat' dir='ltr'>in</span> <span class='ocrx_word' id='word_1_245' title='bbox 1377 1857 1582 1892; x_wconf 78' lang='lat' dir='ltr'>hebdomade</span> <span class='ocrx_word' id='word_1_246' title='bbox 1626 1867 1724 1891; x_wconf 80' lang='lat' dir='ltr'>reces</span> 
     </span>
     <span class='ocr_line' id='line_1_28' title="bbox 286 1900 1725 1947; baseline 0.002 -13"><span class='ocrx_word' id='word_1_247' title='bbox 286 1901 506 1943; x_wconf 86' lang='lat' dir='ltr'>celebrabat,</span> <span class='ocrx_word' id='word_1_248' title='bbox 538 1900 710 1946; x_wconf 83' lang='lat' dir='ltr'>graviores</span> <span class='ocrx_word' id='word_1_249' title='bbox 731 1910 862 1946; x_wconf 86' lang='lat' dir='ltr'>quoque</span> <span class='ocrx_word' id='word_1_250' title='bbox 884 1900 983 1935; x_wconf 88' lang='lat' dir='ltr'>solito</span> <span class='ocrx_word' id='word_1_251' title='bbox 1006 1904 1127 1935; x_wconf 79' lang='lat' dir='ltr'>inultas</span> <span class='ocrx_word' id='word_1_252' title='bbox 1149 1913 1339 1947; x_wconf 86' lang='lat' dir='ltr'>poenasque</span> <span class='ocrx_word' id='word_1_253' title='bbox 1360 1902 1401 1936; x_wconf 86' lang='lat' dir='ltr'>iis</span> <span class='ocrx_word' id='word_1_254' title='bbox 1422 1902 1482 1947; x_wconf 82' lang='lat' dir='ltr'>qui</span> <span class='ocrx_word' id='word_1_255' title='bbox 1502 1902 1595 1937; x_wconf 82' lang='lat' dir='ltr'>offen</span> <span class='ocrx_word' id='word_1_256' title='bbox 1618 1902 1725 1937; x_wconf 75' lang='lat' dir='ltr'>issent</span> 
     </span>
     <span class='ocr_line' id='line_1_29' title="bbox 286 1946 1724 1992; baseline 0.001 -13"><span class='ocrx_word' id='word_1_257' title='bbox 286 1946 532 1991; x_wconf 87' lang='lat' dir='ltr'>quomodolibet</span> <span class='ocrx_word' id='word_1_258' title='bbox 557 1946 721 1991; x_wconf 77' lang='lat' dir='ltr'>infligens·</span> <span class='ocrx_word' id='word_1_259' title='bbox 766 1946 845 1991; x_wconf 83' lang='lat' dir='ltr'>quin</span> <span class='ocrx_word' id='word_1_260' title='bbox 868 1950 904 1980; x_wconf 89' lang='lat' dir='ltr'>et</span> <span class='ocrx_word' id='word_1_261' title='bbox 926 1947 1079 1980; x_wconf 85' lang='lat' dir='ltr'>eximium</span> <span class='ocrx_word' id='word_1_262' title='bbox 1102 1958 1140 1981; x_wconf 84' lang='lat' dir='ltr'>se</span> <span class='ocrx_word' id='word_1_263' title='bbox 1162 1948 1324 1992; x_wconf 84' lang='lat' dir='ltr'>quoddam</span> <span class='ocrx_word' id='word_1_264' title='bbox 1355 1947 1557 1981; x_wconf 86' lang='lat' dir='ltr'>sublimioris</span> <span class='ocrx_word' id='word_1_265' title='bbox 1586 1947 1724 1992; x_wconf 81' lang='lat' dir='ltr'>pietatis</span> 
     </span>
     <span class='ocr_line' id='line_1_30' title="bbox 287 1991 1724 2038; baseline 0.002 -14"><span class='ocrx_word' id='word_1_266' title='bbox 287 1991 457 2034; x_wconf 81' lang='lat' dir='ltr'>specimen</span> <span class='ocrx_word' id='word_1_267' title='bbox 487 1991 653 2027; x_wconf 81' lang='lat' dir='ltr'>editurum</span> <span class='ocrx_word' id='word_1_268' title='bbox 686 1995 800 2032; x_wconf 84' lang='lat' dir='ltr'>ratus,</span> <span class='ocrx_word' id='word_1_269' title='bbox 837 1992 983 2026; x_wconf 83' lang='lat' dir='ltr'>tabulam</span> <span class='ocrx_word' id='word_1_270' title='bbox 1005 1991 1095 2028; x_wconf 84' lang='lat' dir='ltr'>illam</span> <span class='ocrx_word' id='word_1_271' title='bbox 1117 1992 1241 2038; x_wconf 84' lang='lat' dir='ltr'>pictam</span> <span class='ocrx_word' id='word_1_272' title='bbox 1262 1993 1460 2038; x_wconf 82' lang='lat' dir='ltr'>imaginibus</span> <span class='ocrx_word' id='word_1_273' title='bbox 1482 1994 1724 2027; x_wconf 76' lang='lat' dir='ltr'>Germanorum</span> 
     </span>
     <span class='ocr_line' id='line_1_31' title="bbox 287 2035 1725 2082; baseline 0.001 -12"><span class='ocrx_word' id='word_1_274' title='bbox 287 2035 388 2070; x_wconf 86' lang='lat' dir='ltr'>trium</span> <span class='ocrx_word' id='word_1_275' title='bbox 411 2037 470 2081; x_wconf 89' lang='lat' dir='ltr'>qui</span> <span class='ocrx_word' id='word_1_276' title='bbox 493 2037 755 2082; x_wconf 85' lang='lat' dir='ltr'>patriarchatum</span> <span class='ocrx_word' id='word_1_277' title='bbox 786 2037 878 2070; x_wconf 86' lang='lat' dir='ltr'>urbis</span> <span class='ocrx_word' id='word_1_278' title='bbox 908 2037 1040 2071; x_wconf 87' lang='lat' dir='ltr'>diverso</span> <span class='ocrx_word' id='word_1_279' title='bbox 1062 2042 1213 2082; x_wconf 86' lang='lat' dir='ltr'>tempore</span> <span class='ocrx_word' id='word_1_280' title='bbox 1235 2044 1431 2082; x_wconf 84' lang='lat' dir='ltr'>gesserunt,</span> <span class='ocrx_word' id='word_1_281' title='bbox 1463 2038 1506 2072; x_wconf 87' lang='lat' dir='ltr'>ab</span> <span class='ocrx_word' id='word_1_282' title='bbox 1532 2049 1646 2072; x_wconf 84' lang='lat' dir='ltr'>eorum</span> <span class='ocrx_word' id='word_1_283' title='bbox 1667 2038 1725 2072; x_wconf 88' lang='lat' dir='ltr'>nl·-</span> 
     </span>
     <span class='ocr_line' id='line_1_32' title="bbox 288 2081 1725 2127; baseline 0.001 -12"><span class='ocrx_word' id='word_1_284' title='bbox 288 2081 393 2122; x_wconf 84' lang='lat' dir='ltr'>timo,</span> <span class='ocrx_word' id='word_1_285' title='bbox 422 2093 464 2116; x_wconf 89' lang='lat' dir='ltr'>ex</span> <span class='ocrx_word' id='word_1_286' title='bbox 496 2082 726 2116; x_wconf 84' lang='lat' dir='ltr'>Orestiadensi</span> <span class='ocrx_word' id='word_1_287' title='bbox 754 2083 834 2116; x_wconf 88' lang='lat' dir='ltr'>sede</span> <span class='ocrx_word' id='word_1_288' title='bbox 855 2082 890 2115; x_wconf 91' lang='lat' dir='ltr'>in</span> <span class='ocrx_word' id='word_1_289' title='bbox 913 2082 1313 2127; x_wconf 85' lang='lat' dir='ltr'>Constantinopolitanam</span> <span class='ocrx_word' id='word_1_290' title='bbox 1333 2083 1518 2126; x_wconf 85' lang='lat' dir='ltr'>translato,</span> <span class='ocrx_word' id='word_1_291' title='bbox 1549 2083 1586 2117; x_wconf 90' lang='lat' dir='ltr'>in</span> <span class='ocrx_word' id='word_1_292' title='bbox 1607 2094 1725 2117; x_wconf 87' lang='lat' dir='ltr'>monu-</span> 
     </span>
     <span class='ocr_line' id='line_1_33' title="bbox 291 2127 1724 2174; baseline 0.002 -16"><span class='ocrx_word' id='word_1_293' title='bbox 291 2131 437 2160; x_wconf 86' lang='lat' dir='ltr'>mentum</span> <span class='ocrx_word' id='word_1_294' title='bbox 459 2127 600 2172; x_wconf 82' lang='lat' dir='ltr'>positam</span> <span class='ocrx_word' id='word_1_295' title='bbox 622 2128 667 2161; x_wconf 88' lang='lat' dir='ltr'>ad</span> <span class='ocrx_word' id='word_1_296' title='bbox 689 2128 860 2162; x_wconf 82' lang='lat' dir='ltr'>dexteram</span> <span class='ocrx_word' id='word_1_297' title='bbox 890 2127 1152 2171; x_wconf 80' lang='lat' dir='ltr'>ingredientibus</span> <span class='ocrx_word' id='word_1_298' title='bbox 1174 2139 1236 2174; x_wconf 89' lang='lat' dir='ltr'>per</span> <span class='ocrx_word' id='word_1_299' title='bbox 1257 2129 1428 2173; x_wconf 83' lang='lat' dir='ltr'>speciosas</span> <span class='ocrx_word' id='word_1_300' title='bbox 1447 2130 1558 2171; x_wconf 82' lang='lat' dir='ltr'>fores,</span> <span class='ocrx_word' id='word_1_301' title='bbox 1587 2127 1724 2163; x_wconf 77' lang='lat' dir='ltr'>sustulit</span> 
     </span>
     <span class='ocr_line' id='line_1_34' title="bbox 290 2170 1722 2218; baseline 0.001 -14"><span class='ocrx_word' id='word_1_302' title='bbox 290 2170 328 2204; x_wconf 86' lang='lat' dir='ltr'>in</span> <span class='ocrx_word' id='word_1_303' title='bbox 350 2171 421 2205; x_wconf 88' lang='lat' dir='ltr'>eius</span> <span class='ocrx_word' id='word_1_304' title='bbox 444 2172 499 2216; x_wconf 88' lang='lat' dir='ltr'>qui</span> <span class='ocrx_word' id='word_1_305' title='bbox 522 2177 683 2217; x_wconf 86' lang='lat' dir='ltr'>posuerat</span> <span class='ocrx_word' id='word_1_306' title='bbox 703 2173 923 2217; x_wconf 87' lang='lat' dir='ltr'>ignominiam,</span> <span class='ocrx_word' id='word_1_307' title='bbox 947 2174 999 2207; x_wconf 91' lang='lat' dir='ltr'>cui</span> <span class='ocrx_word' id='word_1_308' title='bbox 1022 2185 1060 2207; x_wconf 90' lang='lat' dir='ltr'>se</span> <span class='ocrx_word' id='word_1_309' title='bbox 1080 2174 1215 2207; x_wconf 78' lang='lat' dir='ltr'>ferebat</span> <span class='ocrx_word' id='word_1_310' title='bbox 1236 2186 1276 2208; x_wconf 91' lang='lat' dir='ltr'>eo</span> <span class='ocrx_word' id='word_1_311' title='bbox 1297 2175 1427 2208; x_wconf 91' lang='lat' dir='ltr'>nomine</span> <span class='ocrx_word' id='word_1_312' title='bbox 1448 2174 1610 2207; x_wconf 79' lang='lat' dir='ltr'>infensum</span> <span class='ocrx_word' id='word_1_313' title='bbox 1632 2172 1722 2218; x_wconf 86' lang='lat' dir='ltr'>quod</span> 
     </span>
     <span class='ocr_line' id='line_1_35' title="bbox 290 2215 1723 2262; baseline 0.001 -13"><span class='ocrx_word' id='word_1_314' title='bbox 290 2215 319 2249; x_wconf 89' lang='lat' dir='ltr'>is</span> <span class='ocrx_word' id='word_1_315' title='bbox 349 2216 514 2260; x_wconf 84' lang='lat' dir='ltr'>legatione</span> <span class='ocrx_word' id='word_1_316' title='bbox 548 2218 643 2252; x_wconf 87' lang='lat' dir='ltr'>obita</span> <span class='ocrx_word' id='word_1_317' title='bbox 671 2218 748 2262; x_wconf 87' lang='lat' dir='ltr'>paci</span> <span class='ocrx_word' id='word_1_318' title='bbox 774 2220 982 2252; x_wconf 80' lang='lat' dir='ltr'>Graecorum</span> <span class='ocrx_word' id='word_1_319' title='bbox 1011 2230 1084 2253; x_wconf 91' lang='lat' dir='ltr'>cnm</span> <span class='ocrx_word' id='word_1_320' title='bbox 1106 2218 1236 2252; x_wconf 84' lang='lat' dir='ltr'>Latinis</span> <span class='ocrx_word' id='word_1_321' title='bbox 1258 2219 1483 2253; x_wconf 80' lang='lat' dir='ltr'>conciliandae</span> <span class='ocrx_word' id='word_1_322' title='bbox 1504 2218 1622 2252; x_wconf 79' lang='lat' dir='ltr'>suisset</span> <span class='ocrx_word' id='word_1_323' title='bbox 1642 2228 1723 2250; x_wconf 89' lang='lat' dir='ltr'>coo-</span> 
     </span>
     <span class='ocr_line' id='line_1_36' title="bbox 290 2262 1724 2308; baseline 0.001 -14"><span class='ocrx_word' id='word_1_324' title='bbox 290 2267 440 2303; x_wconf 86' lang='lat' dir='ltr'>peratus.</span> <span class='ocrx_word' id='word_1_325' title='bbox 487 2262 632 2306; x_wconf 77' lang='lat' dir='ltr'>effigiem</span> <span class='ocrx_word' id='word_1_326' title='bbox 653 2263 789 2308; x_wconf 86' lang='lat' dir='ltr'>insuper</span> <span class='ocrx_word' id='word_1_327' title='bbox 813 2263 1023 2308; x_wconf 84' lang='lat' dir='ltr'>imperatoris</span> <span class='ocrx_word' id='word_1_328' title='bbox 1046 2264 1222 2298; x_wconf 70' lang='lat' dir='ltr'>Michaelis</span> <span class='ocrx_word' id='word_1_329' title='bbox 1244 2264 1452 2306; x_wconf 82' lang='lat' dir='ltr'>Palaeologi‚</span> <span class='ocrx_word' id='word_1_330' title='bbox 1482 2262 1580 2296; x_wconf 85' lang='lat' dir='ltr'>titulo</span> <span class='ocrx_word' id='word_1_331' title='bbox 1602 2265 1638 2295; x_wconf 81' lang='lat' dir='ltr'>et</span> <span class='ocrx_word' id='word_1_332' title='bbox 1659 2262 1724 2296; x_wconf 85' lang='lat' dir='ltr'>ha-</span> 
     </span>
     <span class='ocr_line' id='line_1_37' title="bbox 290 2305 1779 2354; baseline 0.002 -16"><span class='ocrx_word' id='word_1_333' title='bbox 290 2305 363 2338; x_wconf 88' lang='lat' dir='ltr'>bitu</span> <span class='ocrx_word' id='word_1_334' title='bbox 392 2307 511 2350; x_wconf 85' lang='lat' dir='ltr'>inclyti</span> <span class='ocrx_word' id='word_1_335' title='bbox 540 2308 630 2342; x_wconf 85' lang='lat' dir='ltr'>illius</span> <span class='ocrx_word' id='word_1_336' title='bbox 665 2308 767 2353; x_wconf 81' lang='lat' dir='ltr'>prisci</span> <span class='ocrx_word' id='word_1_337' title='bbox 803 2309 1036 2351; x_wconf 83' lang='lat' dir='ltr'>Constantini,</span> <span class='ocrx_word' id='word_1_338' title='bbox 1068 2320 1167 2354; x_wconf 88' lang='lat' dir='ltr'>quam</span> <span class='ocrx_word' id='word_1_339' title='bbox 1190 2320 1262 2342; x_wconf 88' lang='lat' dir='ltr'>cum</span> <span class='ocrx_word' id='word_1_340' title='bbox 1293 2309 1379 2342; x_wconf 79' lang='lat' dir='ltr'>idem</span> <span class='ocrx_word' id='word_1_341' title='bbox 1403 2309 1612 2346; x_wconf 85' lang='lat' dir='ltr'>Germanus,</span> <span class='ocrx_word' id='word_1_342' title='bbox 1642 2307 1721 2341; x_wconf 87' lang='lat' dir='ltr'>dum</span> <span class='ocrx_word' id='word_1_343' title='bbox 1775 2349 1779 2352; x_wconf 29' lang='grc' dir='ltr'>Ι</span> 
     </span>
     <span class='ocr_line' id='line_1_38' title="bbox 289 2351 1722 2397; baseline 0.001 -14"><span class='ocrx_word' id='word_1_344' title='bbox 289 2354 381 2384; x_wconf 84' lang='lat' dir='ltr'>esset</span> <span class='ocrx_word' id='word_1_345' title='bbox 403 2352 606 2395; x_wconf 85' lang='lat' dir='ltr'>patriarcha,</span> <span class='ocrx_word' id='word_1_346' title='bbox 628 2353 756 2386; x_wconf 88' lang='lat' dir='ltr'>filorum</span> <span class='ocrx_word' id='word_1_347' title='bbox 779 2355 935 2387; x_wconf 81' lang='lat' dir='ltr'>subtextu</span> <span class='ocrx_word' id='word_1_348' title='bbox 957 2365 1130 2387; x_wconf 88' lang='lat' dir='ltr'>aureorum</span> <span class='ocrx_word' id='word_1_349' title='bbox 1151 2354 1289 2397; x_wconf 84' lang='lat' dir='ltr'>exprimi</span> <span class='ocrx_word' id='word_1_350' title='bbox 1311 2357 1462 2386; x_wconf 84' lang='lat' dir='ltr'>curasset</span> <span class='ocrx_word' id='word_1_351' title='bbox 1482 2351 1516 2385; x_wconf 91' lang='lat' dir='ltr'>in</span> <span class='ocrx_word' id='word_1_352' title='bbox 1537 2352 1611 2385; x_wconf 86' lang='lat' dir='ltr'>velo</span> <span class='ocrx_word' id='word_1_353' title='bbox 1632 2352 1722 2396; x_wconf 81' lang='lat' dir='ltr'>figu-</span> 
     </span>
     <span class='ocr_line' id='line_1_39' title="bbox 289 2395 1722 2443; baseline 0.001 -14"><span class='ocrx_word' id='word_1_354' title='bbox 289 2405 350 2429; x_wconf 82' lang='lat' dir='ltr'>rae</span> <span class='ocrx_word' id='word_1_355' title='bbox 374 2395 554 2432; x_wconf 87' lang='lat' dir='ltr'>desinentis</span> <span class='ocrx_word' id='word_1_356' title='bbox 572 2397 608 2430; x_wconf 90' lang='lat' dir='ltr'>in</span> <span class='ocrx_word' id='word_1_357' title='bbox 630 2408 778 2438; x_wconf 88' lang='lat' dir='ltr'>acumen,</span> <span class='ocrx_word' id='word_1_358' title='bbox 804 2398 838 2431; x_wconf 92' lang='lat' dir='ltr'>id</span> <span class='ocrx_word' id='word_1_359' title='bbox 861 2404 979 2442; x_wconf 86' lang='lat' dir='ltr'>postea</span> <span class='ocrx_word' id='word_1_360' title='bbox 1001 2399 1108 2433; x_wconf 86' lang='lat' dir='ltr'>velum</span> <span class='ocrx_word' id='word_1_361' title='bbox 1130 2398 1262 2443; x_wconf 85' lang='lat' dir='ltr'>publice</span> <span class='ocrx_word' id='word_1_362' title='bbox 1283 2397 1489 2442; x_wconf 84' lang='lat' dir='ltr'>appenderat</span> <span class='ocrx_word' id='word_1_363' title='bbox 1509 2396 1545 2429; x_wconf 90' lang='lat' dir='ltr'>in</span> <span class='ocrx_word' id='word_1_364' title='bbox 1569 2396 1722 2431; x_wconf 77' lang='lat' dir='ltr'>Occidua</span> 
     </span>
     <span class='ocr_line' id='line_1_40' title="bbox 289 2440 1722 2487; baseline 0.001 -13"><span class='ocrx_word' id='word_1_365' title='bbox 289 2440 404 2484; x_wconf 89' lang='lat' dir='ltr'>magni</span> <span class='ocrx_word' id='word_1_366' title='bbox 427 2442 540 2484; x_wconf 82' lang='lat' dir='ltr'>templi</span> <span class='ocrx_word' id='word_1_367' title='bbox 561 2445 660 2486; x_wconf 80' lang='lat' dir='ltr'>parte</span> <span class='ocrx_word' id='word_1_368' title='bbox 680 2443 768 2475; x_wconf 86' lang='lat' dir='ltr'>inter</span> <span class='ocrx_word' id='word_1_369' title='bbox 791 2443 874 2476; x_wconf 84' lang='lat' dir='ltr'>duas</span> <span class='ocrx_word' id='word_1_370' title='bbox 896 2443 962 2476; x_wconf 86' lang='lat' dir='ltr'>illic</span> <span class='ocrx_word' id='word_1_371' title='bbox 984 2444 1065 2477; x_wconf 86' lang='lat' dir='ltr'>sitas</span> <span class='ocrx_word' id='word_1_372' title='bbox 1087 2455 1107 2476; x_wconf 89' lang='lat' dir='ltr'>e</span> <span class='ocrx_word' id='word_1_373' title='bbox 1129 2443 1296 2487; x_wconf 86' lang='lat' dir='ltr'>porphyro</span> <span class='ocrx_word' id='word_1_374' title='bbox 1321 2441 1505 2483; x_wconf 86' lang='lat' dir='ltr'>columnas,</span> <span class='ocrx_word' id='word_1_375' title='bbox 1536 2441 1614 2475; x_wconf 89' lang='lat' dir='ltr'>inde</span> <span class='ocrx_word' id='word_1_376' title='bbox 1636 2453 1722 2487; x_wconf 84' lang='lat' dir='ltr'>qno-</span> 
     </span>
     <span class='ocr_line' id='line_1_41' title="bbox 290 2485 1722 2531; baseline 0.002 -13"><span class='ocrx_word' id='word_1_377' title='bbox 290 2497 356 2529; x_wconf 86' lang='lat' dir='ltr'>que</span> <span class='ocrx_word' id='word_1_378' title='bbox 377 2485 541 2527; x_wconf 81' lang='lat' dir='ltr'>detraxit,</span> <span class='ocrx_word' id='word_1_379' title='bbox 573 2497 655 2520; x_wconf 80' lang='lat' dir='ltr'>suae</span> <span class='ocrx_word' id='word_1_380' title='bbox 676 2487 837 2521; x_wconf 86' lang='lat' dir='ltr'>adversus</span> <span class='ocrx_word' id='word_1_381' title='bbox 869 2488 1042 2531; x_wconf 85' lang='lat' dir='ltr'>utriusque</span> <span class='ocrx_word' id='word_1_382' title='bbox 1063 2487 1250 2521; x_wconf 84' lang='lat' dir='ltr'>memoriam</span> <span class='ocrx_word' id='word_1_383' title='bbox 1263 2511 1274 2527; x_wconf 87' lang='lat'>‚</span> <span class='ocrx_word' id='word_1_384' title='bbox 1306 2486 1479 2520; x_wconf 65' lang='lat' dir='ltr'>Michafflis</span> <span class='ocrx_word' id='word_1_385' title='bbox 1500 2485 1658 2521; x_wconf 86' lang='lat' dir='ltr'>videlicet</span> <span class='ocrx_word' id='word_1_386' title='bbox 1679 2497 1722 2521; x_wconf 79' lang='lat' dir='ltr'>ac</span> 
     </span>
     <span class='ocr_line' id='line_1_42' title="bbox 290 2531 1722 2576; baseline 0.001 -12"><span class='ocrx_word' id='word_1_387' title='bbox 290 2531 474 2573; x_wconf 81' lang='lat' dir='ltr'>Germani,</span> <span class='ocrx_word' id='word_1_388' title='bbox 505 2532 692 2576; x_wconf 85' lang='lat' dir='ltr'>obsequens</span> <span class='ocrx_word' id='word_1_389' title='bbox 721 2531 806 2565; x_wconf 84' lang='lat' dir='ltr'>irae.</span> <span class='ocrx_word' id='word_1_390' title='bbox 862 2543 937 2565; x_wconf 81' lang='lat' dir='ltr'>nam</span> <span class='ocrx_word' id='word_1_391' title='bbox 968 2531 1064 2565; x_wconf 83' lang='lat' dir='ltr'>huius</span> <span class='ocrx_word' id='word_1_392' title='bbox 1096 2532 1228 2576; x_wconf 89' lang='lat' dir='ltr'>quidem</span> <span class='ocrx_word' id='word_1_393' title='bbox 1260 2542 1346 2576; x_wconf 90' lang='lat' dir='ltr'>opus</span> <span class='ocrx_word' id='word_1_394' title='bbox 1373 2535 1448 2565; x_wconf 83' lang='lat' dir='ltr'>erat</span> <span class='ocrx_word' id='word_1_395' title='bbox 1477 2536 1722 2566; x_wconf 81' lang='lat' dir='ltr'>monumentum</span> 
     </span>
     <span class='ocr_line' id='line_1_43' title="bbox 293 2575 1721 2620; baseline 0.001 -11"><span class='ocrx_word' id='word_1_396' title='bbox 293 2575 405 2619; x_wconf 84' lang='lat' dir='ltr'>istud,</span> <span class='ocrx_word' id='word_1_397' title='bbox 431 2577 467 2611; x_wconf 91' lang='lat' dir='ltr'>in</span> <span class='ocrx_word' id='word_1_398' title='bbox 497 2576 586 2612; x_wconf 83' lang='lat' dir='ltr'>illius</span> <span class='ocrx_word' id='word_1_399' title='bbox 615 2579 726 2610; x_wconf 88' lang='lat' dir='ltr'>autem</span> <span class='ocrx_word' id='word_1_400' title='bbox 758 2576 1069 2614; x_wconf 85' lang='lat' dir='ltr'>commendationem</span> <span class='ocrx_word' id='word_1_401' title='bbox 1091 2576 1315 2620; x_wconf 82' lang='lat' dir='ltr'>excogitatum</span> <span class='ocrx_word' id='word_1_402' title='bbox 1338 2580 1374 2609; x_wconf 87' lang='lat' dir='ltr'>et</span> <span class='ocrx_word' id='word_1_403' title='bbox 1395 2582 1540 2610; x_wconf 87' lang='lat' dir='ltr'>erectum</span> <span class='ocrx_word' id='word_1_404' title='bbox 1562 2578 1677 2611; x_wconf 80' lang='lat' dir='ltr'>suerat</span> <span class='ocrx_word' id='word_1_405' title='bbox 1698 2588 1721 2611; x_wconf 78' lang='lat' dir='ltr'>a</span> 
     </span>
     <span class='ocr_line' id='line_1_44' title="bbox 294 2621 1720 2666; baseline 0 -11"><span class='ocrx_word' id='word_1_406' title='bbox 294 2622 484 2664; x_wconf 84' lang='lat' dir='ltr'>Germano,</span> <span class='ocrx_word' id='word_1_407' title='bbox 516 2621 708 2665; x_wconf 86' lang='lat' dir='ltr'>significare</span> <span class='ocrx_word' id='word_1_408' title='bbox 738 2621 892 2657; x_wconf 87' lang='lat' dir='ltr'>studente</span> <span class='ocrx_word' id='word_1_409' title='bbox 922 2621 1117 2655; x_wconf 64' lang='lat' dir='ltr'>Michafilem</span> <span class='ocrx_word' id='word_1_410' title='bbox 1150 2622 1234 2655; x_wconf 86' lang='lat' dir='ltr'>urbe</span> <span class='ocrx_word' id='word_1_411' title='bbox 1265 2625 1464 2666; x_wconf 81' lang='lat' dir='ltr'>recuperata</span> <span class='ocrx_word' id='word_1_412' title='bbox 1484 2627 1720 2666; x_wconf 81' lang='lat' dir='ltr'>reparataque,</span> 
     </span>
     <span class='ocr_line' id='line_1_45' title="bbox 293 2665 1721 2712; baseline 0 -12"><span class='ocrx_word' id='word_1_413' title='bbox 293 2677 392 2711; x_wconf 85' lang='lat' dir='ltr'>quam</span> <span class='ocrx_word' id='word_1_414' title='bbox 420 2667 575 2712; x_wconf 83' lang='lat' dir='ltr'>antiquus</span> <span class='ocrx_word' id='word_1_415' title='bbox 605 2666 845 2701; x_wconf 82' lang='lat' dir='ltr'>Constantinus</span> <span class='ocrx_word' id='word_1_416' title='bbox 875 2665 1095 2707; x_wconf 83' lang='lat' dir='ltr'>condidisset,</span> <span class='ocrx_word' id='word_1_417' title='bbox 1129 2666 1236 2699; x_wconf 88' lang='lat' dir='ltr'>eidem</span> <span class='ocrx_word' id='word_1_418' title='bbox 1264 2671 1440 2710; x_wconf 85' lang='lat' dir='ltr'>praeterea</span> <span class='ocrx_word' id='word_1_419' title='bbox 1462 2666 1658 2700; x_wconf 84' lang='lat' dir='ltr'>fortitudine</span> <span class='ocrx_word' id='word_1_420' title='bbox 1678 2677 1721 2700; x_wconf 85' lang='lat' dir='ltr'>ac</span> 
     </span>
     <span class='ocr_line' id='line_1_46' title="bbox 293 2710 1721 2756; baseline 0 -12"><span class='ocrx_word' id='word_1_421' title='bbox 293 2712 420 2755; x_wconf 80' lang='lat' dir='ltr'>pietate</span> <span class='ocrx_word' id='word_1_422' title='bbox 441 2712 598 2753; x_wconf 84' lang='lat' dir='ltr'>similem,</span> <span class='ocrx_word' id='word_1_423' title='bbox 631 2711 718 2746; x_wconf 80' lang='lat' dir='ltr'>actis</span> <span class='ocrx_word' id='word_1_424' title='bbox 740 2711 836 2745; x_wconf 87' lang='lat' dir='ltr'>simul</span> <span class='ocrx_word' id='word_1_425' title='bbox 857 2715 895 2745; x_wconf 87' lang='lat' dir='ltr'>et</span> <span class='ocrx_word' id='word_1_426' title='bbox 914 2710 1094 2745; x_wconf 87' lang='lat' dir='ltr'>virtutibus</span> <span class='ocrx_word' id='word_1_427' title='bbox 1117 2713 1332 2756; x_wconf 84' lang='lat' dir='ltr'>promeritum</span> <span class='ocrx_word' id='word_1_428' title='bbox 1354 2715 1392 2745; x_wconf 89' lang='lat' dir='ltr'>ut</span> <span class='ocrx_word' id='word_1_429' title='bbox 1414 2715 1506 2745; x_wconf 86' lang='lat' dir='ltr'>recte</span> <span class='ocrx_word' id='word_1_430' title='bbox 1527 2711 1561 2745; x_wconf 88' lang='lat' dir='ltr'>in</span> <span class='ocrx_word' id='word_1_431' title='bbox 1582 2711 1721 2756; x_wconf 86' lang='lat' dir='ltr'>imperio</span> 
     </span>
     <span class='ocr_line' id='line_1_47' title="bbox 294 2755 1722 2803; baseline 0.001 -14"><span class='ocrx_word' id='word_1_432' title='bbox 294 2758 407 2793; x_wconf 85' lang='lat' dir='ltr'>vocari</span> <span class='ocrx_word' id='word_1_433' title='bbox 429 2768 533 2792; x_wconf 85' lang='lat' dir='ltr'>novus</span> <span class='ocrx_word' id='word_1_434' title='bbox 557 2757 798 2792; x_wconf 82' lang='lat' dir='ltr'>Constantinus</span> <span class='ocrx_word' id='word_1_435' title='bbox 818 2760 954 2803; x_wconf 84' lang='lat' dir='ltr'>posset,</span> <span class='ocrx_word' id='word_1_436' title='bbox 975 2757 1172 2802; x_wconf 86' lang='lat' dir='ltr'>praesertim</span> <span class='ocrx_word' id='word_1_437' title='bbox 1197 2767 1269 2791; x_wconf 88' lang='lat' dir='ltr'>cum</span> <span class='ocrx_word' id='word_1_438' title='bbox 1291 2757 1503 2792; x_wconf 84' lang='lat' dir='ltr'>Constantini</span> <span class='ocrx_word' id='word_1_439' title='bbox 1526 2755 1722 2803; x_wconf 81' lang='lat' dir='ltr'>appellatio-</span> 
     </span>
    </p>
   </div>
  </div>
 </body>
</html>
