1858 3126
257 172 355 220 786
656 175 972 220 OBSERVAT.
1004 176 1317 242 PAcHYMEn.
1367 182 1370 184 ’

252 298 326 324 usu
345 284 462 323 etiam
485 283 681 323 hodierno
701 285 942 326 Graecorum
961 299 1007 325 ac
1026 286 1292 327 ecclesiasticis
1311 301 1448 329 eorum
1466 290 1588 342 libris,
1617 295 1716 343 qnos

255 342 380 379 editos
405 339 612 390 habemus,
649 349 779 393 patet,
809 344 1076 383 anniversaria
1103 346 1290 384 memoria
1317 347 1445 398 magni
1471 347 1715 387 Constantini

256 397 449 447 simulque
474 398 611 435 matris
641 401 722 436 eius
749 402 786 440 S.
811 400 980 438 Helenae
1006 401 1070 439 die
1103 402 1245 439 mensis
1265 402 1563 442 Maiivicesima
1587 405 1715 456 prima

255 453 442 491 recolitur
461 454 503 491 in
529 455 687 494 ecclesia
706 457 866 497 Graeca.
923 457 1030 495 unde
1047 458 1254 496 verisimile
1274 465 1334 496 est
1360 460 1573 498 traditione
1590 461 1717 500 veteri

256 511 596 562 Constantinopoli
634 519 839 564 acceptum
870 514 941 551 tali
975 514 1038 552 die
1073 515 1156 552 sato
1175 516 1370 553 -sunctum
1398 516 1717 567 Constantinum;

256 567 435 616 quamvis
454 569 635 606 Socrates
655 569 683 611 l.
706 573 724 610 1
747 569 847 610 Hist.
864 570 968 608 Eccl.
988 584 1021 612 c.
1042 574 1095 612 26
1117 571 1258 609 diserte
1284 572 1431 610 scribat
1450 573 1560 610 illum
1581 573 1718 611 obiisse

254 627 309 664 22
318 623 424 672 Maii,
436 624 658 676 ἐτελεύτησε
672 625 851 675 inquiens
865 630 918 681 τῇ
937 626 1098 682 δευτέρᾳ
1114 627 1180 667 καὶ
1199 625 1331 668 εἰκάδι
1345 632 1418 668 τοῦ
1428 630 1570 669 Μαΐου
1581 626 1718 681 μηνός.

367 681 413 719 Π.
474 681 533 718 Ex
551 679 612 718 his
629 682 736 732 sequi
754 683 915 720 videtur
931 680 1136 735 imperium
1156 682 1354 722 Michaelis
1370 685 1534 724 iunioris
1555 686 1717 724 Palaeo-

255 736 332 787 logi
363 750 386 773 a
418 749 550 774 mense
580 737 681 775 Maio
709 740 798 776 anni
831 739 976 777 Christi
1002 740 1109 781 1294
1138 740 1362 792 procedere.
1418 742 1486 780 sed
1517 741 1612 779 huic
1640 742 1715 780 ob-

255 799 335 831 stat
357 793 465 843 quod
487 793 744 844 Pachymeres
764 809 802 846 p.
823 796 900 837 561
935 810 976 837 v,
997 799 1047 837 13
1081 796 1359 835 duodecimum
1379 797 1575 836 Michaelis
1599 797 1717 837 huius

255 863 402 888 annum
428 863 517 888 cum
539 850 757 890 Andronici
786 852 909 903 patris
933 852 1054 903 ipsius
1081 854 1199 891 tertio
1216 867 1334 905 supra
1358 855 1584 893 vicesimum
1606 868 1717 893 com-

253 913 381 959 parat.
441 920 530 945 cum
560 913 715 958 autem,
745 913 792 945 ut
823 921 858 946 c.
879 907 1022 946 harum
1046 909 1373 949 Observationum
1400 912 1529 963 primo
1552 911 1718 950 demon-

252 963 486 1011 stravimus,
528 964 634 1002 solus
666 965 858 1015 imperare
886 965 1136 1003 Andronicus
1170 967 1344 1018 coeperit
1372 968 1444 1005 sub
1476 968 1595 1006 finem
1625 967 1718 1006 anni

255 1019 401 1058 Christi
427 1022 547 1068 1282,
577 1021 684 1059 unde
712 1027 770 1058 est
784 1034 1022 1071 consequens
1039 1028 1085 1059 ut
1104 1036 1207 1060 anno
1229 1023 1374 1061 Christi
1395 1023 1502 1066 1294
1523 1023 1717 1062 duodeci-

255 1090 363 1114 mum
382 1077 413 1114 is
435 1076 587 1127 imperii
616 1091 762 1116 annum
790 1079 929 1128 egerit,
960 1078 1014 1115 sic
1038 1080 1286 1116 manifestum
1305 1085 1384 1129 est,
1414 1079 1446 1116 si
1474 1080 1623 1130 primus
1638 1080 1717 1118 Mi-

255 1133 398 1170 chaelis
421 1134 512 1170 'clim
538 1134 658 1184 patris
684 1135 765 1172 eius
783 1134 1016 1172 duodecimo
1038 1141 1311 1186 concurreret,
1343 1135 1618 1175 duodecimum
1638 1136 1716 1175 Mi-

257 1189 401 1227 chaelis
426 1190 602 1227 ‘eiusdem
631 1204 719 1229 cum
742 1190 954 1228 Andronici
975 1191 1159 1229 vicesimo
1186 1198 1328 1242 quarto
1353 1191 1470 1229 suisse
1499 1205 1719 1231 concursu-

255 1260 360 1284 rum.
415 1247 506 1296 'e'rgo
534 1254 582 1284 ut
609 1247 863 1285 duodecimus
885 1246 1082 1285 Michaelis
1103 1247 1318 1286 Andronici
1344 1248 1549 1286 vicesimus
1572 1249 1718 1287 tertius

255 1305 326 1351 sit,
356 1303 626 1354 'promovenda
656 1304 872 1341 necessario
901 1309 957 1341 est
985 1303 1026 1341 in
1057 1317 1203 1342 annum
1228 1305 1547 1355 praecedentem,
1574 1305 1718 1343 Christi

256 1362 377 1407 1293,
401 1358 617 1398 Andronici
637 1360 901 1406 undecimum,
923 1359 1071 1412 epocha
1089 1361 1332 1412 principatus
1349 1360 1569 1410 Michaelis3
1597 1368 1638 1400 et
1657 1363 1718 1400 sa·-

255 1414 420 1453 tendum
442 1422 534 1453 ante
555 1417 849 1455 coronationem
870 1417 1094 1464 solemnem,
1123 1430 1222 1466 quae
1241 1430 1344 1455 anno
1363 1417 1509 1456 Christi
1529 1419 1635 1460 1294
1651 1430 1718 1455 ce-

254 1471 402 1508 lebrata
424 1478 494 1520 est,
523 1472 601 1510 iam
621 1473 731 1511 illum
747 1487 768 1510 a
788 1479 900 1525 patre
919 1473 1112 1511 adscitum
1129 1474 1245 1511 fuisse
1261 1474 1303 1512 in
1320 1474 1562 1512 consortium
1579 1475 1718 1526 Augu—

256 1532 340 1564 stae
359 1529 576 1578 potestatis.
634 1538 707 1567 'nec
728 1530 827 1567 illud
843 1543 1005 1582 prorsus
1024 1529 1281 1581 Pachymeres
1305 1530 1448 1569 tacuit:
1477 1543 1567 1568 nam
1594 1531 1637 1568 in
1658 1530 1715 1567 ti-

256 1583 342 1620 tulo
368 1597 400 1621 c.
424 1582 450 1622 4
469 1584 496 1620 l.
514 1587 539 1624 3
565 1584 793 1624 Michaelem
813 1587 890 1624 iam
909 1592 993 1624 tum
1013 1585 1232 1636 Augustum
1252 1587 1445 1624 iuniorem
1465 1591 1595 1634 vocat,
1624 1598 1716 1624 cum

119 1642 145 1674 P
169 1641 236 1676 569
260 1639 310 1676 de
335 1639 416 1677 eius
439 1639 688 1678 matrimonio
707 1647 950 1680 tractaretur
980 1642 1092 1690 longe
1116 1649 1207 1678 ante
1235 1643 1446 1680 adductam
1466 1654 1516 1679 ex
1531 1642 1716 1680 Armenia

256 1689 442 1744 Mariam,
472 1708 589 1745 quam
609 1697 750 1734 deinde
770 1698 897 1735 duxit.
955 1698 1139 1735 credibile
1159 1698 1276 1747 igitur
1301 1705 1359 1735 est
1378 1699 1455 1736 iam
1477 1711 1498 1734 a
1523 1698 1715 1750 principio

257 1753 349 1789 anni
373 1751 518 1789 Christi
542 1756 648 1795 1293
669 1752 899 1791 Michaelem
928 1752 976 1791 ab
995 1754 1222 1791 Andronico
1246 1760 1360 1805 patre
1389 1754 1506 1792 fuisse
1530 1754 1715 1806 collegam

257 1812 513 1859 assumptum.

368 1863 432 1904 ΙΙΙ.
491 1865 539 1902 Et
558 1864 605 1903 fit
628 1862 727 1904 illud
745 1872 837 1904 sane
856 1862 1064 1903 verisimile
1085 1875 1136 1903 'ex
1157 1866 1295 1903 aetatis
1315 1866 1510 1904 mentione
1529 1877 1608 1917 qua
1627 1866 1717 1905 obi-

258 1927 320 1959 ter
339 1921 487 1959 indicat
501 1921 712 1960 historicus
731 1923 940 1961 invitatum
963 1922 1233 1960 Andronicum
1253 1923 1302 1960 ad
1318 1923 1718 1976 imperatoriae-com.

257 1978 564 2016 municationem
579 1978 779 2029 dignitatis
795 1979 875 2016 filio
892 1976 1048 2016 abunde
1066 1979 1142 2016 iam
1160 1979 1295 2017 adulto
1313 1993 1393 2017 non
1409 1979 1512 2018 ultra
1529 1974 1716 2018 differen-

261 2034 363 2072 dam.
421 2033 559 2072 scribit
578 2035 658 2073 illic
682 2035 866 2074 videlicet
882 2030 1138 2086 pachymeres
1156 2036 1241 2086 ipso
1256 2036 1437 2087 protinus
1455 2036 1630 2086 ingressu
1651 2037 1676 2076 l.
1689 2038 1715 2077 3

256 2103 298 2140 p.
313 2090 392 2132 195
412 2103 450 2128 v.
464 2093 504 2140 1,
533 2090 617 2131 ἐπεὶ
639 2087 680 2132 δ’
696 2088 880 2139 ἀντίπαις
896 2086 950 2143 ’ἦν
969 2090 992 2132 ὅ
1011 2089 1102 2140 νῖὁς
1119 2091 1286 2144 Mezada.
1303 2089 1383 2144 ἤδη
1409 2094 1466 2146 τῷ
1485 2093 1639 2144 βασιλεῖ
1649 2088 1716 2132 καὶ

257 2143 325 2186 τὸν
336 2143 438 2198 ὑπὲρ
455 2144 521 2187 τὸν
538 2146 692 2200 ἔφηβον
701 2146 888 2200 ἤλαυνενι
919 2150 1112 2199 quoniam
1132 2163 1223 2185 vero
1246 2156 1331 2186 erat
1349 2150 1583 2199 imperatori
1589 2149 1716 2199 filius·

259 2204 344 2238 iam
364 2203 476 2239 ultra
491 2203 679 2254 puberem
697 2204 868 2242 adultus
889 2212 1059 2242 aetatem
1077 2205 1266 2244 ΜὶεΙιαέί.
1306 2201 1536 2252 οἷντίπαιδες
1559 2204 1716 2242 Graecis

259 2257 407 2308 ἔφηβοι
434 2258 623 2298 dicuntur
650 2261 914 2298 adolescentes
940 2266 1086 2298 annum
1113 2261 1249 2298 aetatis
1271 2261 1505 2311 supergressi
1529 2265 1716 2310 quartum

261 2313 466 2355 decimum.
526 2316 637 2366 atqui
658 2323 718 2355 sat
740 2317 855 2368 longo
872 2317 1080 2355 intervallo
1101 2323 1332 2368 provectum
1355 2317 1520 2354 ulterius
1540 2310 1716 2354 Michae-

260 2369 337 2406 lem
365 2368 442 2406 hoc
467 2372 645 2422 tempore
674 2368 875 2423 oportuit,
907 2387 997 2411 cum
1017 2386 1104 2410 eum
1128 2379 1198 2411 aut
1226 2387 1330 2411 anno
1352 2372 1494 2409 Christi
1516 2369 1622 2414 1273
1646 2378 1717 2410 aut

264 2437 346 2462 non
367 2425 493 2463 multo
516 2433 606 2476 post
624 2435 761 2466 natum
783 2429 900 2466 fuisse
919 2430 970 2467 sit
986 2429 1205 2467 verisimile.
1261 2438 1352 2466 nam
1371 2426 1619 2466 Andronicus
1635 2428 1717 2466 eius

263 2487 378 2532 pater
400 2483 559 2533 nuptias
581 2493 670 2521 cum
691 2486 773 2522 eius
793 2491 916 2523 matre
938 2484 1148 2523 celebravit
1166 2492 1269 2523 anno
1291 2483 1433 2522 Christi
1456 2483 1573 2532 1272,
1601 2484 1716 2534 iuxta

262 2536 416 2576 dudum
427 2551 448 2574 a
466 2533 577 2576 nobis
596 2541 810 2578 constituta
821 2541 848 2592 l.
861 2545 885 2582 3
898 2541 1073 2590 priorum
1085 2542 1248 2579 Observ.
1261 2553 1293 2580 c.
1307 2543 1344 2581 8.
1362 2552 1553 2590 ponamus
1569 2540 1716 2578 Christi

265 2593 375 2635 1274
395 2599 484 2641 aut,
517 2604 596 2646 quo
617 2595 687 2634 vix
713 2596 843 2633 recedi
863 2597 1027 2634 ulterius
1049 2602 1197 2647 potest,
1229 2595 1334 2636 1275
1361 2601 1493 2634 ortum
1520 2596 1563 2633 in
1588 2596 1715 2634 lucem

264 2648 478 2688 Andronici
503 2651 802 2702 primogenitUm
824 2651 1064 2704 Michaelem.
1119 2653 1196 2690 iam
1221 2664 1311 2702 ergo
1339 2651 1497 2701 quando
1514 2651 1716 2691 Androni-

264 2716 332 2743 cus
363 2705 512 2757 imperii
536 2707 786 2746 undecimum
819 2707 964 2746 Christi
995 2719 1100 2745 anno
1130 2710 1236 2750 1298
1270 2708 1523 2756 numerabat,
1551 2708 1716 2746 Michael

263 2761 401 2799 saltem
417 2769 599 2802 octavum
623 2764 817 2803 decimum
835 2765 939 2802 vitae
964 2776 1110 2802 annum
1130 2764 1321 2814 attigerat.
1378 2763 1484 2802 unde
1502 2778 1618 2803 causa
1634 2776 1716 2803 non

263 2823 349 2854 erat
372 2820 444 2856 c'ur
465 2819 640 2859 differret
658 2828 770 2873 pater
786 2821 1015 2873 iampridem
1034 2821 1234 2859 decretam
1250 2821 1333 2859 eius
1354 2821 1656 2874 assumptionem
1672 2821 1716 2859 in
