1820 3112
196 156 263 203 90
620 158 856 203 GEORGII
898 159 1251 205 PACHYMERIS

144 284 177 319 E:
201 273 342 322 ποὸος.
413 276 540 327 συνῆν
568 272 613 314 δὲ
643 274 710 314 καὶ
732 276 848 315 πᾶσα
874 277 955 315 τῶν
977 273 1194 330 ἀρχιερέων
1215 267 1422 333 ὁμήγυρις.
1493 271 1600 332 ’ἦσαν
1621 278 1668 321 δὲ

191 343 258 383 καὶ
287 341 325 383 οἳ
354 344 429 394 τῆς
457 342 671 395 ἐκκλησίας
705 343 771 383 καὶ
800 344 973 396 μοναχοὶ
1002 347 1209 396 πλεῖστοι,
1255 345 1322 386 καὶ
1347 349 1431 388 τῶν
1450 348 1604 389 λαϊκῶν
1624 347 1664 389 οἱ

193 407 407 464 ἐλλόγιμοι.
479 408 548 466 ἐφ’
586 407 647 459 οἷς
675 408 947 466 προυκάθητο
977 410 1193 464 βασιλεύς,
1241 414 1310 454 καὶ
1352 412 1465 470 ἄμφ’
1513 416 1662 457 ἐκεῖνον

190 473 295 533 ἦσαν
317 475 407 519 ὅσοι
437 494 479 520 τε
510 482 593 520 τῶν
620 477 872 534 μεγιστάνων
903 481 968 521 καὶ
993 480 1133 535 τὸτῆς
1159 478 1388 536 συγκλήτου
1415 479 1525 525 ἅπαν
1547 501 1662 539 περι-

190 546 329 602 φανές.
399 541 450 601 ἦν
478 547 522 589 δὲ
557 549 623 588 καὶ
656 545 677 590 ὃ
714 548 837 602 μέγας
867 549 1116 603 λογοθέτης,
1159 549 1212 591 τὰ
1243 554 1388 605 πρῶτα
1418 554 1502 593 τῶν
1528 559 1694 595 συνει-5

190 615 418 670 λεγμένων,
457 612 621 669 συνάμα
655 614 888 674 πατριάρχῃ
920 616 1219 671 ἀναδεξάμενος
1249 618 1301 660 τὰ
1333 623 1408 673 τῆς
1434 619 1658 670 διαλέξεως.

190 684 254 726 ἐπὶ
289 682 451 733 τούτοις
479 682 500 727 ὅ
533 688 608 738 τῆς
641 686 853 740 ἐκκλησίας
881 683 1044 743 ῥήτωρ,
1095 685 1138 735 ὃς
1165 687 1216 741 δὴ
1253 688 1320 728 καὶ
1349 690 1433 730 τῶν
1462 686 1661 744 διαλόγων

71 759 100 794 P
124 759 170 795 57
195 750 434 808 κατήρχετο.
505 751 628 811 (35)
666 754 733 796 καὶ
757 755 855 795 “‘lva
876 754 948 796 τί”
976 755 1124 811 φησίν,
1154 750 1221 797 “ὦ
1253 750 1374 805 οὗτος
1384 788 1398 808 ,
1433 753 1568 812 ὖγρῶν
1587 756 1660 800 οὗ·

190 825 275 864 σῶν
293 823 359 864 καὶ
381 821 439 864 ἔτι
462 825 545 864 τῶν
577 826 661 865 σῶν
690 826 911 876 συλλαβῶν
932 823 1002 880 ἐφ’
1031 821 1092 873 οἷς
1115 821 1333 879 ὡμολόγεις
1363 822 1574 881 ἐσφάλθαι
1593 827 1662 868 καὶ

192 888 435 946 συγγνώμην
464 889 613 945 ἐζήτεις
645 892 710 933 καὶ
742 893 988 946 παραίτησιν
1009 893 1173 945 ἐποιοῦ,
1212 891 1390 948 σήμερον
1412 892 1659 948 ἀναλαμβά-
1673 907 1717 942 10

190 975 271 1008 νεις
291 959 343 1002 τοὶ
363 958 655 1014 ὡμολογημένα
676 961 742 1002 καὶ
764 959 997 1003 ἀδικεῖσθαι
1015 962 1239 1018 διισχυρίζῃ
1251 995 1265 1014 ,
1301 961 1405 1005 ὥστε
1427 964 1496 1004 καὶ
1517 960 1661 1022 τοιαύ-

192 1044 268 1083 την
297 1028 348 1083 δὴ
376 1029 442 1070 καὶ
470 1026 677 1083 τοσαύτην
713 1033 1048 1085 συγκροτηθῆναι
1074 1029 1148 1084 τὴν
1177 1034 1395 1084 παροῦσαν
1423 1028 1659 1087 σύνοδον,·”

136 1102 165 1137 Β
196 1095 323 1139 “fin”
356 1098 457 1153 φησὶ
486 1095 664 1152 ((λόγους
695 1098 882 1153 πατέρων
913 1096 1091 1147 εἰπόντες
1119 1100 1186 1140 καὶ
1217 1097 1337 1154 λόγον
1369 1097 1660 1153 ἀπαιτούμενοι

190 1166 281 1221 περὶ
314 1164 471 1208 τούτων
499 1164 640 1219 ἡμεῖς,
679 1165 803 1208 ἄλλον
830 1167 905 1220 μὲν
938 1164 1089 1215 εἷδότες
1121 1166 1262 1223 καιρὸν
1292 1166 1364 1210 τὸν
1389 1172 1463 1222 τῆς
1498 1169 1658 1211 ἐκείνων

192 1232 476 1286 ἀναπτύξεως,
514 1234 639 1277 ἄλλον
669 1235 714 1277 δὲ
743 1234 816 1277 τὸν
851 1232 943 1277 τότε
975 1233 1182 1290 παρόντα,
1219 1233 1433 1292 εἰρηνεύειν
1465 1236 1658 1286 θέλ-οντες
1671 1249 1713 1284 15

190 1301 342 1358 μόνον,
389 1302 559 1359 ἀφέντες
584 1303 636 1345 τὰ
668 1301 805 1345 πάντα
834 1302 955 1346 ταῦτ’
989 1302 1270 1359 ἐπράττομεν,
1326 1303 1374 1347 οὗ
1404 1304 1487 1360 μὴν
1515 1306 1562 1347 δὲ
1592 1306 1660 1348 καὶ

191 1370 294 1414 ὥστε
316 1372 412 1421 τοὺς
439 1371 716 1425 βουλομένους
743 1374 980 1427 ἐργολαβεῖν
1003 1374 1070 1414 καὶ
1100 1371 1330 1428 περιάπτειν
1351 1370 1449 1427 ἡμῖν
1469 1373 1662 1430 αἱρέσεως

139 1448 170 1481 C
194 1439 418 1495 Ξγκλημα.”
454 1442 521 1482 καὶ
546 1440 619 1483 τὸν
641 1438 760 1496 λόγον
782 1438 1046 1495 ἀναλαβόντα
1065 1440 1136 1483 τὸν
1157 1439 1412 1526 πατριάρχην
1432 1445 1473 1485 Γ
1470 1439 1659 1498 ρηγόριον

191 1510 292 1550 “nai
314 1511 356 1551 τί
377 1525 421 1565 γε
446 1509 492 1551 τὸ
515 1507 774 1563 δοξάμενον”
797 1507 925 1565 φάναι
949 1514 1070 1559 “τοΐς
1090 1527 1196 1566 αμφι
1217 1527 1288 1565 oe,-
1301 1510 1326 1530 ’'
1361 1527 1468 1565 ησαν
1483 1510 1562 1566 γὰρ
1583 1510 1660 1554 miv

189 1575 325 1636 {nimy
345 1579 412 1620 καὶ
433 1577 472 1620 οἳ
490 1576 618 1620 πάλαι
642 1576 941 1635 ἇρχιδιάκονοι,
980 1576 1002 1621 ὅ
1026 1596 1069 1621 τε.
1090 1577 1403 1635 Μελιτηνιῶτης
1429 1581 1716 1624 Κωνσταν·2ῡ

284 1675 339 1710 10.
362 1672 499 1721 ἐξῄτεις
522 1675 560 1709 Ρ.

190 1757 400 1799 aegrotaret,
419 1754 655 1788 decumbens'
645 1766 681 1789 ιιι
702 1755 826 1790 lectulo
848 1757 1017 1809 portatur.
1063 1756 1147 1790 ordo
1170 1755 1348 1791 universus
1369 1754 1554 1791 antistitum
1576 1766 1658 1790 con-

191 1801 298 1840 venit.
323 1813 387 1835 nec
410 1799 527 1834 clerici
549 1800 693 1843 desunt,
718 1814 781 1836 nec
803 1801 959 1846 plerique
979 1804 1237 1846 monachorum,
1262 1814 1325 1836 nec
1347 1802 1508 1836 laieorum
1530 1801 1658 1854 quique

190 1847 376 1882 lectissimi.
424 1846 478 1880 his
501 1847 725 1900 praesidebat
745 1848 948 1892 imperator,
985 1848 1076 1882 circa
1099 1860 1137 1883 se
1159 1849 1287 1883 habens
1309 1853 1508 1883 summatum
1530 1847 1656 1892 primo-

192 1906 249 1928 res
283 1898 319 1927 et
349 1897 487 1927 senatus
519 1892 634 1938 capita
662 1893 739 1939 ipsa
772 1905 813 1928 ac
845 1893 1020 1928 columina.
1067 1894 1101 1928 in
1133 1894 1248 1939 primis
1279 1894 1449 1929 eminebat
1469 1893 1655 1947 logotheta,

192 1950 272 1974 suas
303 1939 339 1973 in
373 1939 538 1984 colloquio
571 1939 670 1973 simul
697 1951 771 1973 cum
803 1940 1001 1984 patriarcha
1033 1944 1147 1983 partes
1169 1940 1334 1975 obiturus.
1379 1939 1490 1986 prima
1511 1938 1658 1973 omnium

193 1997 262 2019 vox
308 1985 423 2018 extitit
466 1985 631 2019 ecclesiae
676 1985 824 2020 rhetoris
866 1987 1014 2022 Veccum
1050 1986 1087 2020 in
1131 1987 1218 2020 haec
1260 1986 1370 2021 verba
1415 1985 1656 2030 compellantis.

194 2031 276 2075 (35)
301 2031 472 2071 Quorsum
494 2031 578 2065 heus
601 2036 652 2073 tu,
674 2032 770 2066 salvo
794 2031 906 2066 adhuc
929 2035 965 2065 et
987 2037 1126 2066 extante
1148 2032 1260 2066 libello
1286 2031 1542 2086 supplicationis
1564 2034 1658 2073 tuae,

193 2088 259 2122 quo
282 2088 415 2110 errasse
438 2082 474 2110 te
498 2078 671 2112 confessus
697 2077 829 2112 veniam
859 2078 1022 2122 poscebas
1046 2078 1334 2133 renuntiabasque
1357 2077 1533 2123 dignitati,
1555 2075 1658 2121 hodie

192 2122 333 2156 resumis
369 2134 457 2167 quae
487 2123 552 2156 rite
589 2124 768 2169 stipulatus
792 2124 1034 2166 abdicaveras,
1067 2130 1102 2158 et
1136 2125 1262 2159 iniuste
1290 2127 1403 2158 actum
1436 2127 1548 2158 tecum
1578 2133 1656 2157 sero

193 2169 329 2202 tandem
352 2169 537 2209 contendis,
560 2170 797 2215 principesque
822 2170 965 2214 coegisti
992 2170 1081 2204 hanc
1103 2171 1207 2204 talem
1230 2175 1428 2215 tantamque
1450 2179 1574 2203 causae
1595 2166 1657 2202 isti

194 2215 447 2258 cognoscendae
479 2226 689 2259 congregare
715 2216 907 2260 synodum2
953 2216 1047 2256 Quia
1077 2228 1177 2270 quam
1209 2227 1375 2251 memoras
1407 2213 1656 2249 abdicationem

192 2271 259 2294 non
284 2271 324 2294 eo
347 2271 414 2313 qup
440 2261 580 2293 credere
604 2261 739 2305 quidam
770 2263 927 2296 videntur
952 2262 1093 2296 fecimus
1116 2262 1238 2296 animo.
1285 2260 1499 2296 vexationem
1529 2258 1657 2304 quippe

193 2306 371 2339 dumtaxat
390 2305 663 2349 intempestivam
687 2319 749 2352 per
780 2308 869 2341 illam
892 2308 1057 2342 voluimus
1082 2309 1266 2349 redimere,
1300 2307 1433 2340 minime
1454 2307 1584 2346 autem,
1616 2306 1658 2337 ut

193 2363 257 2386 vos
280 2351 428 2395 putatis,
458 2351 693 2396 praeiudicare
722 2353 902 2398 quidquam
935 2354 1026 2388 circa
1055 2355 1187 2398 dogma.
1233 2353 1349 2397 itaque
1369 2350 1496 2384 invidia
1517 2349 1628 2383 inde
1618 2360 1656 2383 ιιι

192 2409 255 2431 nos
279 2396 424 2430 conflata
447 2397 536 2441 quod
560 2401 692 2442 patrum
716 2399 807 2432 dicta
841 2400 1013 2443 probando
1038 2400 1313 2452 protulissemus,
1344 2408 1417 2430 cum
1450 2408 1490 2430 eo
1521 2394 1656 2429 nomine

192 2454 327 2477 causam
350 2442 552 2476 tumultuose
575 2443 766 2477 iuberemur
788 2444 913 2485 dicere,
941 2456 1002 2478 nos
1028 2449 1228 2488 reputantes
1249 2444 1283 2477 in
1303 2423 1369 2476 illis
1391 2441 1552 2476 fluctibus
1575 2451 1655 2475 con-

191 2488 363 2523 citationis
406 2488 578 2533 popularis
620 2489 728 2522 locum
765 2489 855 2523 haud
894 2471 968 2523 fore
1005 2490 1206 2534 tranquillae
1239 2488 1451 2531 indagationi
1488 2486 1657 2529 veritatis,

193 2535 352 2590 aliudque
376 2535 419 2567 ab
443 2534 507 2567 hoc
529 2535 774 2578 expectandum
796 2538 946 2580 tempus,
971 2546 1037 2580 quo
1059 2535 1147 2568 istae
1171 2534 1434 2578 dogmaticarum
1458 2537 1657 2567 controver-

192 2580 317 2615 siarum
342 2580 585 2625 perplexitates
607 2579 737 2614 utiliter
761 2580 1021 2624 evolverentur,
1057 2580 1185 2614 cunctis
1218 2579 1346 2613 omissis
1379 2591 1422 2613 ea
1454 2589 1543 2624 quae
1571 2577 1657 2612 dicis

194 2627 347 2667 fecimus,
370 2629 491 2671 sponte
513 2627 672 2659 honorem
696 2626 915 2669 abdicantes,
949 2637 1015 2660 non
1047 2630 1160 2659 tamen
1182 2637 1244 2670 per
1266 2626 1331 2659 hoc
1353 2635 1468 2659 ansam
1490 2624 1657 2669 praebere

194 2672 375 2707 arbitrario
397 2671 633 2706 insultantibus
663 2671 817 2705 volentes
848 2683 924 2706 reos
955 2683 1017 2705 nos
1040 2671 1167 2705 erroris
1189 2671 1371 2716 peragendi
1394 2675 1430 2705 et
1450 2669 1657 2716 impingeudi

194 2718 293 2752 nobis
328 2719 452 2752 crimen
483 2719 675 2752 haereseos.
721 2717 791 2752 Ηίο
820 2718 1013 2762 patriarcha
1036 2716 1227 2761 Gregorius
1254 2728 1440 2751 sermonem
1463 2726 1655 2760 occupans·

194 2765 271 2808 quis
294 2767 418 2805 autem,
440 2763 560 2809 inquit,
583 2765 700 2798 horum
722 2763 782 2809 qui
805 2768 883 2798 sunt
898 2763 991 2798 circa
1012 2767 1049 2797 te
1073 2763 1116 2797 de
1137 2763 1294 2807 dogmate
1315 2773 1435 2798 sensus
1457 2762 1536 2795 est?
1558 2763 1657 2796 erant

194 2809 317 2855 quippe
351 2821 426 2845 cum
457 2811 570 2847 Vecco
603 2809 771 2856 quondam
810 2809 1044 2845 archidiaconi
1076 2809 1306 2845 Meliteniotes
1337 2807 1580 2844 Constantinus
1618 2811 1657 2842 et
