1858 3126
385 165 462 207 DE
494 162 827 207 ANDROMCO
867 161 1244 206 PALAEOLOGO
1280 163 1326 206 L.
1350 163 1407 206 V.
1546 162 1645 207 405

180 291 306 323 πουσι
321 278 425 334 πρὸς
443 277 515 320 τὸν
537 273 726 331 τηνικάδε
745 279 828 319 τῶν
844 273 1080 328 Ῥωμαϊκῶν
1102 272 1324 332 ταγμάτων
1350 274 1530 331 ἤρχοντα
1552 293 1647 331 πρι-

180 345 370 403 μικὴριον
392 347 435 397 ἐξ
458 344 692 399 ἀξιώματος
712 349 787 399 τῆς
806 343 949 397 αὗλῆς.
1020 346 1088 386 καὶ
1109 345 1254 394 νυκτὸς
1272 346 1420 395 ἐκεῖνος
1437 345 1538 388 λαὸν
1554 345 1646 387 ἱκα-

182 416 253 460 νὸν
282 412 647 469 ἔξετοιμασιὶμενος
673 411 921 468 προσβάλλει
944 415 1004 469 τῷ
1032 415 1241 470 φρουρίῳ,
1285 415 1352 455 καὶ
1377 413 1562 470 ἔμφανὴς
1594 409 1648 467 ἦν

181 491 269 534 τοῖς
288 485 364 538 μὲν
382 480 722 537 προσδοκώμενος
740 488 825 531 τοῖς
853 479 898 523 δ’
919 478 1244 535 ἀπροσδόκητος.
1313 480 1414 524 ὅθεν
1428 485 1495 524 καὶ
1516 482 1556 525 οἱ
1570 483 1644 535 μὲν

147 562 171 595 5
183 552 367 606 ἀσμένως
397 551 583 606 δέχονται
612 554 784 602 τοῦτον,
821 555 908 598 τοῖς
926 548 971 591 δ’
994 549 1211 605 ἐφίσταται
1230 551 1494 603 κοιμωμένοις
1514 550 1645 601 δεινὸς

181 621 360 678 ὄνειρος,
397 622 465 663 καὶ
487 621 677 662 ἐντεῦθεν
698 619 938 660 διατεθείκει
958 621 1070 672 σφᾶς
1089 617 1141 659 τὰ
1159 615 1413 672 παγχάλεπα.

320 690 397 734 17.
464 686 513 731 ‘O
538 688 676 742 με’ντοι
702 704 745 743 γε
772 686 966 740 βασιλεὺς
982 686 1157 741 ΙΙΊιχαὴλ
1179 686 1327 742 ῥαΐσας
1343 690 1420 740 τῆς
1435 683 1559 728 νόσου
1581 686 1639 730 z'n
1663 691 1692 724 Β

179 758 254 812 μὲν
283 757 398 812 παρὰ
426 763 517 806 ταῖς
534 759 697 812 Πηγαῖς
712 751 762 810 ἦν
773 788 786 807 ,
821 756 887 797 καὶ
909 759 968 813 τῷ
983 753 1146 814 μεγάλῳ
1169 757 1284 797 δουκὶ
1303 752 1577 809 προσελθόντι
1599 756 1641 796 ἐκ

180 831 255 870 τοῦ
273 825 379 869 κατὰ
396 824 472 880 τὴν
493 823 669 876 Κύζικον
688 828 772 866 τῶν
789 823 901 880 ἄμφ’
928 821 1055 866 αὗτὸν
1077 825 1289 876 κυδοιμοῦ,
1318 823 1386 879 ἐφ’
1407 817 1515 882 ᾧπερ
1535 823 1642 866 κατὰ

126 896 226 938 10τὸ
247 894 352 944 εἰκὸς
372 893 586 948 ἆπονείμαι
601 894 675 947 μὲν
694 892 768 947 τὴν
787 890 1073 947 προσκύνησιν,
1098 890 1299 935 ἀπολαύοι
1318 892 1367 935 δέ
1379 909 1422 947 γε
1443 897 1518 947 τῆς
1539 892 1642 942 θέας

178 961 379 1006 δεσπότου
412 964 583 1014 δοῦλος,
614 961 772 1014 ἄβατος
798 956 848 1015 ἦν
874 958 900 1014 ἦ
930 959 1046 1011 πόλις
1066 961 1113 1004 τὸ
1136 958 1333 1017 παράπαν
1353 962 1396 1011 ἐξ
1417 958 1640 1016 ἐπιτάγμα-

177 1045 271 1080 τος·
305 1031 358 1073 τὰ
384 1030 463 1086 γὰρ
493 1029 536 1081 ἔξ
561 1027 742 1085 ὖπογύου
762 1029 1003 1084 πραχθέντα
1024 1029 1128 1085 παρ’
1146 1029 1318 1080 Ἰταλοῖς
1338 1029 1443 1071 κατὰ
1463 1027 1641 1081 Κύζικον

177 1101 244 1142 καὶ
261 1100 352 1142 λίαν
369 1097 510 1142 ὠδύνα
526 1098 597 1141 τὸν
618 1097 791 1152 βασιλεά
808 1095 1027 1141 ἀνάπυστά
1045 1099 1085 1141 οἱ
1104 1096 1310 1154 γεγονότα,
1339 1099 1406 1140 καὶ
1424 1098 1493 1140 διὰ
1515 1102 1639 1140 τοῦτο

177 1170 245 1212 καὶ
262 1168 339 1222 τὴν
359 1167 462 1222 πρὸς
484 1168 633 1210 ἐκεῖνον
657 1165 820 1221 ὁμιλίαν
846 1166 1142 1222 ἀπέστραπται.
1212 1166 1291 1222 ἤδη
1320 1167 1365 1208 δὲ
1395 1167 1462 1208 καὶ
1487 1167 1639 1216 τελείας

120 1246 166 1281 15
177 1237 322 1288 ἐπιβὰς
350 1234 509 1291 ὖγείας,
544 1233 709 1289 συνάμα
734 1239 786 1292 τῇ
803 1233 1030 1292 Αὖγούστῃ
1050 1240 1100 1292 τῇ
1120 1234 1270 1278 ἑαυτοῦ
1280 1268 1294 1287 ‚
1330 1235 1413 1277 ἐπεὶ
1435 1237 1503 1277 καὶ
1528 1234 1635 1290 αὕτη
1660 1250 1686 1284 p
1714 1253 1780 1288 2³82

177 1309 305 1359 συνῆν
323 1305 457 1363 ἐκείνῳ
482 1304 588 1346 κατὰ
606 1304 681 1353 τὰς
699 1304 846 1358 Πηγὰς
864 1302 1166 1358 ἀπαντήσασα,
1201 1306 1508 1359 διαπεραιοῦται
1530 1304 1637 1346 κατὰ

177 1371 307 1416 δύσιν.
377 1374 444 1414 καὶ
473 1372 542 1428 ἐφ’
563 1370 732 1427 ἡμέραις
746 1379 832 1421 τοῖς
854 1372 958 1414 κατὰ
988 1370 1104 1414 δυ’σιν
1121 1374 1286 1428 χωρίοις
1304 1370 1635 1426 ἐναυλισάμενος,

177 1443 262 1483 ἐπεὶ
290 1440 370 1483 ἔδει
397 1441 464 1482 καὶ
494 1438 704 1494 ἐπανήκειν
720 1441 763 1490 ἔς
779 1438 895 1483 πόλιν
914 1442 981 1483 καὶ
1003 1438 1025 1483 ὅ
1043 1441 1180 1495 πατὴρ
1203 1442 1270 1483 καὶ
1291 1440 1484 1494 βασιλεὺς
1503 1440 1634 1496 ἤπειγε

175 1509 252 1564 τὴν
282 1509 499 1563 ἐπιδημίαν
507 1542 522 1561 ,
556 1507 689 1568 ἡμέρᾳ
718 1509 791 1563 μὲν
820 1510 981 1566 εἶκοστῇ
1002 1511 1119 1566 τρίτῃ
1131 1508 1488 1563 Ἑκατομβαιῶνος
1504 1509 1635 1564 μηνὸς

119 1575 482 1631 Ξοκαταλαμβάνει
505 1577 580 1631 τὴν
601 1578 826 1634 Δρίπειαν,
863 1582 914 1634 τῇ
934 1578 977 1620 δ’
999 1576 1092 1633 ἑξῆς
1114 1578 1313 1633 ἐξέρχεται
1332 1579 1407 1631 μὲν
1422 1575 1631 1631 βασιλεύς,

173 1645 449 1702 συνεξέρχεται
470 1646 515 1688 δὲ
534 1647 602 1688 καὶ
622 1644 731 1688 ἅπαν
754 1646 801 1689 τὸ
822 1648 912 1702 περὶ
941 1646 1014 1689 τὸν
1036 1646 1232 1701 βασιλέα,
1270 1648 1338 1689 καὶ
1363 1648 1538 1700 μοναχοὶ
1567 1649 1636 1688 καὶ

173 1715 215 1757 οἱ
229 1719 305 1769 τῆς
327 1715 541 1769 ἐκκλησίας
561 1713 737 1764 ἅπαντες
754 1716 1002 1767 συνεξίασιν,
1042 1715 1139 1758 οὐδὲ
1156 1716 1202 1758 τὸ
1220 1719 1293 1769 τῆς
1313 1715 1515 1764 πολιτείας
1535 1712 1634 1757 ὅσον

173 1778 225 1836 ἦν
251 1781 433 1839 ἔκκριτον
441 1815 455 1835 ,
499 1783 652 1826 ἐκεῖθεν
685 1785 905 1834 λείποντος.
975 1785 1042 1826 καὶ
1074 1781 1165 1826 τότε
1195 1784 1301 1826 κατὰ
1331 1783 1377 1826 τὸ
1408 1782 1533 1836 με’σον
1559 1787 1634 1837 τῆς

172 1890 280 1925 latina
300 1891 510 1936 primicerius
533 1891 630 1926 aulae
650 1892 769 1926 titulus
791 1895 886 1933 erat,
909 1892 1029 1926 adesse
1051 1891 1134 1936 ipsis
1154 1903 1197 1925 ne
1218 1894 1440 1935 gravaretur,
1466 1901 1630 1934 praever-

174 1940 251 1970 tere
287 1937 472 1980 proximum
512 1937 671 1972 insultum
703 1938 910 1982 perfidorum
947 1938 1115 1982 hospitum
1146 1948 1286 1970 necesse
1316 1935 1530 1969 habentibus.
1574 1936 1631 1969 1110

173 1981 297 2015 idoneo
325 1981 465 2015 militum
494 1993 632 2016 numero
662 1995 774 2017 secum
802 1988 933 2017 armato
964 1989 1067 2016 noctu
1098 1983 1170 2016 arci
1200 1981 1360 2015 Sardensi
1394 1992 1433 2015 se
1463 1982 1630 2018 admovet,

174 2026 291 2060 statim
312 2026 471 2071 apparuit
492 2027 562 2060 utri
584 2033 786 2071 expectatus
808 2028 921 2073 parti,
950 2029 1019 2061 utri
1048 2027 1227 2062 adveniret
1230 2026 1471 2080 improvisus:
1505 2039 1580 2061 nam
1608 2039 1630 2062 a

174 2072 336 2106 Romanis
357 2074 571 2115 gratulanter
592 2079 775 2126 acceptus,
807 2074 985 2107 confestim
1014 2073 1051 2106 in
1079 2073 1208 2116 sopitos
1228 2071 1364 2106 irruens
1385 2073 1551 2108 barbaros
1574 2074 1628 2107 di-

172 2128 248 2152 rum
268 2117 337 2151 illis
359 2117 520 2151 somnium
543 2119 717 2161 portavit,
739 2119 967 2152 internecione
988 2118 1140 2163 periuros
1164 2117 1315 2151 latrones
1337 2118 1464 2153 delens.

268 2164 323 2198 17.
367 2163 415 2196 At
447 2162 595 2197 Michael
626 2163 809 2209 imperator
829 2175 850 2197 e
872 2165 988 2197 morbo
1020 2168 1192 2197 recreatus
1215 2163 1325 2197 adhuc
1347 2164 1451 2209 Pegis
1471 2165 1629 2199 monba-

172 2213 252 2251 tur;
275 2219 344 2254 quo
366 2220 442 2242 cum
462 2208 554 2242 illum
574 2215 798 2242 veneraturus
820 2214 856 2242 et
876 2209 1040 2261 obsequia
1061 2208 1207 2254 principi
1227 2220 1250 2243 a
1271 2209 1405 2244 subdito
1427 2210 1545 2245 debita
1567 2222 1628 2245 ex-

172 2255 344 2290 bibiturus
366 2254 435 2288 dux
457 2265 597 2299 magnus
619 2267 639 2288 e
663 2254 790 2298 Cyzico
814 2254 986 2295 venisset,
1019 2256 1132 2288 sciens
1161 2257 1336 2298 Augustus
1357 2255 1468 2290 iunior
1500 2268 1627 2290 summo

171 2312 235 2335 suo
267 2300 385 2334 dolore
415 2307 579 2345 quantum
609 2300 668 2334 ille
701 2306 738 2334 et
768 2300 841 2333 eius
863 2300 942 2333 Itali
970 2301 1146 2334 turbarum
1169 2301 1266 2334 modo
1290 2301 1413 2346 Cyzici
1433 2302 1627 2343 movissent,

171 2345 353 2381 'admittere
384 2346 527 2380 invisum
559 2357 603 2379 ex
634 2358 674 2380 eo
706 2346 771 2379 sibi
803 2346 966 2380 hominem
999 2346 1126 2387 noluit,
1158 2345 1306 2391 ideoque
1327 2346 1473 2382 clausum
1496 2348 1627 2382 0111111110

171 2391 280 2426 cuivis
301 2392 411 2426 teneri
433 2393 599 2436 Pegarum
622 2392 779 2446 oppidum
802 2391 987 2436 praecepit.
1031 2395 1111 2445 post
1115 2371 1236 2426 '‘haec
1227 2404 1294 2426 iam
1309 2393 1515 2427 confirmatis
1529 2394 1627 2438 plene

172 2437 315 2479 viribus,
336 2448 405 2472 una
426 2449 502 2472 eum
523 2449 586 2472 sua
608 2438 751 2481 coniuge
773 2441 939 2482 Augusta,
961 2448 1058 2490 quae
1071 2437 1107 2470 111
1129 2448 1303 2472 occursum
1316 2438 1389 2493 ipsi
1410 2440 1523 2493 Pegas
1546 2450 1626 2484 pro-

170 2486 342 2525 cesserat,
373 2483 411 2516 in
435 2484 658 2518 continentem
682 2483 762 2518 inde
785 2483 972 2517 Occiduam
992 2482 1143 2524 traiicit;
1178 2487 1215 2517 et
1234 2483 1271 2518 in
1294 2484 1380 2518 vinis
1402 2484 1475 2518 eius
1496 2488 1627 2518 tractus

173 2540 236 2573 per
257 2528 329 2562 dies
346 2529 482 2582 aliquot
505 2530 716 2570 diversatus,
748 2540 823 2563 cum
854 2540 949 2563 suum
975 2528 1143 2562 differre
1133 2540 1168 2562 111
1189 2530 1308 2564 urbem
1330 2530 1494 2570 reditum,
1528 2535 1628 2583 patre

172 2576 325 2617 Augusto
346 2574 564 2628 impatienter
585 2582 748 2620 urgente,
772 2575 900 2609 diutius
917 2575 1096 2619 nequiret‚'
1117 2575 1224 2609 tertia
1246 2580 1284 2608 et
1305 2575 1462 2610 vicesima
1476 2575 1629 2609 Ianuarii

173 2619 231 2652 die
251 2620 408 2663 pervenit
428 2621 600 2666 Dripeam.
647 2621 812 2675 postridie
841 2621 954 2666 prodit
980 2620 1274 2666 Constantinopoli
1295 2620 1479 2674 imperator
1501 2620 1628 2660 senior,

174 2664 290 2718 prodit
309 2670 347 2700 et.
369 2666 442 2700 eius
463 2667 641 2702 comitatus
663 2667 859 2708 universus3
882 2666 1034 2700 monachi
1049 2671 1229 2719 praeterea
1250 2671 1287 2701 et
1308 2666 1529 2701 ecclesiastici
1550 2665 1628 2699 uni-

174 2709 267 2743 versi
286 2711 385 2745 simul
405 2712 592 2757 prodeunt,
613 2725 680 2747 nec
700 2712 871 2747 lectissimi
893 2712 1018 2757 quique
1039 2711 1162 2746 civium
1184 2723 1227 2747 ex
1250 2713 1335 2746 urbe
1356 2713 1508 2746 defuere.
1554 2722 1626 2744 me-

176 2754 231 2788 dio
250 2755 341 2790 111001·
360 2758 478 2792 urbem
501 2763 538 2792 et
557 2758 720 2804 Dripeam
742 2759 851 2803 spatio
865 2758 1096 2802 Augustorum
1119 2768 1281 2792 occursus
1302 2757 1468 2801 contigit,
1489 2756 1529 2790 iis
1553 2767 1626 2790 mu-

176 2799 246 2835 tuis
275 2801 576 2846 sigxuifioefionibm
606 2804 751 2839 affectus
773 2815 860 2849 quas
882 2804 972 2838 inter
993 2808 1064 2838 tam
1086 2803 1281 2839 coniunctos
1302 2809 1383 2849 post
1402 2808 1471 2840 tam
1494 2802 1626 2847 longam
