1820 3112
219 143 282 188 38
458 192 461 194 ,
636 135 872 181 GEORGII
905 130 1257 179 PACHYMERIS

221 251 444 311 προύβαινε
470 247 776 307 παραιτήσεως,
812 247 1059 305 ὑπορρέουσι
1080 247 1155 302 μέν
1179 246 1218 290 οἳ
1238 242 1413 300 τούτου,
1443 246 1500 296 εἷς
1519 249 1683 301 πλῆθος

223 325 268 367 δὲ
294 320 510 373 ξυστάντες
538 322 702 371 ἐκεῖνοι,
741 316 796 367 ὥς
825 319 894 362 καὶ
923 317 994 360 τὸν
1021 313 1128 360 πάνυ
1159 315 1396 372 θαρραλέον
1424 315 1594 362 δεδιέναι
1615 317 1685 358 καὶ

222 392 298 447 τὴν
336 391 493 433 ἐκείνων
531 387 775 439 ὖποποίησιν
817 386 1041 442 ἀναγκαίαν
1082 383 1297 441 ἡγεῖσθαι,
1346 381 1470 440 λόγου
1503 385 1687 439 μείζονος

172 471 205 506 D
229 460 463 510 ἀξιοῦσθαι,
498 454 717 505 νεύσαντος
738 455 802 497 ἐπὶ
822 452 995 503 τούτους
1017 457 1092 497 τοῦ
1116 452 1332 508 βασιλέως,
1368 454 1433 498 καὶ
1448 455 1586 511 πολλῷ
1608 454 1688 495 τινὶ

224 531 415 571 νικῶνται
448 525 495 568 τὸ
525 528 689 579 πλῆθος
717 522 813 572 τοὺς
844 526 919 565 τοῦ
944 518 1109 578 Ἰωσήφ.
1180 522 1321 578 ἐξῆρχε
1339 521 1413 575 μὲν
1433 515 1508 564 οὖν
1527 521 1721 565 ἕκείνωνό

227 596 347 639 ἔνθεν
365 595 439 649 μὲν
460 592 481 636 ὅ
505 588 818 647 Ταρχανειώτης
836 588 1027 646 Ἰωάννης
1044 591 1111 633 καὶ
1131 594 1204 632 τοῦ
1225 589 1426 643 βασιλέως
1442 587 1692 644 αὐτανέψιος

229 665 334 723 (τῆς
354 664 431 719 γὰρ
451 660 645 718 Μάρθας
662 665 745 704 τῶν
764 664 891 716 τριῶν,
909 658 1028 702 υἱέων
1048 656 1220 713 ὕστερος
1241 654 1343 715 ἦν),
1371 657 1446 701 σὺν
1476 651 1509 718 ᾧ
1542 657 1596 713 δὴ
1623 659 1693 702 καὶ

230 733 274 775 αἱ
306 732 480 788 ἀδελφαὶ
507 728 682 782 τούτου,
719 726 745 782 ‘57'
769 745 812 772 τε
832 727 1037 772 Θεοδοσία
1060 728 1128 770 καὶ
1148 725 1173 781 ἦ
1190 724 1501 783 Νοστόγγισσα,
1539 727 1694 770 ἐκεῖθεν

233 801 278 844 δὲ
313 798 334 842 ὃ
369 799 654 855 προδηλωθεὶς
677 794 913 847 ‘Yam-5²05.
986 793 1091 851 εἶχον
1120 796 1165 838 δὲ
1193 797 1261 838 καὶ
1291 795 1364 839 τὸν
1384 795 1483 838 ποτὲ
1499 792 1694 852 Σάρδεων

231 866 561 925 προηγούμενον,
592 865 637 915 ὃς
657 865 705 920 δὴ
726 867 792 908 καὶ
814 865 916 921 πρὸς
937 863 1111 918 βασιλέα
1128 864 1280 919 συχνὰς
1301 860 1533 921 προσόδους
1551 861 1695 908 ποιού-
1707 871 1751 906 10

232 954 355 992 μενος
380 963 430 974 --
457 933 478 978 ὁ
500 935 578 992 γὰρ
594 932 784 989 Ἰωάννης
805 935 872 976 καὶ
891 932 1112 989 προσγενὴς
1134 931 1205 984 ὤν,
1239 932 1336 975 ἀλλ’
1362 931 1472 987 ὅμως
1492 931 1557 974 ἐπ’
1579 931 1699 989 ἀκρι-

234 1006 326 1064 βείᾳ
353 1005 522 1061 μεγίστῃ
551 1006 771 1059 κατορθῶν
800 1001 853 1045 τὰ
886 1005 960 1062 τοῦ
992 999 1135 1056 ζήλου,
1173 999 1229 1050 ὥς
1256 1000 1378 1061 ᾤετο,
1417 1004 1588 1044 πλεῖστα
1613 1005 1698 1044 τῶν

117 1079 146 1113 Ρ
170 1080 216 1114 2⁶2
240 1075 329 1129 περὶ
350 1073 420 1116 τὸν
436 1071 659 1118 “Υάκινθον
680 1071 941 1126 κατεγίνωσκε
962 1071 1029 1112 καὶ
1049 1069 1102 1113 τὰ
1123 1069 1256 1112 πολλὰ
1284 1071 1351 1113 καὶ
1374 1067 1513 1112 αὐτῶν
1531 1068 1699 1124 ἀπεσχί-

238 1144 340 1195 ζετο.
411 1140 480 1184 διὰ
507 1139 630 1184 ταῦτ’
661 1140 809 1189 ἐκεῖνος
842 1139 895 1182 τοὶ
924 1142 999 1192 τῆς
1025 1138 1258 1196 παρρησίας
1277 1138 1393 1196 σφίσι
1412 1138 1698 1195 προωδοποίει,

240 1209 296 1261 ὥς
315 1209 497 1267 ἀσφαλὲς
516 1211 571 1259 εἷς
591 1207 613 1252 ὃ
631 1209 698 1250 καὶ
719 1207 865 1264 λέγοιεν
888 1206 1060 1258 ἕξουσιν.
1712 1209 1756 1247 15

384 1279 460 1324 13.
522 1277 589 1321 Ἐν
610 1273 797 1335 τοσούτῳ
817 1276 861 1318 δὲ
879 1276 947 1318 καὶ
963 1274 1091 1330 μηνὸς
1112 1272 1372 1329 ἐνισταμένου
1391 1273 1574 1330 Κρονίου
1593 1270 1704 1333 νόσῳ

240 1364 285 1391 τε
313 1348 380 1390 καὶ
404 1344 511 1405 γήρᾳ
540 1346 768 1402 τρυχωθεὶς
789 1343 942 1401 Ἰωσὴφ
970 1344 1155 1398 ἐκδημεῖ,
1193 1345 1262 1385 καὶ
1280 1341 1301 1386 ὅ
1322 1341 1464 1398 νεκρὸς
1483 1343 1634 1385 ἐκείνου
1653 1336 1705 1399 τῇ

242 1420 348 1471 μονῇ
371 1419 443 1457 τοῦ
465 1412 580 1469 ἆγιόυ
602 1414 820 1456 Βασιλείου
841 1415 896 1462 εἷς
912 1411 1050 1469 ταφὴν
1071 1413 1245 1455 δίδοται.
1312 1408 1334 1454 ὃ
1355 1411 1493 1465 μέντοι
1515 1428 1559 1468 γε
1581 1415 1708 1466 βασι-

242 1483 336 1534 λεῦς
365 1483 609 1540 ἀπαλλαγεὶς
633 1483 783 1529 ἐκείνου
810 1481 909 1532 τούς
923 1477 1185 1539 Ἀρσενιάτας
1205 1478 1314 1540 ὁρμῇ
1330 1479 1499 1539 μεγίστῃ
1518 1481 1706 1538 ἐπειρᾶτο

333 1591 368 1627 4.
392 1589 616 1636 degeniam?
755 1590 788 1626 5.
812 1588 924 1636 τούς]
951 1588 1017 1626 οἷ’.)

242 1683 352 1719 fluere
382 1685 578 1729 coeperunt.
624 1693 692 1728 quo
722 1682 883 1718 fidentius
916 1692 993 1717 sese
1021 1680 1088 1717 iam
1110 1680 1288 1717 Arseniani
1317 1681 1530 1716 ostentantes
1550 1681 1649 1715 tanto
1671 1689 1711 1714 se

247 1740 386 1768 numero
409 1730 584 1771 ferebant,
607 1733 647 1762 ut
669 1732 833 1763 terrorem
855 1728 1061 1763 adversariis
1085 1740 1149 1762 non
1173 1738 1317 1774 parvum
1339 1728 1553 1771 incuterent,
1577 1736 1711 1761 curam-

247 1786 316 1820 que
347 1774 512 1809 adderent
539 1776 690 1819 Augusto
719 1775 943 1809 necessariam
978 1785 1037 1808 eos
1068 1785 1112 1808 ne
1141 1773 1313 1809 saevirent
1340 1771 1534 1809 deliniendi.
1577 1770 1615 1805 in
1637 1782 1712 1805 eam

249 1832 333 1865 ergo
358 1826 487 1866 partem
509 1821 565 1854 ille
587 1820 761 1862 incubuit,
791 1820 911 1856 maiori
933 1831 1034 1865 quam
1057 1823 1159 1854 antea
1179 1819 1315 1854 honoris
1337 1817 1586 1864 significatione
1608 1818 1713 1852 Arse-

248 1866 369 1900 nianos
399 1870 573 1908 tractans3
608 1878 674 1912 quo
706 1866 804 1900 brevi
840 1866 999 1900 effectum
1031 1870 1069 1900 ut
1098 1864 1134 1899 hi
1166 1864 1382 1900 multitudine
1410 1865 1511 1909 louge
1536 1863 1715 1897 vincerent

249 1911 386 1957 Iosepbi
420 1915 580 1947 asseclas.
627 1910 742 1957 capita
773 1912 962 1946 eminebant
985 1911 1084 1946 huius
1104 1921 1302 1946 numerosae
1333 1911 1455 1946 turbae
1478 1921 1521 1944 ec
1542 1908 1639 1943 velut
1660 1909 1717 1943 fa·-

251 1958 373 1993 ctionis
404 1958 506 1992 duces
540 1957 617 1994 hinc
647 1958 781 2003 quidem
812 1958 954 1992 Ioannes
983 1956 1216 1992 Tarchoniota
1246 1956 1465 1991 consobrinus
1485 1954 1716 2000 imperatoris,

252 2003 380 2048 quippe
405 2004 582 2045 Marthae,
615 2003 743 2038 sororis
765 2003 943 2038 Michaelis
966 2002 1039 2037 eius
1060 2002 1188 2049 patris,
1218 2002 1322 2037 trium
1342 2002 1490 2037 filiorum
1511 2005 1595 2036 natu
1617 1999 1718 2034 mini-

254 2060 351 2089 mus,
374 2061 446 2082 cum
470 2061 535 2095 quo
562 2054 598 2085 et
620 2049 693 2083 eius
718 2060 855 2084 sorores
878 2049 1072 2084 Theodosia
1091 2052 1128 2083 et
1149 2048 1400 2093 Nostongissa‚
1421 2047 1501 2083 ifide
1521 2050 1634 2082 sutem
1656 2057 1716 2082 su·

255 2094 374 2138 pei-ius
398 2100 599 2131 memoratus
622 2095 845 2139 Hyacinthus.
890 2095 926 2132 hi
947 2106 1014 2130 uno
1037 2105 1200 2129 consensu
1223 2095 1355 2139 praeire
1376 2093 1442 2128 sibi
1463 2091 1632 2128 universis
1654 2103 1718 2138 pa·

255 2139 430 2173 tiebantur
453 2141 625 2185 antiquum
651 2142 844 2195 episcopum
868 2141 1045 2182 Sardium,
1069 2140 1127 2186 qui
1149 2141 1283 2175 nomine
1305 2140 1448 2174 omnium
1468 2140 1589 2174 crebro
1609 2137 1718 2183 impe-

256 2189 405 2218 ratorem
439 2187 684 2228 conveniebat,
721 2188 800 2221 huic
831 2186 992 2222 libentius
1017 2192 1132 2232 partes
1154 2186 1231 2220 illas
1253 2186 1395 2221 cedente
1417 2189 1522 2231 atque
1543 2185 1631 2218 adeo
1653 2193 1718 2229 pro

257 2241 321 2267 sua
344 2231 385 2263 ob
411 2232 729 2275 consanguinitatem
752 2233 864 2276 gratia
887 2233 1120 2269 admissionem
1145 2232 1278 2267 facilem
1303 2235 1447 2278 parante
1475 2231 1626 2271 Ioanne,
1657 2227 1718 2274 qui

259 2275 430 2327 ‹ex-quisita
454 2278 598 2321 quadam
621 2278 791 2322 religionis
815 2278 1004 2324 diligentia,
1029 2278 1114 2321 zelo,
1137 2281 1177 2313 ut
1199 2279 1356 2323 putabat,
1375 2276 1502 2312 veriori
1514 2276 1719 2320 obsequens,

231 2366 243 2369 ι
257 2331 368 2355 nunus
392 2321 427 2355 in
451 2322 564 2356 multis
589 2324 757 2367 probabat
779 2336 866 2369 quae
890 2325 1102 2369 Hyacinthus
1124 2325 1271 2369 agebat,
1304 2322 1395 2360 haud
1429 2322 1516 2357 adeo
1549 2317 1720 2366 supersti-

256 2366 345 2399 tiose
378 2367 637 2401 communionem
668 2368 849 2404 alienorum
884 2382 905 2405 a
935 2374 1030 2404 secta
1056 2381 1119 2405 sua
1141 2370 1255 2406 vitans
1276 2380 1378 2416 quam
1399 2377 1540 2403 necesse
1560 2365 1722 2401 Tarcha·

257 2411 373 2448 niotae
407 2411 599 2450 videbatur.
644 2414 733 2448 unde
767 2415 810 2448 ab
844 2415 902 2449 illo
935 2421 972 2450 et
1003 2417 1076 2450 eius
1107 2415 1309 2462 sequacibus
1331 2414 1531 2460 plerumque
1556 2411 1720 2447 secedens

257 2457 525 2492 conventiculum
549 2458 613 2492 sibi
636 2470 787 2494 seorsum
810 2460 959 2495 habebat
980 2461 1173 2507 proprium,
1203 2473 1267 2496 nec
1288 2466 1403 2496 tamen
1424 2471 1463 2495 se
1485 2460 1587 2504 plane
1607 2457 1721 2503 palam

257 2503 478 2544 abscindens,
502 2515 544 2538 ne
569 2505 672 2538 robur
695 2505 852 2540 factionis
874 2513 1071 2550 enervaret,
1093 2508 1174 2552 quin
1195 2519 1258 2553 pro
1280 2506 1374 2542 virili
1394 2503 1622 2541 Andronicum
1635 2503 1722 2537 Sur·-

261 2547 397 2601 dcnsem
421 2549 585 2584 adiuvans
608 2550 640 2583 in
663 2549 714 2583 his
737 2562 825 2595 quae
846 2552 880 2586 in
904 2555 1020 2586 sectae
1039 2552 1219 2589 utilitatem
1242 2565 1284 2589 ac
1306 2552 1527 2589 securitatem
1540 2549 1722 2586 universae

259 2604 335 2628 cnm
358 2600 562 2639 imperatore
582 2595 805 2640 transigebat.

354 2639 407 2674 13.
454 2640 547 2674 Inter
569 2640 674 2682 haec,
706 2653 820 2675 mense
841 2641 968 2676 Martio
994 2642 1155 2687 ineunte,
1190 2643 1306 2678 morbo
1329 2645 1365 2679 et
1386 2642 1482 2678 senio
1507 2639 1724 2686 consumptus

261 2683 425 2729 Iosephus
449 2686 552 2728 obiit,
581 2691 618 2720 et
641 2687 714 2720 eius
737 2687 883 2721 cadaver
905 2688 938 2720 in
962 2689 1161 2723 monasterio
1185 2690 1224 2725 S.
1246 2689 1364 2724 Basilii
1386 2688 1554 2734 sepultum
1577 2689 1643 2720 est.
1687 2686 1726 2718 at

261 2729 450 2775 imperator
473 2732 515 2765 ab
539 2743 579 2766 eo
604 2732 781 2777 expeditus
804 2732 933 2778 impetu
957 2733 1099 2767 maximo
1122 2734 1276 2769 incubuit
1298 2735 1333 2768 in
1357 2739 1514 2769 conatum
1537 2730 1727 2775 adiungen-

261 2775 378 2811 dorum
401 2775 467 2813 sibi
489 2777 762 2814 Arsenianorum.
808 2779 924 2826 itaque
956 2778 1139 2815 admittens
1162 2791 1220 2815 eos
1243 2779 1277 2815 in
1299 2779 1499 2827 colloquium
1528 2778 1726 2823 frequenter
