1858 3126
362 154 438 197 DE
471 151 803 196 ANDRONICO
838 150 1211 196 PALAEOLOGO
1247 152 1294 194 L.
1322 152 1379 198 V.
1498 149 1601 196 417

143 267 203 311 ἔτι
224 263 471 323 κατώρθουν
499 265 596 310 οὐδ’
622 265 728 316 ὅλως
753 264 966 320 ἔπραττον.
1038 264 1136 307 ἀλλ’
1160 264 1415 320 ἀναληπτέον
1433 265 1506 307 τὸν
1528 262 1600 307 λό-

140 353 214 391 γον
234 335 337 391 πρὸς
355 335 404 378 τὸ
426 334 686 378 εὐσύνοπτον.

279 403 518 459 Στρατηγός
543 399 593 458 ἦν
620 404 717 459 τῇδε
734 398 967 456 ΙΠαρούλης
978 433 990 452 ,
1027 403 1093 442 καὶ
1114 401 1241 456 με’γιις
1261 401 1398 455 ἅρχων
1419 402 1462 452 ἐξ
1480 400 1603 452 ἀξιώ-

141 489 274 526 ματος
292 473 497 524 ἔκλε’ίζετο.
567 465 689 518 οὗτος
707 465 760 512 fd
778 470 852 523 μὲν
870 473 1040 511 πλεῖστα
1060 469 1193 527 ἐκείνῳ
1215 477 1399 523 προσεῖχε
1420 472 1486 511 καὶ
1507 471 1602 512 ε’θε-

110 539 315 598 ὄράπευεν
335 538 596 593 ὑποκείμενος
624 537 752 593 (οὕτω
775 537 853 594 γὰρ
871 538 938 579 καὶ
956 537 1001 580 τὸ
1022 538 1235 589 βασιλικὸν
1255 537 1444 591 ἐβούλετο
1470 536 1603 595 πρόσ-

142 610 309 665 ταγμα)
322 640 338 661 ,
379 608 480 658 τέως
501 607 544 650 δ’
575 603 648 650 οὖν
666 609 732 649 καὶ
751 606 848 655 τοὺς
868 607 1040 654 οἷκείους
1058 610 1193 655 κακῶς
1212 606 1315 662 παρ’
1338 607 1497 650 ἐκείναιν
1519 605 1600 650 πά-

141 693 316 732 σχοντας
339 678 617 735 κατῳκτίζετο,
652 679 809 728 μᾶλλον
826 674 900 728 μὲν
924 669 998 717 οὖν
1015 676 1083 716 καὶ
1103 675 1275 716 συνίστα
1294 676 1361 716 καὶ
1380 675 1603 731 περιέθαλ-

142 762 231 789 πεν.
298 739 404 801 {nro
423 745 501 801 γὰρ
522 745 713 788 κάκείνων
735 743 782 786 τὸ
802 742 936 786 κοινὸν
955 743 1078 785 ἐκεῖνο
1100 740 1255 795 δεινόν,
1294 745 1362 785 καὶ
1390 745 1446 793 εἷς
1470 759 1600 799 στρα-
1623 752 1653 786 P
1676 754 1745 789 289

140 811 293 863 unita,-
321 813 589 869 τεταγμένους
618 812 675 855 ἔτι
706 813 772 854 καὶ
801 818 890 861 ταῖς
905 810 1120 866 ἀληθείαις
1138 811 1510 867 ἐμπειροπολέμους
1530 830 1603 855 πε-

88 893 132 927 10
143 882 237 935 ζοῦς
265 884 332 925 καὶ
362 880 566 932 ἀνόπλους
598 882 807 924 καθίστων
830 881 896 922 καὶ
927 884 1010 922 τῶν
1032 879 1127 922 κατ’
1150 878 1260 923 οἶκον
1282 880 1474 936 ἓστὲρουν
1494 879 1549 931 ὥς
1569 881 1609 924 εἶ’

141 967 257 1000 τινας
281 948 458 1007 ἀγρότας
487 952 554 992 καὶ
583 947 867 1004 μετανάστας,
915 946 1237 1003 ἔνθρυπτόμενοι
1264 949 1416 1004 σφίσιν.
1489 950 1527 992 οἶ
1557 951 1603 992 δὲ

141 1023 201 1078 τῷ
219 1023 295 1062 τοῦ
311 1022 563 1074 κρατοῦντος
582 1019 659 1061 δέει
678 1019 744 1060 καὶ
766 1021 824 1076 τῷ
846 1019 888 1068 ἐξ
911 1016 1120 1073 ἐμφυλίων
1142 1017 1330 1069 πολέμων
1352 1018 1600 1076 νομιζομένῳ

140 1084 316 1146 κινδύνῳ
343 1084 683 1142 ὗποστελλόμενοι
692 1118 706 1139 ,
743 1083 798 1134 ὥς
813 1083 871 1140 μή
889 1102 929 1128 τι
948 1086 1231 1141 νεωτερισθείη
1250 1090 1332 1128 τῶν
1352 1085 1598 1140 ἀνηκέστων,

140 1156 242 1206 τέως
259 1156 303 1199 ἔκ
316 1157 413 1208 βίας
434 1154 583 1211 ὥρμων
601 1157 669 1198 καὶ
689 1152 883 1203 πολλάκις
904 1151 1135 1210 ἐσφάδαζον
1154 1151 1440 1207 ἀμυνούμενοι.
1487 1155 1603 1205 τέλος

88 1235 131 1269 15
140 1228 223 1268 τῶν
240 1225 404 1282 ἐχθρῶν
422 1223 536 1281 ἔγγὺς
553 1222 832 1281 ἀγγελθέντων
850 1222 955 1265 κατὰ
974 1222 1046 1266 τὸν
1066 1226 1140 1265 τοῦ
1159 1225 1198 1264 Γ
1195 1222 1410 1277 ουλιέλμου
1429 1220 1596 1280 ηὕργον,
1623 1229 1652 1262 Β

235 1357 288 1391 12.
310 1328 457 1402 πολέμῳ
483 1357 519 1390 P.

141 1473 183 1505 ut
213 1473 289 1505 tota
324 1470 377 1505 rei
405 1468 504 1504 huius
536 1468 720 1514 indignitas
750 1471 902 1516 pressius
925 1470 988 1504 sub
1011 1480 1113 1504 uuum
1143 1469 1240 1515 quasi
1261 1469 1404 1504 lectoris
1427 1474 1601 1516 aspectum

141 1515 341 1561 colligatur,
363 1527 531 1550 resumam
552 1515 781 1551 narrationem
802 1517 906 1561 paulo
929 1515 1097 1562 superius.

234 1562 323 1596 Erat
353 1561 400 1595 ibi
431 1561 587 1595 tribunus
617 1560 753 1606 quidam
775 1561 952 1604 militaris,
987 1561 1139 1596 Marules
1164 1559 1318 1602 nomine,
1350 1561 1514 1595 vocabulo
1535 1561 1603 1606 ipsi

141 1618 323 1642 concessae
352 1607 531 1652 dignitatis
558 1618 699 1651 magnus
730 1609 858 1642 archon
891 1607 959 1641 dici
990 1606 1121 1641 solitus.
1168 1606 1225 1640 bic
1250 1613 1343 1640 totus
1367 1612 1444 1641 erat
1475 1607 1510 1641 in
1539 1608 1603 1640 ob-

132 1654 300 1688 servando
330 1653 570 1699 obsequiisque
598 1652 801 1688 demerendo
834 1653 956 1687 infimis
979 1652 1184 1687 Rontzerio=
1223 1651 1274 1686 sic
1304 1652 1391 1687 enim
1414 1653 1523 1698 ipsum
1548 1653 1602 1686 sa·

134 1710 215 1733 cere
242 1700 416 1744 Augustus
446 1699 604 1733 iusserat.
649 1702 761 1733 tamen
790 1699 880 1733 idem
902 1710 982 1733 suos
1004 1698 1141 1732 intimos
1170 1698 1352 1732 familiares
1374 1698 1601 1743 propriaeque

134 1744 282 1779 cohortis
313 1745 436 1779 milites
467 1756 490 1779 a
521 1744 758 1780 Rontzerianis
790 1745 923 1779 iniuriis
956 1745 1101 1778 affectos
1137 1744 1386 1785 miserabatur,
1423 1743 1600 1777 consolans

134 1790 216 1836 quin
246 1790 348 1824 etiam
383 1795 420 1824 et
452 1790 637 1831 deliniens,
669 1799 708 1824 ut
730 1791 817 1825 mala
839 1791 875 1825 in
899 1795 1038 1824 cunctos
1063 1789 1183 1834 Cyzici
1208 1790 1370 1833 degentes
1392 1789 1599 1832 grassantia,

140 1847 185 1870 ne
211 1835 294 1880 ipsis
323 1835 459 1881 quidem
489 1835 663 1881 exceptis,
694 1840 877 1881 utcumque
907 1836 1087 1881 privilegio
1119 1836 1238 1869 saltem
1267 1834 1406 1868 militiae
1438 1834 1601 1868 immunes

141 1881 186 1915 ab
207 1881 251 1914 iis
271 1892 348 1915 esse
372 1882 587 1923 debuissent,
612 1883 743 1916 ferrent
763 1882 967 1927 patientius,
989 1893 1101 1925 neque
1123 1881 1166 1915 ad
1189 1891 1230 1914 ea
1253 1880 1306 1914 vel
1330 1879 1523 1923 repellenda
1546 1879 1601 1913 vel

139 1925 334 1960 ulciscenda
362 1932 541 1961 uterentur
571 1928 673 1961 armis
703 1939 793 1973 quae
825 1928 961 1973 publice
990 1927 1074 1972 ipsis
1104 1926 1233 1960 tradita
1265 1925 1468 1970 gestabant,
1496 1930 1600 1979 prout

140 1976 218 2006 erat
237 1983 379 2017 pronum
401 1973 496 2006 factu
517 1971 624 2014 viris,
655 1974 773 2018 quales
796 1973 830 2007 bi
852 1976 970 2013 erant,
1002 1972 1146 2006 fortibus
1170 1976 1205 2004 et.
1228 1981 1266 2003 re
1288 1981 1373 2003 vera
1396 1970 1601 2014 experienti-

140 2018 205 2052 bus
233 2014 284 2050 rei
315 2017 476 2058 bellicae3
506 2029 591 2062 quos
612 2022 725 2052 tamen
748 2029 814 2052 non
835 2022 1036 2052 vererentur
1055 2017 1236 2050 insolentes
1259 2015 1410 2049 advenae
1432 2019 1467 2049 et
1489 2028 1597 2062 quae-

140 2063 207 2097 stui
231 2066 268 2095 et
287 2062 434 2096 ludibrio
454 2067 525 2096 tam
548 2063 740 2106 petulanter
762 2064 908 2105 babere,
938 2068 978 2096 ut
1000 2074 1059 2096 eos
1079 2063 1231 2106 ipsorum
1253 2060 1312 2105 qui
1337 2061 1509 2106 equestria
1531 2062 1596 2095 sti-

139 2107 264 2155 pendia
293 2109 488 2143 merebant.
522 2107 619 2152 equis
642 2108 808 2152 ademptis
830 2109 865 2142 in
885 2108 1039 2142 ordinem
1062 2107 1210 2151 peditum
1244 2105 1463 2150 redigerent,
1493 2107 1595 2142 armis

137 2160 341 2200 praeterea,
372 2154 401 2187 si
423 2153 651 2193 collibuisset,
682 2154 889 2198 spoliarent,
911 2165 975 2186 nec
997 2164 1018 2186 a
1041 2164 1079 2186 re
1100 2152 1249 2197 ipsorum
1270 2151 1426 2186 familiari
1450 2154 1596 2198 supelle-

138 2200 279 2246 ctilique
300 2199 484 2233 domestica
506 2199 718 2232 abstinerent
738 2210 881 2244 rapaces
911 2209 1048 2238 manus,
1086 2197 1233 2242 denique
1265 2198 1354 2231 omni
1375 2197 1511 2232 ludibrii
1532 2211 1596 2244 ge·

139 2257 222 2280 nere
252 2245 355 2279 nihilo
387 2245 479 2290 ipsos
509 2244 630 2278 minori
661 2244 862 2278 contumelia
890 2248 1058 2278 vexarent
1080 2254 1179 2287 quam
1201 2243 1231 2277 si
1255 2243 1340 2277 viles
1363 2244 1512 2278 rusticuli
1534 2249 1595 2279 aut

137 2291 275 2337 profugi
296 2292 412 2325 exules
434 2296 557 2324 essent.
603 2290 665 2323 hos
686 2290 720 2323 in
742 2295 812 2324 tam
834 2289 963 2323 difficili
988 2288 1152 2333 patientia
1175 2288 1272 2322 ducis
1294 2289 1347 2323 sui
1370 2290 1511 2324 Marulis
1533 2302 1592 2325 as-

139 2337 238 2372 sidua
259 2337 383 2370 monita
405 2337 584 2376 tenebant,
606 2335 731 2369 nullum
752 2336 852 2369 finem
874 2334 1030 2369 facientis
1051 2333 1240 2368 inculcandi
1261 2345 1360 2379 quam
1382 2335 1495 2381 iniquo
1518 2336 1592 2371 ani-

140 2393 194 2417 mo
224 2382 400 2416 auditurus
428 2382 614 2427 imperator
630 2382 734 2415 *soret
764 2382 872 2415 rixam
899 2391 1108 2426 quacumque
1129 2391 1232 2414 causa
1251 2379 1343 2414 inter
1364 2380 1533 2415 Romanos
1556 2387 1593 2416 et

129 2427 322 2472 ,auxiliares
344 2428 459 2474 copias
481 2432 711 2462 contractam:
744 2427 880 2472 quidvis
899 2427 1003 2470 igitur
1025 2425 1296 2470 concoquendum
1317 2427 1428 2471 potius
1449 2427 1592 2461 iniuriae

140 2476 318 2518 putarent,
353 2485 453 2519 quam
482 2474 525 2508 ad
556 2473 677 2507 bellum
709 2473 808 2507 civile
837 2472 1098 2512 descenderent,
1127 2471 1188 2505 tali
1218 2472 1416 2516 pracsertim
1437 2476 1591 2518 tempore

141 2518 286 2564 capitale
317 2531 359 2553 ac
388 2530 526 2564 prorsus
555 2519 691 2553 exitiale
718 2518 925 2564 reipublicae
953 2519 1112 2551 futurum.
1158 2528 1221 2550 nec
1249 2522 1361 2551 tamen
1384 2517 1436 2552 bis
1457 2529 1590 2563 semper

141 2569 278 2608 poterat
303 2565 474 2610 praeverti
496 2564 577 2611 quin
597 2566 660 2599 sub
682 2564 753 2598 acri
775 2575 875 2598 sensu
905 2562 1125 2598 contumeliae
1146 2562 1333 2607 praesentis
1354 2563 1515 2598 militares
1536 2563 1591 2597 in-

140 2609 274 2643 terdum
296 2610 397 2644 animi
429 2610 498 2644 vim
528 2615 566 2644 et
595 2621 688 2644 arma
718 2610 915 2655 expedirent
935 2609 969 2642 in
992 2607 1176 2641 vindictam
1207 2608 1322 2642 autin
1344 2609 1449 2642 minas
1476 2619 1590 2643 erum-

139 2659 280 2698 perent,
302 2655 454 2690 incendio
477 2667 520 2690 ex
543 2656 595 2690 bis
617 2655 792 2700 scintillis,
820 2655 886 2689 nisi
909 2654 1021 2688 statim
1045 2664 1128 2687 cura
1150 2653 1244 2687 ducis
1268 2654 1531 2699 opprimeretur,
1553 2654 1589 2688 in

139 2710 293 2742 magnam
314 2701 494 2745 perniciem
515 2701 761 2736 inflammando.
802 2701 953 2735 occurrit
974 2699 1065 2733 iuter
1088 2699 1171 2732 baec
1192 2700 1325 2734 occasio
1347 2699 1507 2733 facinoris
1528 2699 1591 2733 mi-

140 2743 261 2786 litaris,
282 2752 376 2780 certo
396 2746 520 2780 indicio
542 2746 644 2782 allato
666 2752 900 2792 provectorum
922 2756 1031 2790 usque
1054 2743 1089 2778 in
1111 2743 1264 2779 viciniam
1288 2745 1443 2779 bostium.
1489 2743 1525 2778 hi
1543 2744 1590 2779 ad

139 2789 258 2823 turrim
281 2791 440 2825 Gulielmi
463 2791 604 2834 dictam,
624 2791 733 2826 locum
754 2792 892 2828 stativis
915 2789 1075 2826 Romanis
1097 2789 1300 2835 proximum,
1327 2790 1515 2826 accessisse
1536 2790 1591 2826 fe·

195 2842 370 2888 Georgius
398 2842 620 2886 Pachymem
648 2844 700 2878 11.
1262 2841 1315 2879 27
