1820 3112
333 152 409 196 DE
443 151 776 197 ANDRONICO
813 151 1186 196 PALAEOLOGO
1222 153 1267 195 L.
1302 152 1357 196 Π.
1480 152 1572 198 193

117 265 212 312 οὐδ’
234 263 496 324 ἐργαζόμενος
514 265 590 321 τὴν
611 266 760 308 ἐκείνου
791 262 1045 321 ἀπαλλαγήν.
1113 262 1236 316 τόσος
1250 260 1299 320 ἦν
1320 263 1342 309 ὃ
1359 262 1485 316 πὸνος
1500 267 1567 309 καὶ
1593 276 1624 310 c

114 333 143 391 ᾖ
167 338 250 378 τῶν
276 339 437 392 νεφρῶν
456 332 582 389 ὀδύνη
614 338 674 392 τῷ
691 330 902 388 πάσχοντι.
973 332 1078 376 ὥστε
1097 336 1163 376 καὶ
1188 333 1285 388 μετ’
1307 332 1356 377 οὗ
1373 333 1479 378 πολὺ
1500 352 1575 389 με-

114 400 334 456 ταλλάξαι,
369 405 437 446 καὶ
453 402 525 445 τὸν
541 401 681 459 νεκρὸν
698 402 891 453 Nautaca
908 405 1180 456 κομισθῆναι,
1217 403 1257 444 ἓν
1291 405 1344 459 τῇ
1365 406 1440 446 τοῦ
1462 407 1574 460 Τορ-

114 473 241 514 νικίου
271 475 399 527 μονῇ,
448 469 554 515 κατά
578 487 619 514 τι
642 469 880 527 κτητορικόν
910 469 992 513 ἀπὸ
1020 474 1097 526 τῆς
1131 469 1306 526 συζύγου
1330 471 1485 514 δίκαιον
1509 471 1576 514 ἔν-

81 546 103 581 5
115 537 508 598 σοριασθησόμενον.

250 609 328 653 32.
392 607 564 657 Ἐκεῖνος
589 606 663 661 μὲν
682 603 815 656 οὕτως
833 604 988 659 ἀπεβίω
998 637 1013 659 ,
1049 605 1241 659 βασιλεὺς
1264 607 1310 648 δὲ
1328 605 1376 648 τὸ
1395 610 1478 650 πᾶν
1493 611 1569 661 τῆς
1591 616 1624 652 D

113 678 196 718 τῶν
224 679 369 719 κοινῶν
396 677 597 730 μεσιτείας
626 675 692 717 ἐπὶ
715 672 827 733 μόνῳ
858 674 985 716 ἐτίθει
1015 678 1074 732 τῷ
1093 678 1302 733 μυστικῷ,
1350 672 1397 717 ὃν
1426 676 1494 716 καὶ
1523 675 1573 718 οὔ

112 742 217 796 μετὰ
246 743 349 786 πολὺ
381 745 445 786 ἐπὶ
473 748 546 787 τοῦ
581 743 805 786 κανικλείου
842 743 1049 794 καθίστα,
1098 742 1211 801 αὐτῷ
1245 759 1287 797 γε
1318 741 1394 785 σὺν
1426 741 1575 799 ὀλίγοις

115 809 340 871 συμβούλῳ
357 812 460 868 πρὸς
475 811 525 855 τὰ
544 812 676 854 πολλὰ
697 812 763 853 καὶ
783 814 963 868 συνεργῷ
980 807 1209 865 χρώμενος,
1247 809 1366 853 οὐδὲν
1388 808 1469 853 ὅσα
1489 815 1573 854 τῶν

61 894 104 928 10
114 879 216 935 πρὸς
234 880 395 936 τρυφὴν
415 877 786 936 προσποιούμενος,
822 877 924 921 ὅπου
943 895 987 934 γε
1004 880 1070 920 καὶ
1089 878 1217 933 αὐτὴν
1237 879 1452 934 βασιλικὴν
1469 877 1574 936 τρά-

114 949 262 1000 πεζαν,
298 949 340 999 ἐξ
369 943 418 1002 ἧς
447 944 498 1002 ἦν
529 949 724 1004 γεραίρειν
755 944 952 1002 ὁσημέραι
981 945 1208 1000 βουλευτάς
1241 963 1284 989 τε
1305 948 1372 989 καὶ
1392 946 1568 1003 ἀριστεῖς
1590 967 1624 1002 Ε

114 1013 299 1072 (νώτοισι
325 1015 403 1072 γὰρ
430 1017 498 1058 καὶ
520 1015 780 1071 Ἀγαμέμνων
815 1014 916 1068 βοὸς
943 1015 1140 1069 διηνεκέσι
1167 1015 1239 1058 τὸν
1273 1004 1572 1070 ἀριστεύσαντα

110 1082 315 1141 γέραιρε),
349 1085 417 1126 καὶ
437 1083 564 1138 αὐτὴν
584 1083 686 1140 παρ’
716 1082 833 1126 οὐδέν
851 1083 1000 1135 ἐτίθει,
1038 1082 1262 1138 δημοτικὴν
1284 1083 1447 1140 τρυφὴν
1468 1085 1572 1126 δυσ-

106 1153 306 1208 χεραίνων
336 1154 402 1194 καὶ
430 1152 629 1207 τραπέζης
668 1152 904 1207 ἐλευθερίαν
936 1149 1390 1208 ἇποπροσποιούμενος,
1430 1150 1572 1195 στάσει

59 1231 155 1266 15τε
173 1221 240 1262 καὶ
258 1222 422 1279 νηστείᾳ
457 1219 666 1278 ὃλοημέρῳ
695 1224 1034 1274 προσκαρτερῶν,
1083 1217 1191 1262 οὕτω
1221 1221 1390 1272 δοκοῦν,
1428 1218 1569 1278 ἔκφερε
1592 1240 1620 1276 p
1646 1243 1711 1277 129

110 1285 237 1330 πόνου
265 1286 542 1344 φρονήματος.
611 1283 662 1343 ἦν
688 1287 767 1344 γὰρ
792 1294 882 1337 ταῖς
913 1287 1127 1342 ἀληθείαις
1146 1289 1209 1330 ἐπὶ
1228 1286 1390 1337 τούτοις
1408 1290 1476 1330 καὶ
1492 1289 1571 1332 αὖ-

111 1355 183 1397 τὸν
203 1360 322 1398 νικῶν
343 1356 415 1398 τὸν
442 1355 660 1409 ἀδάμαντα
680 1355 751 1398 τὸν
770 1360 844 1410 τῆς
862 1357 1083 1409 παροιμίας
1093 1388 1106 1407 ,
1135 1353 1192 1404 ὥς
1207 1355 1391 1398 ἇλουτεΐν
1411 1357 1479 1398 καὶ
1497 1375 1572 1410 νη-

113 1421 266 1466 στεύειν
287 1425 355 1467 καὶ
374 1431 603 1480 καρτερεῖν,
632 1420 781 1472 νύκτας
799 1435 842 1465 τε
864 1424 930 1465 καὶ
949 1421 1103 1480 ἡμέρας
1123 1420 1338 1477 ἱστάμενος
1348 1456 1361 1476 ,
1397 1425 1470 1466 καί
1487 1441 1566 1468 που

202 1547 234 1581 8.
257 1544 374 1591 μετὰ]
397 1542 480 1590 μετ’
506 1541 553 1582 ov’
575 1546 615 1580 Ρ.

111 1648 206 1683 denti
226 1647 322 1682 vultu
345 1648 528 1693 acciperet,
551 1647 806 1694 debitoremque
829 1660 866 1683 se
888 1647 936 1682 illi
958 1658 1021 1694 pro
1044 1648 1158 1692 gratia
1179 1648 1298 1690 ferret,
1324 1647 1442 1682 melius
1465 1648 1568 1683 etiam

109 1695 155 1728 de
175 1705 214 1729 se
235 1695 418 1736 meritum,
442 1694 472 1728 si
493 1698 748 1738 repraesentare
779 1694 869 1740 quod
891 1694 1148 1739 praesagiebat,
1178 1696 1214 1727 et
1235 1694 1278 1727 ad
1302 1694 1374 1728 voti
1397 1694 1569 1737 effectum,

110 1749 177 1785 quo
208 1740 276 1774 cito
306 1739 444 1774 dissolvi
467 1740 641 1784 cupiebat,
675 1739 770 1774 licite
801 1740 978 1786 cooperari
1007 1739 1183 1784 potuisset.
1229 1739 1282 1773 his
1312 1739 1418 1782 igitur
1452 1750 1569 1773 renum

109 1785 327 1820 atrocissimis
350 1786 527 1819 tormentis
550 1785 697 1820 confecti
719 1786 970 1831 exanimatique
995 1785 1128 1819 tandem
1149 1785 1403 1829 protovestiarii
1422 1784 1569 1818 cadaver

110 1830 323 1876 deportatum
345 1831 509 1865 Nicaeam
532 1836 606 1874 est,
632 1831 668 1865 in
690 1832 892 1866 monasterio
916 1832 985 1865 illic
1007 1830 1161 1865 Tornicii
1184 1830 1401 1870 condendum,
1423 1829 1481 1863 ubi
1504 1829 1567 1863 du·

111 1880 168 1910 cto
189 1888 211 1911 a
234 1877 376 1921 coniuge
399 1877 504 1911 dotali
525 1881 706 1922 patronatu
728 1878 924 1922 sepulturae
946 1877 1000 1911 ius
1022 1877 1181 1910 habebat.

200 1922 257 1957 32.
303 1922 344 1956 In
376 1923 464 1956 hunc
495 1923 625 1956 modum
656 1923 789 1957 sublato
819 1923 862 1956 de
892 1922 1002 1956 medio
1033 1919 1311 1964 protovestiario‚
1345 1918 1566 1953 ministerium

111 1966 201 2012 quod
231 1967 289 2001 ille
318 1972 473 2011 gesserat
501 1968 657 2012 publicae
679 1968 929 2012 gubernationis
954 1968 1139 2012 imperator
1168 1965 1360 1998 universum
1388 1965 1424 1997 in
1446 1965 1568 2009 mysti-

112 2022 188 2046 cum
209 2013 404 2054 transtulit3
435 2024 533 2058 quem
564 2018 601 2046 et
633 2025 699 2047 non
728 2014 831 2047 multo
855 2018 933 2058 post
964 2012 1114 2046 canicleo
1135 2010 1348 2055 praeposuit,
1382 2009 1457 2054 ipso
1491 2021 1566 2044 cum

110 2057 229 2102 paucis
251 2057 438 2091 consiliario
465 2058 508 2091 ad
531 2058 691 2103 pleraque
711 2063 748 2092 et
771 2058 967 2092 administro
989 2062 1107 2098 utens3
1143 2056 1234 2089 haud
1255 2055 1343 2089 hunc
1365 2055 1420 2089 vel
1441 2056 1502 2090 hos
1523 2067 1566 2090 eo

113 2102 252 2137 consilio
286 2102 351 2136 sibi
382 2103 581 2144 admovens,
618 2109 658 2137 ut
688 2104 830 2138 haberet
851 2115 989 2148 quorum
1011 2100 1216 2147 principales
1237 2111 1336 2134 curas
1358 2111 1419 2154 pro
1442 2112 1481 2135 se
1503 2102 1566 2136 ob-

111 2148 260 2182 euntium
280 2148 402 2182 vicarii
434 2148 560 2182 fiducia
591 2148 718 2182 laboris
751 2149 902 2183 securius
925 2149 1000 2192 ipse
1027 2150 1167 2181 vacaret
1188 2146 1504 2192 remissiombusque
1525 2158 1565 2181 se

111 2193 275 2236 dederet,
299 2193 361 2227 sed
383 2193 426 2227 iis
447 2193 522 2238 ipse
545 2193 772 2228 adiutantibus
795 2206 856 2238 pro
878 2194 966 2227 virili
989 2193 1214 2233 collaborans,
1245 2191 1447 2226 auctoritate
1470 2193 1566 2237 prin-

112 2239 219 2284 cipis,
251 2239 429 2273 tolerantia
452 2242 486 2273 et
509 2239 636 2273 duritia
657 2251 725 2273 non
747 2239 871 2284 privati
892 2239 988 2272 modo
1011 2237 1071 2272 sed
1095 2239 1219 2281 (paene
1242 2237 1401 2281 dixerim)
1426 2238 1563 2283 plebeii.

109 2285 197 2319 adeo
231 2285 400 2319 mollitiem
433 2284 616 2318 nobilitatis
654 2296 783 2319 omnem
825 2284 1031 2329 deliciasque
1073 2283 1249 2316 reiecerat.
1294 2294 1408 2317 mensa
1444 2295 1564 2328 nempe

109 2329 217 2375 ipsius
237 2330 343 2375 regia,
366 2331 462 2364 cuius
484 2331 640 2364 accubitu
661 2330 811 2376 quotidie
832 2330 961 2375 aliquos
991 2341 1012 2363 e
1034 2328 1202 2374 primariis
1223 2333 1396 2364 senatores
1417 2329 1564 2364 honora-

111 2375 184 2419 bat,
208 2376 298 2410 haud
321 2381 396 2411 erat
417 2376 598 2411 Homerica
620 2376 677 2410 illa
700 2377 833 2416 lautior,
853 2387 922 2421 qua
942 2374 1076 2421 priscus
1096 2377 1323 2418 Agamemnon

456 2422 610 2468 perpetui
632 2427 730 2465 tergo
753 2422 848 2456 bovis
869 2420 1062 2466 excipiebat
1082 2420 1218 2454 amicos.

111 2465 264 2512 adeoque
285 2467 415 2512 regium
437 2468 511 2502 eius
533 2468 667 2511 generis
689 2468 801 2502 luxum
825 2470 1091 2511 contempserat,
1117 2469 1157 2499 ut
1177 2477 1221 2499 ne
1242 2464 1331 2499 civili
1351 2465 1505 2511 quidem,
1527 2468 1564 2499 et

111 2512 242 2556 qualem
265 2524 330 2546 non
352 2513 452 2557 plane
472 2524 640 2558 pauperes
663 2525 682 2547 e
703 2513 804 2558 plebe
823 2514 930 2547 ferme
951 2516 1200 2554 consectantur,
1221 2511 1394 2556 epulamm
1416 2513 1565 2555 eleganti

112 2557 286 2601 diligentia
306 2557 371 2592 sibi
396 2559 579 2593 ministrari
601 2559 744 2593 libenter
765 2560 895 2600 ferret,
926 2557 1056 2603 copiam
1078 2557 1114 2590 in
1138 2568 1180 2590 eo
1199 2556 1405 2591 moderatam
1427 2566 1564 2601 quoque

114 2606 151 2636 et
181 2614 202 2636 a
235 2603 430 2648 profusione
463 2609 625 2639 remotam
663 2604 842 2646 abdicans,
882 2603 1015 2638 interim
1046 2602 1124 2636 dum
1152 2601 1223 2636 dies
1252 2605 1344 2637 totos
1375 2602 1564 2647 perdurans

113 2646 262 2689 ieiunus,
283 2649 425 2693 pedibus
446 2650 618 2684 insisteret
639 2650 833 2685 incumbens
856 2649 971 2694 operi,
993 2652 1248 2693 monstransque
1266 2647 1469 2682 indefessum
1491 2646 1565 2679 for·
1628 2672 1631 2673 γ

113 2691 160 2725 tis
206 2693 346 2738 repositi
367 2696 490 2737 robur,
522 2706 561 2729 re
591 2706 694 2737 vera,
726 2696 801 2740 ipso
833 2694 939 2739 (quod
960 2693 1070 2736 aiunt)
1092 2693 1269 2728 adamante
1290 2693 1406 2727 durior
1427 2691 1463 2724 in
1486 2690 1564 2725 iuu-

114 2747 179 2780 gen
203 2749 223 2771 o
246 2738 319 2772 dies
341 2740 518 2782 noctibus,
540 2741 699 2774 continua
719 2740 887 2782 statione,
907 2739 1081 2774 irremissa
1103 2739 1338 2779 contentione,
1363 2737 1447 2770 citra
1469 2735 1566 2770 laxa-

114 2785 260 2816 mentum
280 2783 384 2817 ullum
404 2784 537 2819 lotionis
565 2789 625 2820 ant
655 2785 740 2830 cibi;
771 2785 851 2831 quin
882 2784 941 2820 ubi
965 2783 1019 2819 sic
1039 2795 1142 2831 saepe
1164 2784 1208 2819 ad
1230 2785 1367 2818 multam
1388 2784 1520 2816 noctem
1542 2792 1565 2816 a

170 2834 344 2880 Georgius
371 2836 595 2881 Pachymeres
623 2838 673 2871 ΙΙ.
1235 2834 1288 2873 13
