1858 3126
292 134 390 182 624
697 134 927 179 ‚GEORGII
962 136 1308 185 PAGHYMERIS

291 243 447 293 νουῗται
469 247 541 301 μὲν
559 242 631 290 οὖν
649 247 686 290 οἱ
707 248 811 291 κατὰ
831 246 946 292 πόλιν
960 248 1053 306 ἄρτι
1070 247 1240 307 πρώτως
1260 253 1372 308 παρὰ
1389 258 1464 298 τοῦ
1481 257 1598 312 σφῶν
1616 263 1738 298 avve:

292 318 409 373 δρῖου
437 315 573 368 ἄββᾶν
601 313 808 370 δεξάμενοι
841 318 990 375 (δηλοῖ
1011 319 1056 361 δὲ
1083 317 1108 374 ἡ
1142 320 1257 376 φωνὴ
1287 321 1359 363 τὸν
1380 319 1618 376 ἡγούμενον,
1655 323 1732 377 ἔχει

291 385 338 427 δ’
361 378 480 434 οὗτος
495 384 570 439 τὴν
587 389 662 427 τοῦ
683 382 815 439 δήμου
833 388 1084 441 προστασίαν
1096 420 1107 439 ,
1141 386 1195 437 ὡς
1214 389 1327 443 παρὰ
1340 387 1551 442 Ῥωμαίοις
1570 388 1591 432 ὃ
1609 394 1730 446 πραί-

240 465 270 498 Β
294 470 378 508 τωρ
409 457 484 495 τοῦ
515 449 646 507 δήμου
684 451 835 510 πάλαι)
874 453 1168 512 Ἀμογαβάροις
1205 455 1357 510 ἤθελον
1393 454 1728 501 διαλλάττεσθαι·

291 521 387 564 οὐδὲ
417 520 495 577 γὰρ
528 519 632 576 εἶχον
661 520 792 571 ἄλλως
821 523 894 577 τὴν
916 521 1026 566 κάτω
1043 525 1357 576 διαπλοίίζεσθαι
1377 524 1480 566 κατὰ
1500 525 1574 574 τὰς
1598 524 1763 570 αὖτῶνὸ

291 590 568 645 πραγματείας
582 587 814 633 θάλασσαν.
850 590 978 647 ταύτῃ
999 609 1061 634 τοι
1085 593 1148 633 καὶ
1168 593 1221 634 τὰ
1239 596 1311 646 τῆς
1329 593 1540 648 πρεσβείας
1559 590 1581 635 ὅ
1597 592 1733 646 ἀββᾶς

291 657 510 711 ἀνεδέχετο.
557 659 622 699 καὶ
642 662 807 710 βασιλεῖ
820 659 1001 714 γνωσθὲν
1011 692 1023 711 ,
1061 661 1141 702 ἐπεὶ
1162 660 1338 715 στρατὸν
1355 658 1483 715 βάρος
1501 660 1642 715 ἔχοντα
1659 660 1733 703 οὐκ

291 724 368 780 εἶχε
397 725 564 778 πέμπειν
578 758 591 778 ,
630 724 732 768 ἀλλά
754 743 842 768 τινα
863 731 944 769 τῶν
968 731 1141 781 ψιλικῶν
1165 726 1378 783 ταγμάτων
1399 730 1487 784 περὶ
1511 728 1581 771 τὸν
1607 728 1732 784 με’γαν

291 791 567 849 ἕταιρειάρχην
596 789 702 849 ἦσαν
734 794 803 836 τὸν
838 793 1029 847 Δούκαν,
1068 796 1138 844 οὓς
1168 792 1258 851 ἦγεν
1288 796 1343 838 ὢν
1370 798 1432 838 ἐπὶ
1457 800 1530 838 τοῦ
1553 799 1731 851 στρατοῦ

291 859 515 918 πρότερον,
545 860 595 916 ἤν
625 860 680 918 πῄ
710 880 806 904 ποτε
838 863 1045 919 κρυφηὸὸν
1076 865 1141 906 καὶ
1176 865 1216 914 ἐξ
1250 864 1413 918 ἐνέδρας
1441 862 1732 919 προσβάλλοιεν
1745 870 1787 905 10

290 929 370 987 (οὗ
395 930 471 985 γὰρ
498 924 548 984 ἦν
568 935 751 986 φανερῶς
775 929 1140 987 ἀντιτάττεσθαι),
1179 931 1247 974 διὰ
1268 937 1399 974 ταῦτα
1421 931 1494 974 οὐκ
1511 926 1560 986 ἦν
1581 931 1732 974 ἀποδέ-

242 1006 272 1039 C
291 1002 442 1052 χεσθαι
460 1001 500 1040 Γ
497 1000 700 1048 εννουί’”τας
725 999 826 1054 πρὸς
846 999 1021 1056 ἐχθροὺς
1039 1005 1119 1043 τῶν
1135 998 1340 1052 Ῥωμαίων
1358 997 1516 1056 εἰρήνην
1543 1000 1734 1042 συντίθε-

290 1070 394 1109 σθαι
415 1066 627 1115 θέλοντας.
673 1066 790 1109 ἔνθεν
815 1070 879 1109 καὶ
897 1072 1059 1122 πρῶτον
1077 1069 1150 1121 μὲν
1171 1068 1336 1121 πέμψας
1358 1067 1608 1110 ἀναστέλλειν
1628 1066 1732 1109 ἒπει-

291 1138 391 1188 ρᾶτο
411 1133 457 1176 τὸ
477 1131 667 1189 βούλημα
678 1166 691 1187 ,
728 1133 782 1184 ὥς
799 1135 844 1177 δ’
865 1135 938 1178 οὐκ
959 1135 1116 1178 ἔπειθεν
1128 1168 1141 1187 ,
1173 1134 1271 1178 εἶναι
1292 1136 1365 1189 μὲν
1389 1137 1454 1177 καὶ
1476 1133 1595 1177 πάλιν
1615 1134 1732 1177 οὐδὲν

288 1196 412 1258 ἧττον
439 1206 548 1259 σφᾶς
568 1204 712 1259 φίλους
731 1205 796 1245 καὶ
816 1208 978 1257 βασιλεῖ
994 1206 1060 1246 καὶ
1078 1202 1307 1256 Ῥωμαίοις,
1334 1203 1402 1260 ἐφ’
1423 1201 1483 1252 οἷς
1504 1204 1570 1245 καὶ
1589 1201 1732 1256 ὅρκους
1744 1208 1786 1242 15

290 1268 576 1324 ἀπαιτούμενοι
605 1271 702 1320 τούς
730 1269 1111 1326 παλαμναιοτάτους
1132 1273 1341 1324 ἐδίδοσαν,
1379 1266 1405 1326 ἦ
1425 1271 1506 1325 μὴν
1525 1265 1733 1320 natavi-913

289 1336 392 1396 ὑπὲρ
416 1337 623 1392 Ῥωμαίων
658 1369 903 1384 ........
940 1342 1006 1382 καὶ
1036 1339 1182 1397 ὅρκους
1212 1371 1392 1383 ......
1423 1337 1562 1396 ἑτέραν
1579 1337 1733 1393 βουλὴν

290 1458 435 1481 nuenses
459 1446 745 1491 Constantinopoli
775 1447 934 1491 degentes
963 1447 1164 1482 destinatum
1186 1447 1227 1482 iis
1249 1447 1406 1492 regendis
1429 1448 1472 1482 ab
1493 1446 1638 1493 ipsorum
1661 1458 1732 1481 me-

289 1492 431 1536 tropolis
453 1498 573 1526 senatu
596 1493 824 1536 magistratum
853 1505 1061 1538 supremum,
1091 1505 1186 1538 quem
1211 1494 1324 1527 dicunt
1346 1495 1496 1536 Abbam‚
1527 1503 1610 1527 voce
1631 1503 1734 1536 prae·

290 1538 417 1571 fectum
450 1544 508 1570 aut
539 1538 765 1581 praepositum
796 1544 947 1572 sonante.
994 1539 1048 1572 hic
1081 1540 1254 1583 praeditus
1285 1539 1488 1573 auctoritate
1519 1537 1553 1571 in
1578 1539 1733 1582 populum

292 1587 345 1616 est
377 1582 450 1615 eius
483 1581 577 1616 simili
610 1594 707 1626 quam
731 1583 806 1616 olim
829 1584 919 1627 apud
942 1585 1108 1617 Romanos
1138 1590 1274 1628 praetor
1298 1583 1410 1628 populi
1434 1584 1588 1616 habebat.
1633 1582 1733 1616 huius

291 1628 468 1662 occasione
499 1627 684 1668 adventus,
718 1629 944 1661 consultantes
975 1629 1017 1662 de
1047 1630 1146 1662 rebus
1177 1629 1247 1662 suis
1271 1628 1423 1662 Galatini
1447 1630 1644 1662 Genuenses
1665 1639 1732 1662 uno

292 1684 434 1708 assensu
464 1678 690 1707 convenerunt
719 1674 907 1707 necessario
941 1673 1005 1707 sibi
1036 1674 1220 1708 faciendam
1254 1685 1327 1707 cum
1349 1673 1568 1716 Amogabaris
1601 1684 1732 1718 pacem:

293 1719 394 1753 aliter
430 1719 515 1752 enim
547 1730 645 1764 quam
669 1719 711 1752 iis
733 1731 794 1764 per
818 1731 858 1752 ea
881 1721 954 1752 loca
978 1719 1247 1763 praevalentibus
1269 1719 1303 1753 in
1326 1719 1593 1763 compositionem
1617 1730 1732 1752 secum

292 1764 466 1803 adductis,
499 1764 622 1798 liberas
651 1764 735 1810 ipsis
757 1777 796 1798 nc
819 1775 955 1798 securas
981 1776 1045 1798 non
1077 1766 1149 1798 sore
1173 1764 1403 1807 navigationes
1426 1763 1592 1798 Euxinum
1614 1775 1731 1799 versus

293 1809 336 1844 ad
360 1809 508 1855 emporia
527 1809 656 1844 illarum
679 1810 844 1854 partium,
879 1821 898 1842 e
922 1821 1060 1855 quorum
1082 1810 1284 1844 commerciis
1307 1821 1385 1855 spes
1407 1821 1448 1843 ac
1471 1809 1618 1844 rationes
1642 1819 1731 1844 mer-

291 1860 452 1897 caturae,
484 1855 538 1890 cui
570 1855 772 1900 potissimum
805 1856 989 1896 vacabant,
1022 1867 1140 1899 magna
1163 1868 1204 1889 ex
1227 1861 1326 1900 parte
1347 1856 1543 1900 penderent.
1588 1866 1628 1889 eo
1651 1865 1733 1889 oon-

291 1912 393 1936 sensu
427 1907 463 1936 et
494 1900 544 1934 rei
576 1901 860 1934 verisimilitudine
883 1901 986 1946 ipsius
1009 1902 1122 1935 Abbas
1153 1908 1261 1935 motus
1290 1901 1485 1945 legationem
1509 1900 1542 1934 ei
1562 1901 1639 1944 paci
1661 1904 1734 1934 tra-

292 1947 438 1981 ctandae
468 1958 529 1992 per
557 1957 595 1980 se
624 1947 806 1980 obeundam
835 1947 875 1980 ad
906 1948 1134 1990 Amogabaros
1155 1947 1314 1992 suscepit.
1358 1946 1539 1980 indicatum
1561 1946 1596 1979 id
1621 1945 1732 1980 consi·-

292 1992 371 2026 lium
394 1993 584 2036 imperatori
606 1998 659 2026 est
681 1997 748 2026 tum
774 1993 933 2034 maxime,
958 1998 996 2026 ut
1020 1993 1143 2026 dictum
1167 1997 1238 2033 est,
1261 1994 1389 2027 intento
1411 1991 1639 2036 excogitandis
1660 2002 1733 2025 mo·-

292 2037 346 2070 dis
378 2037 556 2071 resistendi
578 2038 808 2081 Amogabaris.
854 2038 1038 2072 exercitum
1064 2039 1150 2072 enim
1171 2039 1313 2079 iustum,
1351 2049 1449 2083 quem
1471 2037 1513 2071 iis
1534 2040 1733 2082 opponeret,

293 2093 356 2115 nec
389 2083 536 2116 habebat
566 2084 607 2116 ad
643 2095 771 2117 manum
805 2095 867 2117 nec
899 2084 987 2117 unde
1017 2090 1154 2127 cogeret
1186 2085 1397 2129 suppetebat.
1442 2087 1571 2117 tanturn
1595 2081 1730 2127 quidam

292 2127 380 2161 levis
403 2133 592 2162 armaturae
614 2129 745 2162 ordines
767 2135 986 2173 supererant3
1017 2140 1099 2174 quos
1123 2141 1261 2174 magnus
1283 2129 1515 2163 hetaeriarcha
1536 2128 1648 2161 Duces
1669 2137 1732 2160 ex-

293 2172 419 2207 ercitus
441 2174 565 2214 totius,
600 2179 778 2219 antequam
801 2175 1043 2219 dissiparetur,
1077 2175 1164 2216 dux,
1194 2175 1339 2219 reliquas
1362 2175 1469 2208 adhuc
1493 2173 1662 2214 habebat,
1685 2171 1730 2205 ad

292 2229 386 2252 usum
408 2219 604 2252 furtivarum
629 2220 803 2253 dumtaxat
833 2220 1174 2255 excursiuncularum:
1210 2221 1298 2254 haud
1321 2220 1406 2254 enim
1429 2220 1538 2264 palam
1559 2221 1731 2251 ostentare

291 2273 334 2296 ex
358 2263 500 2297 adverso
523 2265 664 2298 frontem
689 2269 754 2299 tarn
779 2266 889 2299 multis
912 2271 979 2299 tarn
1003 2277 1126 2310 paucos
1154 2254 1231 2299 beili
1253 2265 1340 2299 ratio
1365 2269 1424 2298 aut
1445 2261 1624 2298 communis
1645 2273 1730 2307 pru-

290 2307 405 2342 dentia
428 2309 568 2343 sinebat.
614 2310 697 2343 haec
720 2315 839 2344 cuncta
862 2323 974 2344 secum
996 2311 1177 2355 imperator
1206 2316 1365 2355 reputans
1390 2309 1528 2354 primum
1551 2307 1732 2351 experiun-

291 2353 368 2386 dum
397 2354 552 2397 putavit,
581 2355 701 2399 ecquid
732 2367 893 2390 revocare
925 2358 1122 2390 Genuenses
1145 2368 1166 2390 a
1189 2356 1325 2389 consilio
1356 2354 1447 2399 pacis
1470 2353 1731 2396 Amogabaricae

289 2404 418 2444 posset.
465 2399 552 2432 misit
575 2411 655 2443 ergo
679 2401 735 2444 qui
760 2413 831 2435 eam
855 2402 1105 2443 dissuaderent3
1137 2402 1258 2445 quibus
1281 2411 1353 2434 cum
1377 2403 1467 2432 esset
1490 2409 1684 2442 responsum
1708 2409 1731 2432 a

290 2443 527 2478 Genuensibus
559 2446 757 2478 necessariis
780 2458 817 2480 se
841 2447 952 2479 causis
975 2446 1017 2479 ad
1041 2458 1112 2479 eam
1144 2445 1334 2479 tentandam
1359 2443 1607 2477 conventionem
1630 2442 1731 2484 trahi,

289 2500 353 2524 nec
375 2489 487 2522 fraudi
511 2500 582 2522 eam
606 2489 765 2524 Romanis
788 2495 848 2524 aut
869 2491 1063 2535 imperatori
1083 2492 1166 2533 sore,
1190 2490 1309 2534 quibus
1332 2488 1430 2522 amici
1453 2493 1488 2522 et
1510 2488 1570 2521 fidi
1593 2499 1668 2522 esse
1690 2491 1731 2522 ut

290 2538 392 2569 antea
413 2545 478 2568 non
501 2534 714 2575 desisterent,
737 2541 910 2580 postquam
934 2536 1116 2569 indemnem
1138 2535 1173 2568 in
1196 2535 1268 2568 loca
1291 2534 1372 2578 ipsis
1395 2540 1583 2578 opportuna
1604 2533 1731 2567 transi-

292 2585 363 2614 tum
391 2580 434 2614 ab
458 2580 606 2613 hostibus
630 2580 850 2614 Romanorum
881 2581 1107 2625 pepigissent,
1139 2584 1239 2625 prout
1269 2590 1403 2612 suorum
1434 2579 1580 2613 rationes
1611 2578 1732 2612 merci-

293 2625 473 2661 moniorum
497 2625 704 2668 flagitabant.
749 2631 827 2670 post
855 2637 941 2670 quae
964 2626 1073 2668 rogati
1096 2629 1134 2659 ut
1155 2625 1271 2658 saltem
1298 2624 1510 2658 iurisiurandi
1531 2625 1599 2657 fide
1621 2625 1732 2658 inter-

293 2671 406 2716 posita
434 2674 594 2705 caverent
623 2681 660 2704 se
694 2682 759 2704 non
789 2671 963 2704 adiuturos
993 2671 1155 2704 adversus
1187 2681 1256 2703 rem
1286 2670 1467 2703 Romanam
1489 2670 1732 2714 Amogabaros,

294 2721 355 2750 aut
384 2715 562 2761 quidquam
598 2716 661 2749 hoc
693 2720 765 2750 toto
788 2716 823 2749 in
846 2715 980 2760 negotio
1003 2720 1136 2749 acturos
1167 2715 1349 2749 abhorrens
1373 2717 1416 2749 ab
1439 2716 1600 2760 obsequio
1621 2715 1731 2760 impe·

295 2762 400 2796 ratori
421 2773 442 2796 a
463 2773 502 2796 se
522 2761 636 2797 debito
661 2765 696 2796 et
718 2761 762 2798 ad
786 2765 966 2796 extremum
989 2761 1040 2796 uti
1063 2762 1224 2796 hacteuus
1247 2760 1447 2803 exhibendo,
1468 2760 1514 2795 illi
1538 2759 1625 2796 haud
1647 2770 1730 2795 cun-

1848 2355 1858 2461 ··..1;..-.l
1855 2329 1858 2342 -
1854 2307 1858 2315 ..
1848 2234 1858 2247 x
