1820 3112
394 148 469 190 DE
503 145 834 189 ANDRONICO
861 141 1238 187 PALAEOLOGO
1270 142 1318 184 L.
1338 140 1394 185 11.
1545 138 1639 184 125

178 262 258 306 ἴδει
275 262 319 305 δὲ
338 265 552 304 συνελθεῖν
572 261 638 302 καὶ
658 256 800 313 μόνον.
870 255 926 307 ὥς
948 256 992 298 δ’
1027 254 1054 311 ἡ
1075 256 1195 311 κυρία
1217 254 1399 310 παρέστη
1420 253 1488 295 καὶ
1509 251 1644 295 ἀπαν-

178 335 256 374 τᾶν
290 330 370 372 ἴδει
403 331 459 378 εἷς
490 328 642 371 ταιῖτόν
675 325 858 378 πάντας,
905 324 1032 374 αὐτὸς
1058 322 1224 375 συνάμα
1251 330 1338 371 τοῖς
1371 321 1483 378 ἀμφ’
1515 320 1643 364 αὐτὸν
1665 328 1694 363 Ρ
1718 327 1764 363 84

180 399 446 454 πρωΐαίτερον
470 395 729 451 ἕτοιμασθεὶς
748 395 921 451 ἔφιππος
945 393 1020 435 σίν
1040 393 1228 448 ε’φίπποις
1258 391 1362 447 πρὸς
1379 389 1425 432 τὸ
1444 387 1644 432 παλάτιον

179 467 343 525 ἀπαντᾷ
355 499 368 518 ,
405 467 476 508 καί
495 482 574 507 που
599 462 813 517 ἱστάμενος
831 462 907 512 ἕξω
928 459 982 510 ὥς
1000 460 1137 514 ἔτυχεν
1158 460 1259 514 ἔχων
1271 492 1284 511 ,
1323 457 1452 513 δήλην
1479 462 1538 516 τῷ
1562 463 1646 512 βα-

145 539 284 578 5σιλεΐ
299 534 373 590 τὴν
397 533 600 590 σφετέραν
617 529 859 583 ποιούμενος
887 529 1023 586 ἄφιξιν
1046 528 1236 571 ἀπαντᾶν
1265 527 1340 582 τὴν
1362 529 1556 581 ταχίστην
1577 528 1646 569 καὶ

178 602 318 660 κριτὰς
345 603 412 644 καὶ
442 598 695 656 κατηγόρους
718 599 847 654 ἠξίου.
919 596 941 640 ὁ
969 598 1107 651 με’ντοι
1134 614 1175 652 γε
1194 595 1389 650 βασιλεὺς
1408 593 1645 651 σοφώτερόν

177 688 216 714 τι
232 672 299 713 καὶ
315 667 553 725 βαθύτερον
575 670 738 719 ἐννοῶν,
775 665 830 716 ὥς
849 669 1055 722 γεγονυίας
1077 670 1152 719 τῆς
1170 665 1382 715 διαλέξεως
1400 663 1519 707 οὐδὲν
1538 662 1644 714 ὅλως

173 736 352 794 χωρήσει
383 736 478 780 κατ’
511 736 643 792 ὀρθὸν
672 735 719 778 τὸ
739 740 932 790 πρᾶγμα,
970 732 1025 783 ὥς
1047 732 1228 789 θάτερον
1260 733 1414 789 ἀμφοῖν
1434 732 1640 787 γενέσθαι,

178 806 204 860 ἢ
225 808 372 848 ἐκεῖνον
391 804 571 862 φανέντα
586 804 708 847 κακὸν
727 802 938 858 ἡσυχάζειν
958 801 982 856 ἢ
1002 803 1175 852 ἐκείνους
1195 804 1398 855 διαβολεῒς
1417 798 1641 855 ὁμολογεῖν,

124 885 167 917 10
178 874 283 917 ἀλλὰ
301 874 543 929 παραμένειν
566 875 634 915 καὶ
653 867 779 921 αὖθις
805 871 853 914 τὸ
880 869 1133 923 σκάνδαλον,
1170 868 1332 927 φύσεως
1347 867 1521 924 ἐχόντων
1552 873 1634 912 τῶν
1657 877 1687 912 Β

177 941 307 999 λόγων
326 940 457 998 λόγοις
479 938 701 996 μάχεσθαι,
737 938 792 990 ὥς
812 937 1062 996 πραγμάτιον
1083 940 1150 981 καὶ
1167 937 1306 993 μόνων
1322 937 1423 981 εἶναι
1442 937 1518 992 τὴν
1536 935 1639 992 ὄμο-

177 1012 314 1067 λογίαν
336 1015 409 1065 τῆς
431 1008 617 1066 φύσεως,
654 1007 708 1059 ὥς
736 1008 872 1063 ἔχουσι
903 1006 1158 1065 φαινομένων
1193 1009 1258 1049 καὶ
1278 1007 1337 1061 μὴ
1360 1004 1415 1056 ὦς
1442 1007 1638 1062 λε’γονται,

171 1083 310 1130 ταῦτα
343 1075 553 1132 σκοπήσας
566 1110 579 1130 ,
631 1079 698 1119 καὶ
736 1081 895 1129 μᾶλλον
930 1076 992 1118 ὅτι
1031 1082 1115 1125 τοῖς
1148 1080 1455 1129 καταβαλοῦσαν
1482 1074 1556 1117 οὐκ
1584 1077 1640 1125 εἷς

177 1146 362 1204 ἀσφαλὲς
391 1144 525 1203 πάντῃ
555 1146 765 1201 περισταίη
799 1144 850 1188 ἂν
875 1145 923 1188 τὸ
943 1145 1130 1198 πραχθὲν
1154 1142 1209 1194 ὥς
1229 1147 1285 1194 εἰς
1304 1143 1522 1197 ὀβελισμόν
1541 1142 1641 1200 ἆγο-

124 1230 166 1266 15
174 1215 311 1270 με’νοις
339 1214 408 1257 διὰ
428 1215 503 1269 τὴν
531 1219 603 1256 τοῦ
636 1218 922 1269 χειροτονητοῦ
954 1214 1242 1266 παραβασίαν,
1292 1215 1358 1254 καὶ
1389 1215 1549 1265 μᾶλλον
1577 1212 1641 1255 ὅτι

175 1285 243 1326 καὶ
262 1283 308 1326 τὸ
334 1283 553 1339 ἐπισφαλὲς
574 1280 865 1337 ὁμολογοῦντες
886 1280 1153 1336 ὑπέγραψαν,
1192 1282 1267 1323 οὐκ
1284 1281 1434 1336 ἔκρινεν
1455 1282 1510 1330 εἷς
1531 1298 1640 1334 συμ-

176 1351 301 1409 φέρον
317 1351 506 1407 γενέσθαι
527 1350 602 1406 τὴν
620 1351 764 1408 κρίσιν.
835 1348 934 1393 ὅθεν
955 1351 1022 1392 καὶ
1042 1349 1209 1404 πέμψας
1230 1347 1395 1406 ἀπήρτα
1413 1348 1489 1405 τὴν
1504 1351 1639 1392 διαδι-
1661 1361 1692 1396 c

172 1505 242 1538 iam
263 1507 333 1539 tum
357 1503 464 1549 primo
485 1514 589 1549 eques
611 1503 688 1549 ipse
711 1515 786 1538 cum
808 1501 909 1538 sociis
931 1503 1013 1539 item
1036 1501 1209 1548 equitibus
1232 1501 1276 1536 ad
1298 1513 1455 1548 magnum
1478 1502 1639 1549 palatium

174 1550 354 1595 expeditus
384 1561 574 1583 occurrens.
621 1561 661 1583 ac
694 1549 752 1583 ubi
786 1550 926 1594 primum
960 1549 1127 1595 palatinos
1149 1548 1317 1583 ministros
1340 1548 1491 1595 reperit,
1524 1549 1639 1583 consi-

172 1600 289 1638 stens,
311 1595 467 1630 nuntiare
489 1595 586 1629 iussit
607 1595 803 1640 imperatori
826 1607 920 1629 suurn
944 1596 1146 1636 adveutum,
1169 1606 1359 1638 rogareque
1384 1607 1405 1628 a
1427 1607 1465 1629 se
1489 1599 1527 1629 ut
1549 1595 1637 1628 iudi-

146 1659 148 1661 >
174 1653 232 1676 ces
267 1641 506 1686 quamprimum
549 1646 583 1674 et
617 1646 832 1675 accusatores
875 1641 966 1675 coire
1002 1652 1081 1675 suos
1124 1641 1239 1675 vellet.
1302 1652 1416 1675 verum
1455 1641 1641 1685 imperator

172 1698 213 1721 re
241 1686 405 1721 attentius
438 1687 653 1721 considerata
679 1691 873 1722 mutaverat
905 1687 1116 1721 sententiam.
1162 1691 1323 1731 repetens
1358 1687 1444 1720 enim
1474 1686 1638 1720 memoria

171 1743 364 1767 successum
402 1732 519 1766 similis
558 1733 715 1777 colloquii
756 1744 831 1767 cum
862 1734 975 1768 Vecco
1015 1732 1146 1774 habiti,
1183 1744 1226 1766 ex
1258 1744 1325 1777 quo
1358 1732 1442 1766 nihil
1476 1732 1560 1765 utile
1591 1732 1636 1766 ad

171 1789 290 1823 pacem
322 1778 487 1812 ecclesiae
519 1779 748 1823 provenisset,
779 1778 879 1812 facile
910 1779 1121 1823 intelligebat
1151 1778 1240 1811 haud
1270 1778 1426 1812 maiorem
1460 1777 1635 1821 expectari

171 1825 298 1858 debere
320 1830 504 1857 conventus
527 1824 626 1858 huius
647 1825 807 1858 fructum.
852 1825 994 1858 alterum
1018 1824 1105 1858 enim
1127 1823 1319 1857 necessario
1345 1828 1561 1863 secuturum,
1596 1826 1635 1856 ut

170 1874 233 1903 aut
255 1869 444 1913 Gregorius
474 1881 637 1913 peccasse
668 1871 835 1904 iudicatus
868 1870 1015 1915 indeque
1044 1869 1204 1903 redactus
1238 1869 1273 1902 in
1303 1868 1451 1902 ordinem
1479 1867 1634 1912 privatus

169 1914 315 1955 viveret,
338 1919 399 1949 aut
420 1915 525 1960 ipsius
547 1916 655 1960 palam
679 1915 871 1949 innocentia
904 1921 1085 1960 perspecta
1109 1914 1180 1948 eius
1202 1914 1389 1948 adversarii
1409 1912 1570 1946 infamiae
1592 1925 1635 1947 ac

170 1959 290 2004 poenis
320 1960 593 1994 calumniatorum
626 1961 855 1995 subiacerent.
901 1962 1067 1995 utrumvis
1095 1965 1206 1993 autem
1237 1959 1465 2002 contingeret,
1498 1969 1634 1992 mansu-

170 2015 244 2038 rum
275 2004 487 2039 nihilominus
519 2006 683 2040 ecclesiae
714 2007 929 2048 scandalum,
961 2018 1025 2040 nec
1053 2005 1225 2039 remissius
1254 2005 1428 2038 saevitura
1450 2003 1633 2039 rixantium

169 2049 301 2094 iurgia,
332 2061 407 2084 cum
435 2061 607 2085 sermones
641 2063 814 2096 opponere
836 2052 1065 2092 sermonibus,
1096 2056 1131 2084 et
1153 2055 1275 2083 natura
1298 2056 1487 2095 promptum
1511 2055 1548 2084 et
1568 2061 1632 2084 usu

171 2107 214 2130 ac
236 2095 374 2129 licentia
394 2095 556 2130 infinitum
583 2097 639 2138 sit,
660 2097 825 2141 siquidem
849 2097 904 2131 ubi
928 2108 983 2130 res
1006 2097 1113 2141 ipsae,
1139 2106 1227 2140 quae
1251 2096 1497 2129 controversias
1521 2095 1632 2141 palam

170 2141 342 2175 exhibitae
362 2140 519 2182 finirent,
542 2153 608 2175 uon
632 2143 852 2187 proferuntur
874 2142 940 2176 nisi
959 2144 1114 2176 larvatae
1135 2140 1272 2183 formis,
1296 2141 1419 2186 quibus
1442 2152 1501 2175 eas
1522 2142 1633 2176 disse-

168 2187 314 2221 rentium
337 2186 447 2220 oratio
470 2186 622 2227 fucavit,
655 2189 747 2220 nulla
770 2199 849 2232 spes
872 2191 982 2221 restat
1001 2187 1107 2220 litium
1130 2186 1347 2220 finiendarum
1355 2212 1366 2230 ,
1390 2186 1513 2232 quibus
1534 2187 1632 2222 inex-

169 2232 293 2266 hausta
315 2232 479 2266 humanae
509 2232 643 2276 linguae
672 2234 862 2277 loquacitas
895 2233 1132 2276 scaturiginem
1155 2243 1287 2277 semper
1307 2238 1469 2277 suggeret
1489 2238 1630 2267 aeterno

169 2277 335 2323 profluvio
357 2277 578 2312 suffecturam
592 2304 600 2319 ,
634 2289 701 2312 una
733 2278 827 2319 sola,
861 2279 922 2311 sed
945 2278 1068 2312 dudum
1091 2277 1218 2323 ubique
1240 2278 1421 2323 desperata
1442 2279 1632 2313 conditione

170 2328 287 2357 certae
310 2324 405 2368 pacis
427 2323 518 2357 iuter
541 2323 691 2357 homines
723 2323 920 2368 proposita,
951 2323 982 2357 si
1013 2328 1130 2368 posset
1165 2323 1258 2357 effici
1280 2331 1318 2358 ut
1339 2324 1383 2358 de
1405 2325 1507 2359 rebus
1530 2330 1632 2370 prout

169 2379 209 2402 re
231 2380 314 2402 vera
335 2374 424 2410 sunt,
448 2381 514 2403 non
538 2376 639 2415 prout
662 2369 843 2414 pinguntur
864 2369 1018 2410 (licendo,
1038 2369 1256 2404 iudicaretur.
1302 2369 1447 2415 denique
1468 2370 1631 2404 adversa-

167 2413 291 2448 riorum
304 2415 479 2458 Gregorii,
504 2415 667 2449 hominum
690 2415 754 2449 sibi
777 2426 943 2453 carorum,
966 2426 1069 2448 causa
1091 2419 1128 2448 et
1148 2415 1297 2460 periculo
1319 2416 1464 2450 maxime
1484 2416 1631 2460 impera-

168 2465 224 2493 tor
246 2461 445 2494 movebatur
479 2461 523 2495 ad
545 2461 718 2494 vitandam
750 2461 857 2495 aleam
887 2460 1004 2493 indicii
1032 2461 1075 2494 de
1104 2461 1237 2494 homine
1267 2472 1365 2507 quem
1394 2461 1460 2507 ipsi
1481 2461 1630 2506 patriar-

169 2505 266 2539 cham
287 2505 470 2547 fecissent,
504 2506 599 2540 cuius
622 2512 712 2540 tomo
736 2505 1033 2550 subscripsissent,
1062 2505 1272 2541 instituendi.
1318 2518 1395 2542 nam
1416 2508 1481 2541 hoc
1502 2518 1629 2540 secun-

168 2549 246 2584 dum
269 2552 496 2585 accusantium
526 2558 605 2598 spes
627 2563 668 2585 ac
690 2556 771 2587 vota
792 2552 967 2593 damnato,
990 2551 1105 2585 statim
1127 2554 1317 2597 apparebat
1338 2564 1472 2587 errasse
1493 2552 1570 2586 illos
1591 2555 1629 2586 et

168 2595 314 2639 pessime
336 2597 499 2631 ecclesiae
521 2597 752 2638 consuluisse,
785 2597 844 2642 qui
866 2598 935 2631 suis
957 2601 1085 2631 temere
1106 2597 1279 2642 suffragiis
1300 2603 1481 2644 suspectae
1502 2597 1630 2632 doctri-

167 2650 234 2674 nae
255 2641 362 2675 virum
392 2642 429 2676 in
460 2643 614 2677 thronum
638 2643 851 2684 erexissent,
887 2642 976 2676 unde
1005 2646 1127 2696 postea
1159 2643 1367 2689 deprehensa
1401 2643 1472 2678 eius
1506 2655 1528 2677 a
1560 2642 1632 2676 fide

167 2687 262 2719 recta
290 2687 483 2722 defectione
513 2688 719 2722 deiiciendus
750 2687 945 2723 necessario
968 2689 1098 2723 fuisset.
1143 2690 1333 2734 apparebat
1362 2692 1398 2723 et
1428 2688 1554 2724 erroris
1585 2689 1630 2722 ob

168 2741 266 2774 quem
289 2731 319 2766 is
341 2732 517 2768 damnatus
546 2738 637 2768 esset
658 2734 748 2768 haud
771 2735 878 2768 fuisse
899 2733 1061 2768 immunes
1091 2736 1245 2778 eosdem,
1280 2740 1403 2780 utpote
1432 2733 1490 2779 qui
1522 2733 1629 2768 verba

166 2774 223 2809 illa
245 2781 422 2823 suspecta,
454 2780 518 2814 sub
550 2779 674 2826 quibus
703 2780 845 2815 latuisse
874 2779 1038 2815 haeresim
1060 2781 1273 2826 postmodum
1302 2781 1369 2827 ipsi
1398 2779 1628 2825 agnovissent,
