1820 3112
344 136 420 179 DE
452 135 782 180 ANDRONICO
821 135 1195 180 PALAEOLOGO
1231 137 1277 180 L.
1299 136 1354 180 11.
1491 135 1587 182 179

127 247 238 299 ὅπως
267 249 334 291 καὶ
361 247 442 305 ἀφ’
465 249 561 292 οἵων
582 253 664 292 τῶν
687 251 828 292 αἲτιῶν
846 248 1016 305 γέγονεν.
1088 249 1136 292 οὔ
1157 248 1235 305 γὰρ
1256 248 1321 292 ἐπ’
1343 249 1477 305 ὀλίγον
1497 250 1586 292 ἔπι-

114 314 310 372 ,δραμόῃ
347 316 443 359 ἀλλ’
475 316 571 360 ὅσον
601 315 800 361 §induat-ff
830 317 894 379 ι’ίνΙ
912 335 995 370 τις,
1034 322 1325 372 καταταχῆσαν
1356 320 1423 360 καὶ
1453 317 1584 373 αὐτὴν

126 387 255 441 με’σην
280 385 356 439 τὴν
385 384 502 428 πόλιν
532 387 573 428 ἓν
608 385 754 442 ἀκαρεῖ
783 384 1107 441 περιλήψεσθαι,
1152 390 1313 429 πολλῶν
1339 387 1414 440 μὲν
1446 388 1584 430 οἰκιῶν

129 452 257 509 κάλλη
277 454 409 497 πολλὰ
429 454 475 496 δ’
499 455 541 496 ἓν
559 453 703 504 αὗταΐς
720 454 996 507 ἀποτιθέμενα
1018 451 1256 510 δαρδάπτον
1269 486 1282 506 ,
1315 456 1380 496 καὶ
1400 454 1451 497 τὰ
1473 456 1584 497 δεινὰ

94 529 215 572 5τοῖς
244 520 461 578 πόρρωθεν
490 522 702 576 ἀπειλοῦν,
738 522 787 566 οὗ
810 521 1007 578 πρότερον
1031 522 1152 578 ἵστη,
1189 524 1284 578 πρὶν
1307 521 1358 564 ἂν
1383 521 1587 580 ἀμφόδοις

128 590 341 643 περιπεσὸν
369 593 425 640 εἷς
447 589 599 641 πλάτος
617 589 827 641 beadumg
843 588 1136 647 χειροποιήτως
1161 596 1243 634 τῶν
1270 588 1444 645 ἐχόντων
1466 596 1585 647 φθα-

128 658 290 702 σάντων
322 663 566 713 καταβαλεῖν
599 662 665 702 καὶ
694 657 957 716 προαρπάσαι
986 659 1062 714 τὴν
1087 658 1218 715 ὕλην,
1254 660 1377 702 ἐκεῖσε,
1407 658 1581 716 φθάσαν
1605 669 1635 703 C

129 727 204 782 οὐχ
224 725 310 770 οἷόν
330 727 371 770 τ’
393 723 444 782 ἦν
463 729 687 783 ἐκπηδῆσαι
707 730 772 771 καὶ
793 733 876 770 τῶν
897 728 1140 783 καταντικρὺ
1162 725 1399 785 παμφάγοις
1417 726 1583 785 ἐπιδρά-

129 798 284 846 ξασθαι
309 803 396 845 τοῖς
424 795 602 843 ὀδοῦσιν.
675 798 756 839 ἐπεὶ
786 796 863 852 γὰρ
892 794 1025 839 πάντα
1053 797 1104 838 τὰ
1130 794 1264 854 κῦκλῳ
1286 796 1444 852 φρέατα
1468 798 1586 846 ε’ξαν-

74 873 119 907 10
130 861 349 918 τλήσαντες
379 863 453 906 οὐκ
481 863 670 919 ἀποχρῶν
690 863 795 919 εἶχον
816 865 862 907 τι)
883 864 995 919 ὕδωρ
1017 864 1118 920 πρὸς
1136 864 1210 919 τὴν
1230 862 1424 919 τοιαύτην
1450 863 1586 922 ῥύμην

127 929 269 988 πυρός,
307 933 467 982 ἐκείνοις
484 934 557 986 μὲν
574 933 622 976 τὸ
642 933 784 976 λοιπὸν
805 933 893 976 ἀντὶ
914 935 1104 987 ταμιείων
1124 934 1318 987 ἐχρῶντο,
1354 932 1429 975 κιῖίν
1449 931 1530 976 πού
1548 950 1588 976 τι

126 1003 193 1042 καὶ
214 998 453 1057 ἀφήρπαζον
478 1005 552 1042 τοῦ
579 999 731 1057 πυρός,
770 1000 894 1055 ὅμόσε
916 999 1050 1060 τούτῳ
1068 1006 1299 1057 χωροῦντες
1320 1002 1387 1043 καὶ
1410 1006 1484 1044 τοῦ
1507 1005 1586 1044 λα-

123 1073 212 1121 βεῖν
244 1085 281 1111 τι
313 1069 354 1110 ἓν
384 1069 558 1127 δευτέρῳ
591 1071 795 1123 τιθέμενοι
818 1070 891 1124 τὴν
909 1067 1294 1125 παρακινδύνευσιν,
1329 1069 1455 1118 εὐθὺς
1475 1070 1582 1112 κατὰ
1605 1076 1637 1111 D

125 1134 283 1179 τούτων
304 1137 518 1193 ἐρρίπτουν
537 1140 603 1179 καὶ
622 1136 884 1192 ἕπωμάτιζον.
941 1138 1058 1181 αὐτοὶ
1083 1139 1127 1181 δὲ
1145 1142 1202 1197 τῷ
1222 1139 1296 1193 μὲν
1317 1136 1427 1189 ἅπαξ
1447 1135 1587 1181 ἁλόντι

74 1205 201 1251 15οὐκ
231 1204 388 1259 ἔχοντες
414 1204 712 1261 προσαμύνειν,
751 1204 1219 1261 προκαταλαμβάνοντες
1246 1207 1291 1248 δὲ
1320 1206 1372 1248 τὰ
1403 1207 1586 1262 ἐξωτέρω

126 1274 286 1326 κείμενα
305 1279 612 1331 προανῃροῦντο
631 1277 697 1316 καὶ
714 1274 992 1330 μετεκόμιζον,
1022 1277 1089 1318 καὶ
1106 1274 1215 1318 οὕτω
1234 1274 1308 1330 τὴν
1328 1275 1488 1331 τροφὴν
1509 1279 1585 1318 τοῦ

126 1341 254 1397 πυρὸς
292 1342 475 1385 ἐκποδών
503 1347 712 1393 ποιοῦντες
739 1349 789 1400 τῇ
817 1344 997 1402 ἀτροφίᾳ
1025 1343 1073 1386 τὸ
1107 1344 1257 1398 θηρίον
1288 1342 1586 1400 ἀσθενέστερον

125 1407 428 1466 ἀπειργάζοντο,
463 1410 687 1454 κάντεῦθεν
705 1411 823 1464 μόλις
844 1412 936 1452 κατ’
962 1413 1095 1465 ὀλίγον
1114 1413 1436 1460 ἐξασθενοῦντος
1454 1429 1587 1467 περιε-

125 1538 278 1581 veniret,
314 1539 446 1573 solicite
471 1538 702 1584 interrogaret
723 1551 789 1586 quo
814 1539 911 1574 modo
935 1543 970 1574 et
991 1539 1146 1585 qualibus
1172 1551 1192 1573 e
1215 1539 1325 1574 causis
1349 1542 1446 1574 tanta
1469 1540 1584 1576 clades

125 1585 306 1619 extitisset.
353 1596 419 1618 non
441 1585 526 1618 enim
549 1597 571 1619 a
593 1586 687 1619 tenui
709 1591 784 1620 orta
808 1586 974 1631 principio
999 1586 1142 1627 sensim,
1166 1590 1205 1619 ut
1230 1587 1304 1620 fere
1327 1586 1387 1628 fit,
1410 1597 1452 1620 ea
1476 1588 1585 1631 pestis

124 1630 335 1672 invaluerat,
368 1631 427 1664 sed
451 1635 612 1675 quantum
634 1631 779 1676 intelligi
803 1632 996 1666 coniectura
1021 1633 1150 1677 potuit,
1187 1631 1292 1666 variis
1315 1632 1413 1666 simul
1436 1643 1478 1665 ex
1502 1644 1585 1677 par-

125 1676 220 1710 tibus
243 1676 362 1721 rapida
384 1676 566 1710 velocitate
597 1677 684 1721 ignis
707 1689 895 1722 exurgens,
928 1678 1068 1711 mediam
1101 1683 1267 1712 momento
1298 1678 1584 1722 comprehendens

124 1722 262 1763 urbem,
290 1722 394 1755 multa
425 1722 636 1757 ornatissima
666 1723 839 1766 aedificia,
870 1725 992 1757 multas
1015 1724 1047 1757 in
1070 1723 1114 1757 iis
1137 1735 1219 1768 opes
1245 1723 1398 1757 conditas
1428 1724 1582 1765 voravit3

124 1767 320 1813 minansque
344 1767 445 1801 nihilo
468 1768 602 1802 mitiora
624 1770 882 1811 remotioribus,
911 1781 977 1803 non
1000 1768 1094 1815 prius
1117 1769 1215 1803 stetit
1240 1781 1338 1814 quam
1364 1769 1398 1801 in
1424 1769 1584 1813 angipor-

123 1818 183 1847 tus
205 1813 262 1848 via
284 1813 395 1847 media
417 1814 545 1848 frustra
567 1814 752 1861 diremptos
775 1815 966 1850 transiliens
989 1815 1072 1849 nihil
1093 1815 1129 1848 in
1151 1815 1218 1848 illis
1241 1814 1296 1848 cui
1319 1815 1582 1848 adhaeresceret

124 1859 276 1903 reperit,
309 1859 456 1904 provida
486 1860 652 1895 industria
680 1861 767 1895 viam
800 1861 1022 1907 praecludere
1050 1861 1137 1894 malo
1161 1859 1331 1904 grassanti
1355 1859 1581 1903 satagentium

125 1904 219 1957 prius
242 1915 340 1938 manu
363 1904 492 1939 eversis
514 1909 551 1939 et
573 1906 742 1951 congestis
763 1907 796 1940 in
820 1908 889 1941 late
911 1908 1082 1945 confusam
1104 1910 1263 1950 stragem.
1295 1905 1480 1950 prudenter
1494 1904 1581 1939 enim

124 1948 174 1982 illi
198 1955 400 1983 curaverant
421 1951 586 1985 redimere
607 1952 829 1996 perniciosius
851 1952 1006 1986 damnum
1029 1952 1119 1985 ultro
1142 1950 1346 1984 accersendo
1369 1961 1411 1984 ac
1457 1961 1581 1985 raeoc-

126 1994 282 2038 cupaudo
300 1995 430 2036 leviori,
454 1995 570 2041 sicque
592 1998 819 2032 subtrahenda
841 1998 983 2032 materia
1004 1996 1118 2031 voraci
1142 1997 1328 2038 element03
1352 2007 1418 2040 quo
1465 1995 1495 2030 si
1517 2007 1581 2041 pa—

126 2044 214 2073 stum
243 2039 430 2074 invenisset
458 2041 528 2074 illic
558 2053 625 2086 quo
656 2043 844 2085 insilierat,
873 2047 992 2077 auctas
1015 2054 1056 2076 ex
1079 2053 1120 2075 eo
1142 2041 1232 2075 vires
1253 2041 1396 2075 haberet
1417 2041 1581 2078 ulteriora

125 2084 337 2123 incursandi,
371 2090 407 2119 et
437 2086 481 2119 ad
512 2091 634 2121 cuncta
665 2088 875 2122 continenter
903 2087 1132 2133 rapacissimis
1160 2087 1275 2120 accisa
1302 2087 1457 2121 dentibus
1479 2099 1580 2122 exor-

125 2130 238 2164 benda
259 2130 295 2164 in
319 2141 486 2175 nunquam
509 2132 708 2176 explebilem
729 2133 926 2176 ingluviem.
973 2133 1040 2167 alia
1072 2143 1207 2177 quoque
1229 2132 1315 2166 inita
1337 2132 1466 2167 utiliter
1487 2134 1578 2168 ratio

127 2180 182 2210 est
215 2175 367 2210 demendi
398 2176 553 2211 flammae
583 2178 724 2222 pabuli,
758 2179 902 2213 docente
932 2177 1006 2222 ipsa
1036 2178 1236 2212 calamitatis
1268 2178 1477 2223 experientia
1498 2179 1578 2214 mali

125 2224 257 2275 partem
279 2221 315 2255 in
337 2222 520 2256 remedium
536 2228 683 2258 vertere.
729 2235 848 2269 nempe
870 2224 976 2258 cladis
997 2223 1182 2258 auctarium
1204 2223 1269 2258 suit
1289 2224 1445 2259 desectus
1466 2235 1578 2270 aquae

125 2267 199 2311 igni
233 2267 419 2302 coercendo
450 2273 520 2302 tam
551 2269 783 2310 necessariae,
815 2269 987 2303 exhaustis
1009 2269 1137 2314 quippe
1157 2268 1222 2302 iam
1245 2270 1374 2304 cunctis
1396 2281 1485 2315 quae
1505 2270 1578 2305 illic

126 2317 226 2347 erant
247 2313 478 2348 subterraneis
500 2314 747 2360 conceptaculis
769 2315 922 2360 liquoris.
970 2318 1139 2348 caeterum
1161 2315 1228 2348 hoc
1249 2315 1323 2360 ipso
1347 2315 1577 2351 animadverso

126 2357 186 2403 qui
208 2359 433 2403 satagebant,
456 2360 569 2405 puteis
591 2361 674 2404 ipsis
697 2361 917 2407 cisternisque
938 2360 1005 2394 iam
1023 2360 1139 2394 vacuis
1163 2361 1211 2393 uti
1234 2361 1474 2406 apothecarum
1498 2361 1577 2396 vice

127 2409 313 2448 coeperunt
335 2405 380 2439 iis
410 2405 637 2440 custodiendis
660 2418 747 2451 quae
770 2411 852 2452 apta
882 2406 1024 2440 maxime
1045 2406 1222 2441 nutriendo
1242 2406 1397 2442 incendio
1419 2407 1576 2442 flammae

125 2448 320 2494 praeripere
352 2454 553 2494 potuerant,
588 2463 631 2486 ea
661 2456 781 2487 cuncta
803 2463 866 2497 per
888 2463 950 2487 ora
980 2451 1140 2485 hiantium
1166 2463 1322 2487 cavorum
1346 2453 1575 2494 devolventes,

127 2498 165 2527 et
195 2495 254 2528 ubi
287 2497 498 2540 congerendo
537 2497 776 2543 expleverant,
808 2498 964 2542 imposito
994 2498 1158 2532 materiae
1186 2497 1298 2542 ignem
1329 2510 1395 2533 non
1426 2498 1575 2532 timentis

126 2539 284 2584 operculo
305 2544 471 2585 tegentes.
514 2542 551 2577 in
574 2554 640 2589 quo
663 2555 737 2578 eam
760 2543 964 2578 adhibebant
985 2543 1208 2588 prudentiam,
1231 2549 1270 2578 ut
1290 2555 1378 2590 quae
1399 2544 1466 2578 iam
1487 2543 1574 2587 ignis

128 2585 452 2630 comprehenderat,
480 2588 609 2623 frustra
635 2588 667 2623 ei
690 2593 892 2634 extorquere
914 2600 979 2622 non
1002 2594 1184 2631 conantes,
1214 2600 1255 2623 ea
1281 2590 1405 2635 quibus
1428 2601 1467 2624 se
1487 2600 1574 2622 non-

128 2629 205 2663 dum
227 2642 290 2675 per
312 2631 488 2668 circuitum
513 2635 709 2669 admoverat
730 2635 911 2679 diligenter
931 2638 1104 2679 raperent,
1126 2646 1192 2669 non
1216 2635 1290 2670 sine
1312 2636 1459 2679 periculo
1482 2645 1575 2669 com-

127 2674 239 2709 minus
268 2677 431 2712 accedere
462 2680 644 2722 audentea
677 2680 786 2726 iisque
817 2679 957 2720 amotis,
985 2679 1081 2724 quasi
1103 2691 1164 2725 per
1185 2692 1284 2715 escae
1307 2680 1576 2721 subductionem,

126 2723 308 2773 mpnstrum
330 2722 532 2759 helluatione
552 2725 691 2769 largiori
712 2725 820 2770 magis
841 2725 1039 2759 indomitum
1055 2737 1244 2768 evasurum,
1266 2727 1359 2761 velut
1380 2725 1493 2759 inedia
1515 2736 1576 2759 ca-

126 2769 288 2810 stigatum
315 2767 478 2805 infirmius
505 2771 706 2806 reddebant.
751 2778 857 2817 atque
885 2771 937 2806 ita
964 2771 1087 2807 sensim
1117 2772 1293 2807 debilitato
1326 2782 1431 2816 aegre
1453 2782 1495 2806 ac
1516 2771 1576 2805 vix
