1858 3126
223 173 251 218 3
263 171 320 218 14
646 171 882 216 GEORGII
916 173 1272 219 PACHYMERIS

221 285 406 342 Πέρσαις
428 283 482 335 ὥς
501 283 761 342 ὑποστρέψαι
780 283 801 329 ὃ
823 283 1040 341 βασιλεύς,
1077 289 1144 330 καὶ
1165 285 1328 345 θάρρος
1346 287 1543 345 λαβόντες
1560 293 1696 346 μεῖζον

221 360 359 397 πᾶσαν
378 355 530 408 ἐκείνην
551 354 628 409 τὴν
645 359 720 411 γῆν
743 355 1054 414 κατατρέχουσι,
1076 358 1144 400 καὶ
1166 358 1222 407 εἷς
1244 357 1372 401 αὐτὸν
1388 359 1460 402 τὸν
1481 364 1555 403 τοῦ
1575 363 1696 404 Μαι-

171 429 200 463 C
224 423 396 479 νομένου
430 419 592 477 κάμπον
629 422 833 468 ἐκθέουσι.
903 426 971 467 καὶ
1002 425 1134 468 πολλὰ
1156 427 1231 481 μὲν
1250 426 1348 477 τοῦς
1368 427 1452 470 ἐκεῖ
1469 425 1695 483 δράσαντες

214 489 374 548 χαλεποί
389 525 402 544 ,
439 491 598 546 πολλὴν
617 494 661 536 δέ
682 494 792 537 λείαν
812 493 1150 551 περιβαλόμενοι,
1185 496 1227 538 ἓν
1253 496 1466 552 τροπαίοις
1480 494 1696 551 Ῥωμαίοις

218 559 488 619 ὑπέστρεφον.
560 561 607 604 οὐ
629 562 711 618 μὴν
735 563 780 606 δὲ
800 562 904 606 ὥστε
924 565 991 606 καὶ
1012 564 1305 621 καθυφεικέναι
1324 569 1398 608 τοῦ
1421 562 1611 622 θράσους
1631 567 1726 611 ἐτι-5

220 635 391 683 τεῦθεν,
427 630 532 673 ἀλλὰ
559 632 627 673 καὶ
661 636 821 686 μᾶλλον
842 631 1246 689 κατολιγωρήσαντες
1263 637 1347 676 τῶν
1367 635 1461 691 περὶ
1479 633 1551 677 τὸν
1571 639 1697 688 βασι-

221 702 294 743 λέα
313 697 566 756 πραγμάτων
585 705 774 758 φανερῶς
793 702 855 743 ἐπὶ
874 706 948 755 τῆς
966 706 1048 745 τῶν
1063 700 1273 756 Ῥωμαίων
1287 701 1696 759 ἐστρατοπεδεύοντο.

168 778 200 813 1)
224 771 290 813 καὶ
313 769 507 823 βασιλεὺς
525 770 600 823 μὲν
619 770 683 812 ἐπὶ
704 771 958 827 Μαγνησίας
977 770 1238 827 ἐγκέκλειστο,
1275 772 1314 815 οἷ
1333 773 1378 815 δὲ
1395 772 1578 826 πολέμιοι
1596 770 1697 828 ὅση-

220 838 342 895 μέραι
363 836 663 895 περιερχόμενοι
683 840 736 882 τὰ
758 839 929 896 μέγιστα
944 839 1161 895 ἔπραττον.
1234 842 1302 882 καὶ
1320 838 1342 883 ὃ
1361 840 1462 891 λαὸς
1483 838 1505 884 ὅ
1526 842 1601 895 μὲν
1619 859 1698 884 κα-

222 905 474 965 τεσφάττετο
507 905 528 950 ὃ
560 907 604 951 δ’
635 907 890 952 ἀντανίστατο
925 907 1124 966 φθάνων,
1162 910 1230 952 καὶ
1259 910 1299 952 οἳ
1328 910 1403 964 μὲν
1426 910 1530 966 πρὸς
1547 908 1696 964 νήσους
1709 920 1753 954 10

225 977 300 1028 τὰς
320 974 551 1034 ἐγγιζούσας
575 977 614 1020 οἱ
635 979 680 1021 δὲ
702 977 805 1034 πρὸς
826 977 902 1033 τὴν
925 976 1042 1021 δύσιν
1066 975 1419 1033 ὁιαπεραιοόμενοι
1439 977 1693 1031 διεσώζοντο.

225 1042 276 1102 ἦν
305 1046 347 1088 δ’
381 1047 572 1089 ἐντεῦθεν
594 1046 781 1103 Πέρσαις
807 1049 874 1090 καὶ
899 1045 923 1101 ἡ
949 1049 1012 1090 ἐπὶ
1037 1047 1089 1090 τὰ
1114 1047 1227 1098 ε’ντὸς
1250 1045 1538 1105 προσχῶρησις
1568 1047 1697 1102 εὐμα-

227 1113 324 1171 ρής,
355 1116 769 1172 προοδοποιουμένοις
784 1114 870 1159 οἷον
889 1123 979 1166 ταῖς
998 1121 1082 1159 τῶν
1102 1114 1354 1173 προσχώρων
1374 1115 1696 1173 ἀναχωρήσεσιν,

227 1184 364 1240 ἔχουσι
390 1185 434 1228 δὲ
456 1186 524 1227 καὶ
552 1189 635 1229 τῶν
663 1186 900 1242 ἐπιτηδείων
931 1183 1146 1243 αὐτάρκως
1166 1186 1210 1228 ἐκ
1233 1189 1306 1241 τῆς
1329 1190 1411 1229 τῶν
1433 1183 1697 1242 ἀναχωρούν-

225 1271 309 1298 των
327 1254 576 1310 περιουσίας.
1707 1261 1750 1298 15

81 1324 111 1359 Ρ
136 1325 204 1361 217
371 1324 447 1369 19.
520 1321 629 1366 Τότε
659 1323 726 1365 καὶ
758 1323 797 1365 οἳ
828 1324 919 1380 περὶ
946 1323 1019 1367 τὸν
1044 1322 1217 1378 βασιλέα
1242 1322 1405 1367 Ἀλανοὶ
1431 1319 1583 1366 νόστου
1603 1322 1696 1378 ἐμέ-

224 1409 393 1448 μνηντο,
431 1393 497 1435 καὶ
523 1389 714 1435 ἀπολύειν
733 1396 845 1449 σφᾶς
861 1392 1034 1446 βασιλέα
1055 1397 1220 1450 πρῶτον
1238 1393 1314 1448 μὲν
1331 1392 1522 1445 ἱκέτευον,
1558 1391 1697 1435 ἔπειτα

224 1463 269 1504 δὲ
313 1463 379 1504 καὶ
420 1459 676 1517 κατήπειγον.
747 1462 811 1503 ἐπὶ
836 1459 987 1519 χρόνον
1013 1462 1092 1519 γὰρ
1127 1463 1195 1505 καὶ
1220 1465 1695 1519 προσταλαιπωρεῒσθαι,
1751 1514 1754 1515 7

225 1530 329 1574 ὥστε
350 1533 433 1573 δεῖν
455 1530 595 1579 αὐτοῖς
616 1532 683 1571 καὶ
706 1529 879 1580 ἀνέσεως
899 1529 1071 1585 ἀήθεσιν
1094 1526 1185 1573 οἶσι
1204 1531 1393 1585 πολέμων
1413 1530 1476 1572 ἐπὶ
1498 1533 1697 1573 τοσοῦτον

223 1599 494 1655 πολυημέρων
511 1613 520 1622 ·
559 1598 711 1647 αὐτοὺς
743 1598 822 1654 γὰρ
855 1602 976 1659 Νογᾷ
1008 1596 1363 1654 συστρατεύοντας
1371 1632 1384 1651 ,
1425 1597 1530 1641 κατὰ
1564 1595 1696 1645 πόδας
1706 1605 1753 1639 20

171 1675 201 1710 Β
225 1675 313 1719 τοῖς
344 1665 582 1717 ἀντιπάλοις
611 1667 992 1722 συμπλεκομένους,
1029 1667 1094 1710 ἐπ’
1129 1667 1264 1724 ὀλίγον
1292 1665 1525 1723 μάχεσθαι,
1557 1666 1696 1710 καὶτὰ

227 1782 299 1812 tum
333 1780 387 1812 est
416 1776 532 1812 Persis
564 1775 615 1811 ita
643 1775 767 1821 ignave
799 1787 839 1811 ac
869 1776 1018 1821 turpiter
1051 1776 1292 1822 imperatorem
1326 1775 1527 1818 recessisse,
1563 1777 1698 1820 sumpta

228 1825 329 1869 longe
352 1835 457 1869 supra
480 1823 626 1869 priorem
647 1822 820 1857 licentiam
846 1822 1012 1868 quidlibet
1034 1823 1100 1857 iam
1123 1823 1270 1857 audendi
1294 1821 1517 1862 confidentia,
1540 1822 1698 1866 regiones

229 1871 327 1905 limiti
349 1870 556 1916 propinquas
578 1868 655 1903 illas
678 1869 854 1903 universas
868 1869 1095 1911 incursarunt‚
1118 1880 1226 1914 usque
1250 1868 1294 1903 ad
1316 1868 1427 1913 ipsum
1450 1879 1551 1913 quem
1572 1873 1699 1902 vocant

230 1916 446 1951 Maenomeni
476 1926 628 1960 campum
659 1915 851 1961 populando
882 1915 1115 1960 vastandoque
1147 1915 1249 1949 obvia
1279 1920 1402 1949 cuncta
1428 1913 1622 1959 progressi3
1655 1924 1698 1948 ac

231 1963 307 1997 eius
331 1963 447 1997 incolis
469 1961 535 1995 loci
557 1961 671 1995 multis
692 1961 795 1995 illatis
818 1961 914 1995 malis
927 1987 936 2003 ,
971 1961 1076 1996 multa
1099 1962 1212 1996 onusti
1233 1961 1382 2006 praeda,
1415 1959 1538 2005 positis
1560 1960 1604 1993 de
1626 1959 1698 1993 Ro-

230 2008 338 2043 manis
361 2008 536 2054 tropaeis,
573 2007 702 2042 reversi
725 2008 855 2042 domum
880 2012 969 2043 sunt.
1016 2019 1079 2042 nec
1101 2005 1188 2042 verul
1214 2007 1258 2041 de
1284 2014 1448 2051 concepto
1470 2017 1512 2039 ex
1535 2005 1597 2040 tali
1619 2017 1698 2040 suc-

231 2066 331 2088 cessu
352 2056 443 2088 fastu
466 2054 648 2100 quidquam
670 2053 792 2088 deinde
816 2053 1038 2088 remiserunt:
1073 2053 1155 2099 quin
1177 2053 1292 2099 potius
1314 2053 1422 2096 magis
1444 2051 1603 2096 deinceps
1625 2062 1699 2086 ma-

228 2100 351 2144 gisque
378 2105 494 2145 spreto
517 2100 720 2145 imperatore
754 2100 944 2146 castrisque
966 2100 1148 2142 Romanis,
1181 2104 1218 2134 et
1239 2099 1339 2134 unice
1361 2097 1510 2133 cuiusvis
1530 2098 1612 2132 inde
1631 2097 1699 2131 im-

230 2146 410 2191 pendentis
439 2145 524 2190 ipsis
557 2146 670 2180 securi
698 2151 830 2188 metus,
863 2146 975 2192 palam
997 2146 1064 2180 iam
1088 2149 1124 2180 et
1146 2145 1430 2180 confidentissime
1453 2147 1566 2178 castra
1587 2147 1698 2178 neta-

230 2192 359 2226 bantur
390 2192 426 2225 in
459 2192 561 2226 terris
594 2193 832 2227 Romanorum.
880 2196 916 2226 et
945 2193 1131 2238 imperator
1151 2192 1283 2238 quidem
1307 2191 1483 2226 conclusus
1502 2189 1596 2223 intra
1617 2188 1696 2222 Ma·-

230 2237 383 2282 gnesiam
404 2238 541 2279 stabat,
565 2237 682 2273 hostes
705 2242 818 2272 autem
841 2238 995 2284 quotidie
1017 2238 1142 2272 circum
1164 2242 1331 2282 vagantes
1354 2247 1410 2271 res
1430 2235 1591 2270 maximae
1612 2244 1697 2278 age-

230 2284 328 2317 bant.
376 2282 494 2316 infelix
529 2287 642 2317 autem
672 2285 815 2329 populus
845 2285 970 2330 partim
1000 2285 1254 2325 trucidabatur,
1287 2282 1412 2328 partim
1442 2281 1549 2315 diram
1580 2290 1696 2313 necem

231 2330 316 2374 fuga
339 2328 522 2362 miserabili
544 2331 797 2373 praevertebat.
846 2335 883 2364 et
909 2330 942 2364 hi
965 2331 1101 2376 quidem
1122 2330 1157 2364 in
1179 2329 1307 2363 vicinas
1327 2327 1475 2367 insulas,
1506 2324 1565 2359 alii
1586 2336 1696 2370 usque

230 2375 266 2409 in
288 2379 419 2409 tractus
443 2374 635 2416 Occiduos‚
658 2375 745 2408 mari
771 2375 939 2414 traiecto,
963 2376 1066 2410 saluti
1089 2375 1275 2410 consultum
1297 2374 1404 2407 ibant.
1451 2382 1494 2406 ex
1516 2381 1584 2416 quo
1608 2371 1697 2404 Per-

232 2421 281 2456 sis
316 2431 517 2465 progressus
549 2420 584 2454 in
617 2421 866 2455 mediterranea
905 2422 1130 2455 Romanarum
1162 2420 1336 2464 regionum
1377 2417 1510 2452 facilior
1541 2415 1698 2460 contigit,

231 2466 317 2512 ipsis
343 2467 403 2511 qui
426 2466 523 2500 domo
546 2465 667 2499 relicta
689 2466 867 2510 fugiebant
887 2466 976 2500 viam
999 2465 1191 2511 insequenti
1213 2465 1300 2499 hosti
1323 2461 1610 2504 monstrantibus,
1632 2463 1698 2497 ha-

231 2512 361 2547 bebant
389 2514 501 2546 autem
532 2510 663 2545 affatim
697 2522 848 2545 annonae
883 2523 924 2546 ac
955 2516 1215 2554 commeatuum,
1250 2509 1349 2555 potiti
1382 2508 1476 2543 cellis
1499 2508 1698 2554 horreisque

232 2558 343 2605 plenis
365 2558 555 2593 colonorum
578 2557 677 2591 sedes
700 2556 881 2602 copiasque
905 2557 1087 2591 familiares
1109 2561 1201 2590 metu
1222 2555 1339 2590 mortis
1361 2554 1596 2589 deserentium.

327 2604 381 2638 19.
427 2604 527 2637 Tunc
551 2606 586 2636 et
608 2602 728 2644 Alani,
752 2613 837 2647 quos
858 2602 1042 2647 imperator
1058 2603 1208 2636 habebat
1230 2612 1362 2644 secum,
1386 2601 1583 2635 desiderare
1604 2599 1698 2634 redi-

235 2653 305 2684 tum
329 2660 370 2683 eo
393 2650 482 2684 unde
504 2653 668 2683 venerant
690 2651 886 2693 coeperunt.
916 2647 1174 2693 missionemque
1189 2648 1232 2682 ab
1246 2649 1398 2691 Augusto
1412 2646 1554 2691 primum
1569 2645 1698 2680 orando

234 2696 440 2741 impetrare,
470 2706 548 2729 mox
577 2693 765 2739 flagitando
790 2694 1011 2739 minandoque
1042 2698 1246 2738 extorquere
1274 2697 1460 2727 tentarunt.
1506 2692 1701 2737 allegabant

190 2784 192 2786 v
235 2741 295 2775 diu
319 2752 358 2775 se
379 2742 545 2776 tolerasse
563 2740 704 2775 militiae
724 2740 881 2782 labores3
915 2750 1023 2785 quare
1043 2739 1197 2783 indigere
1219 2738 1432 2780 remissione,
1457 2738 1548 2783 quod
1570 2736 1699 2779 assueti

237 2799 304 2821 non
327 2793 440 2822 essent
462 2789 562 2832 longo
585 2790 740 2831 tempore
762 2785 969 2821 continuatis
991 2789 1177 2820 castrorum
1195 2784 1375 2828 aerumnis,
1397 2783 1487 2818 soliti
1509 2787 1612 2818 antea
1633 2782 1698 2816 snb

238 2833 343 2879 Noga
370 2833 437 2869 cito
461 2833 535 2870 acie
559 2832 743 2868 decernere
766 2835 802 2867 et
823 2835 904 2879 post
924 2832 1063 2867 brevem
1091 2831 1210 2878 praelii
1239 2831 1347 2867 aleam
1380 2829 1573 2876 quiescere,
1607 2839 1699 2862 com-
