1858 3126
594 161 780 204 INDEX
812 159 1165 205 HISTORICUS.

151 277 272 319 eaptus
293 269 333 315 Ι,
354 271 419 312 72,
444 270 498 306 12.
543 270 639 304 favet
661 267 866 315 promotioni

149 319 224 353 eius
245 317 281 351 in
303 316 479 361 imperium
502 315 534 358 Ι,
550 316 606 359 79,
623 318 655 350 1.
701 315 864 349 sollicitus

149 364 196 399 de
221 375 264 397 eo
286 362 427 406 negotio
466 363 501 402 Ι,
525 362 583 403 90,
610 363 643 396 1.
687 360 724 395 in
747 370 864 394 mona-

149 409 288 444 sterium
310 419 349 442 se
375 408 471 442 abdit
485 408 513 450 1,
530 409 608 448 111,
634 407 688 441 12.
736 407 863 440 frustra

150 459 333 490 revocatus
362 454 390 495 Ι,
409 454 487 498 113,
520 454 575 488 11.
630 453 863 498 patriarchatu

150 501 242 536 cedit
264 501 302 543 Ι,
327 500 417 540 115,
439 501 474 534 2.
520 502 705 533 revocatus
738 499 773 532 in
798 508 862 542 pa-

148 547 368 582 triarchatum
392 546 422 587 1,
448 546 525 587 172,
539 546 574 580 2.
620 544 861 588 Palaeologum

148 593 271 627 iterum
294 595 437 626 coronat
458 591 487 634 Ι,
505 591 584 633 173,
604 590 660 626 15.
708 602 782 624 eum
799 601 861 623 ex-

151 638 373 675 communicat
404 637 442 677 I,
464 638 545 678 201,
570 637 625 671 18.
671 635 862 672 absolutio-

149 695 225 718 nem
255 684 288 718 ei
317 682 450 728 petenti
473 686 640 728 pernegat
667 683 696 726 Ι,
720 683 801 724 211,
825 682 861 716 7.

147 731 231 769 255.
254 732 308 765 10.
341 731 423 767 261,
451 729 484 763 7.
542 740 617 763 eum
648 727 866 775 reprehendit

150 775 243 820 quod
275 786 349 809 cum
374 774 575 809 Christianis
606 775 696 808 bella
719 773 865 818 gessen}

148 821 180 864 1,
197 821 277 865 241,
295 823 327 856 1.
374 826 553 854 accusatus
580 821 624 855 ab
647 818 862 866 Epsetopulo

148 867 180 909 Ι,
217 867 296 910 257,
333 867 366 901 5.
414 877 527 900 coram
559 867 690 911 synodo
727 869 862 900 recusat

151 924 350 957 comparere
383 911 424 955 1,
449 913 528 950 264,
547 912 580 948 5.
627 913 803 946 damnatur
828 915 863 943 et

150 963 394 994 exauctoratur
424 958 454 999 Ι,
484 959 565 1000 268,
579 961 613 992 4.
660 958 863 1002 deportatur

148 1005 185 1039 in
209 1005 340 1038 Oxeam
373 1003 514 1037 insulam
540 1004 567 1048 Ι,
592 1005 672 1046 270,
691 1006 745 1039 10.
791 1003 863 1036 An-

148 1050 323 1086 dronicum
339 1050 541 1084 Sardensem
564 1049 599 1083 in
614 1050 781 1094 integrum
804 1060 862 1081 re·-

149 1097 292 1131 stituere
324 1097 451 1130 frustra
479 1100 619 1129 conatur
654 1095 682 1138 Ι,
713 1097 792 1136 272,
827 1095 862 1128 2.

149 1147 331 1177 accusatur
353 1141 538 1176 maiestatis
560 1141 590 1185 Ι,
606 1141 684 1182 285,
700 1141 734 1175 4.
783 1139 862 1174 mit-

147 1192 268 1222 tuntur
279 1199 300 1221 a
312 1188 444 1232 synodo
458 1187 515 1232 qui
527 1199 601 1221 eum
611 1187 655 1220 de
670 1198 710 1220 eo
727 1186 863 1220 crimine

148 1234 364 1278 interrogent
378 1233 423 1267 ib.
444 1235 496 1268 19.
543 1233 614 1266 eius
637 1243 810 1277 responsa,
835 1233 862 1276 Ι,

150 1281 231 1323 287,
254 1281 290 1314 2.
339 1279 383 1312 ab
405 1279 608 1323 imperatore
633 1279 770 1312 crimine
792 1278 863 1313 sol-

150 1326 242 1359 vitur
263 1329 299 1359 et
314 1325 506 1358 muneribus
523 1324 668 1358 donatur
684 1324 714 1367 Ι,
730 1325 808 1369 289,
826 1325 859 1360 5.

150 1369 223 1405 eius
239 1370 388 1404 cadaver
403 1370 579 1414 splendide
595 1370 728 1415 cpolim
744 1382 863 1415 repor—

149 1421 259 1450 tatum
290 1416 324 1449 in
355 1417 508 1461 Sophiae
531 1417 659 1461 templo
686 1415 866 1460 deponitur

150 1462 198 1504 Π,
234 1463 290 1506 83,
313 1463 336 1496 8
361 1473 435 1506 sqq.
490 1462 688 1495 translatum
722 1461 799 1496 inde
831 1463 865 1495 in

150 1507 387 1543 monasterium
411 1509 451 1541 S.
478 1508 634 1541 Andreae
663 1508 711 1550 ΙΙ,
736 1508 792 1552 85,
810 1509 864 1543 19.

150 1553 222 1588 eius
257 1554 348 1588 vitae
379 1558 416 1587 et
447 1554 589 1599 duplicis
616 1553 864 1599 patriarchatus

148 1598 335 1634 initium-et
359 1599 436 1633 finis
458 1600 487 1643 Ι,
509 1599 590 1636 724.

178 1656 343 1692 Arsenius
355 1655 658 1700 Hagiosymeonita
668 1656 864 1701 patriarcha

149 1703 381 1738 antiochenus
396 1707 533 1736 creatus
549 1703 592 1744 11,
607 1703 663 1746 56,
674 1704 708 1738 6.
744 1714 864 1736 nomen

151 1749 224 1782 eius
248 1749 348 1793 Cpoli
371 1762 391 1783 e
416 1748 521 1782 sacris
544 1748 714 1793 diptychis
737 1749 863 1782 recita-

150 1797 210 1847 tur
243 1793 292 1827 ib.
315 1795 350 1828 9.
396 1799 576 1828 accusatus
616 1800 864 1829 exauctoratur

198 1894 361 1929 Arsenius
382 1895 611 1939 Pergamenus
626 1906 648 1928 a
670 1895 803 1938 synodo
819 1895 864 1929 ad

151 1941 315 1976 Ioannem
333 1940 487 1974 Cosmam
503 1941 637 1983 legatus
659 1940 703 1983 ΙΙ,
716 1941 796 1984 349,
809 1943 864 1974 11.

199 1998 290 2031 Asan
313 1996 428 2030 senior
447 1997 630 2040 Bulgariae
659 2007 722 2029 rex
745 1997 864 2030 Theo-

153 2043 272 2077 dorum
295 2042 460 2085 Angelum
482 2043 561 2088 imp.
585 2047 719 2087 captum
743 2053 866 2076 excae-

154 2093 211 2123 cat
232 2089 261 2133 Ι,
278 2089 335 2131 82,
351 2087 384 2122 5.

200 2146 293 2180 Asan
315 2143 425 2177 iunior
446 2142 587 2196 senioris
617 2153 723 2189 nepos
744 2145 867 2178 Irenen

154 2189 667 2280 -..33
682 2191 868 2278 aaa

155 2283 311 2318 evehitur
341 2281 381 2325 Ι,
397 2282 476 2323 440,
500 2279 523 2314 4
538 2291 612 2326 sqq.

156 2329 296 2364 chanam
334 2327 429 2360 ducit
465 2327 494 2363 Ι.
525 2325 604 2368 446,
621 2327 651 2361 6.
700 2326 864 2360 Ternobo

154 2375 285 2420 potitur
300 2378 336 2406 et
349 2373 390 2406 fit
405 2384 467 2406 rex
481 2371 662 2416 Bulgariae
694 2372 722 2412 Ι,
737 2371 816 2416 447,
832 2373 866 2407 6.

154 2421 245 2465 fugit
280 2418 442 2454 Ternobo
480 2424 571 2452 metu
602 2417 797 2451 rebellionis
819 2417 864 2462 «1,

155 2466 236 2510 448,
254 2466 307 2501 14.
355 2464 529 2499 Romaidis
563 2463 707 2508 despota
730 2467 866 2496 creatur

154 2511 203 2602 ilai,
221 2510 526 2557 compensationem
559 2509 657 2554 regni
684 2508 867 2553 Bulgariae

225 2559 282 2602 57,
308 2558 363 2593 13.

203 2614 296 2648 Asan
343 2613 519 2648 MichaEIis
556 2612 635 2659 imp.
677 2611 866 2646 avunculus

157 2664 299 2740 {prsitrpo
311 2660 436 2694 Persas
466 2659 612 2694 militans
640 2658 783 2693 moritur
821 2657 867 2700 ΙΙ,

227 2731 238 2748 ,
300 2730 310 2738 .

204 2760 315 2806 Aspra
328 2772 434 2805 genus
454 2765 610 2798 monetae
632 2761 778 2798 Graecis
797 2760 868 2796 usi-

157 2809 267 2841 tatum
286 2806 335 2848 11,
350 2808 431 2843 722.

660 2285 777 2314 contra
799 2281 867 2314 La-

1522 160 1623 206 879

908 267 1133 349 41gstlrlabite
1152 272 1366 314 expugnatur
1394 279 1418 305 a
1439 269 1556 305 Persis
1580 269 1624 312 Π,

980 342 990 358 ,
1030 320 1063 349 4.

954 360 1148 402 Astytzium
1164 359 1283 394 arx-ad
1299 359 1551 406 Scamandrum,
1567 361 1625 396 ubi

907 405 1085 487 ggheodori
1120 405 1200 451 imp.
1232 406 1377 451 pecunia
1413 412 1571 442 servatur
1595 409 1624 449 Ι,

953 477 964 494 ,
981 453 1014 488 6.

953 499 1086 531 Asunes
1096 496 1133 531 fl.
1150 497 1280 532 alluens
1292 497 1498 542 Bellagrada
1512 509 1624 533 arcem

926 572 935 588 ³
952 570 1041 622 Asu}
1057 600 1119 623 arx
1134 589 1251 623 Persis
1267 588 1401 623 deditur
1415 589 1460 633 11,
1468 589 1548 634 437,
1567 591 1622 624 19.

953 638 1038 669 Atar
1054 635 1123 669 dux
1138 635 1320 670 Persarum
1335 635 1510 669 Cubuclea
1531 635 1622 681 capit

944 709 1065 760 9Atarii
1078 727 1100 760 i.
1120 739 1154 772 q.
1175 726 1327 760 Tochari
1350 726 1378 770 Ι,
1405 727 1481 770 129,
1505 727 1541 762 3.
1562 738 1622 760 cur

910 773 1024 806 vocati
1052 773 1173 806 milites
1197 772 1414 817 Mogulenses
1429 773 1464 806 in
1481 773 1623 807 Perside

955 864 993 898 S.
1019 863 1195 898 Athanasii
1219 863 1442 899 testimonium
1473 864 1517 898 de
1538 876 1621 910 pro-

909 909 1062 944 cessione
1088 909 1235 955 Spiritus
1261 911 1302 946 S.
1325 911 1354 955 Ι,
1377 912 1456 953 383,
1483 912 1537 946 19.
1574 911 1622 955 11,

953 983 1158 1035 {Athanasius
1193 1002 1389 1046 patriarcha
1417 1002 1622 1037 Alexandri-

907 1058 970 1080 nus
986 1053 1120 1081 creatus
1135 1054 1214 1092 post
1229 1048 1446 1082 constitutam
1459 1049 1624 1082 ecclesia-

907 1104 1136 1174 {gmssggoesso
1145 1093 1341 1139 imperatori
1364 1095 1459 1174 {atvet
1488 1095 1516 1148 ¹:
1538 1094 1621 1137 428,

956 1165 962 1172 .
1054 1167 1063 1178 ,
1138 1165 1147 1174 .
1196 1151 1272 1174 eum
1302 1151 1388 1173 conn
1406 1151 1424 1173 a
1442 1151 1482 1173 ur
1503 1152 1538 1173 in
1562 1152 1623 1174 ex-

908 1182 1078 1230 peditione
1105 1184 1147 1218 ad
1162 1185 1343 1230 Sangarim
1370 1186 1397 1228 Ι,
1414 1186 1495 1230 502,
1511 1187 1545 1220 9.
1566 1197 1624 1219 re-

908 1232 979 1264 fert
1002 1231 1203 1275 Pachymeri
1228 1231 1310 1276 quid
1326 1231 1392 1266 sibi
1406 1237 1477 1266 tum
1500 1232 1625 1266 dixerit

907 1277 1092 1321 imperator
1108 1277 1138 1319 Ι,
1154 1278 1235 1320 313,
1254 1278 1308 1312 15.
1354 1278 1486 1321 synodo
1505 1283 1626 1313 contra

910 1323 1059 1356 Veccum
1083 1322 1256 1367 praesidet
1272 1323 1317 1366 Π,
1334 1323 1391 1364 25,
1408 1325 1443 1358 6.
1491 1324 1627 1358 antisti-

911 1372 982 1402 tum
1014 1368 1260 1402 damnationem
1289 1375 1397 1403 ratam
1420 1370 1546 1403 habere
1569 1381 1627 1403 re-

913 1425 1035 1448 cusans
1067 1414 1100 1447 11
1115 1441 1124 1454 ‚
1149 1414 1206 1458 55,
1231 1414 1264 1448 5.
1312 1414 1401 1448 inter
1415 1415 1628 1460 patriarchas

911 1472 978 1493 non
1017 1460 1184 1494 recitatur
1213 1460 1259 1503 ΙΙ,
1283 1460 1341 1501 56,
1375 1462 1430 1495 18.
1483 1461 1629 1496 interest

913 1506 1082 1551 colloquio
1119 1506 1280 1550 Gregorii
1310 1506 1523 1551 patriarchae
1556 1519 1629 1542 cum

911 1552 1026 1585 Vecco
1049 1551 1093 1594 ΙΙ,
1117 1552 1176 1593 97,
1190 1553 1227 1586 2.
1274 1557 1365 1586 tomo
1382 1552 1546 1597 Gregorii
1560 1565 1629 1588 non

911 1598 986 1631 vult
1019 1598 1233 1631 subscribere
1260 1597 1305 1641 ΙΙ,
1334 1599 1411 1642 120,
1425 1599 1459 1634 9.
1506 1599 1629 1633 suadet

912 1643 1039 1688 OEprio
1056 1643 1302 1677 abdicationem
1314 1644 1565 1688 patriarchatus
1581 1645 1627 1688 11,

913 1691 991 1729 121,
1019 1690 1071 1724 13.
1135 1690 1178 1724 ab
1220 1689 1401 1723 Athanasio
1432 1690 1628 1735 patriarcha

911 1735 1090 1781 Cpolitano
1122 1739 1268 1768 vexatus
1299 1734 1456 1769 Rhodum
1496 1737 1625 1770 secedit

907 1781 952 1822 11,
974 1782 1054 1823 203,
1078 1782 1101 1815 3
1122 1793 1196 1825 sqq.
1244 1780 1353 1814 redux
1377 1781 1420 1814 ad
1443 1781 1625 1816 Armeniae

908 1838 1023 1870 regem
1048 1827 1180 1869 legatus
1210 1825 1355 1859 mittitur
1377 1825 1423 1860 ib.
1443 1827 1494 1860 16.
1540 1839 1623 1872 spo·

908 1872 1010 1905 liatur
1024 1883 1045 1904 a
1060 1871 1180 1915 piratis
1202 1871 1246 1912 Π,
1261 1870 1341 1914 204,
1358 1873 1389 1906 6.
1439 1871 1576 1915 legatur
1601 1885 1623 1908 a

909 1917 1041 1959 synodo
1056 1917 1099 1950 ad
1126 1918 1282 1950 loannem
1299 1916 1454 1950 Cosmam
1478 1917 1524 1959 ΙΙ,
1539 1918 1621 1963 349,

912 1963 967 1995 11.
1014 1962 1187 1995 Athanasii
1208 1962 1243 1995 in
1266 1962 1379 1996 sedem
1408 1962 1621 2007 Cpolitanam

910 2007 1118 2040 restitutioni
1134 2007 1260 2041 resistit
1277 2007 1321 2051 ΙΙ,
1336 2009 1415 2049 367,
1431 2009 1463 2042 8.
1486 2010 1567 2050 409,
1584 2010 1620 2044 9.

909 2052 1145 2086 Alexandriam
1165 2053 1276 2087 redire
1290 2053 1423 2096 cogitur
1438 2053 1481 2094 ΙΙ,
1495 2054 1573 2096 579,
1586 2057 1619 2091 1.

911 2097 1063 2132 defertur
1085 2098 1118 2131 in
1142 2098 1316 2132 Euboeam
1339 2099 1384 2132 ib.
1405 2098 1458 2133 14.
1486 2100 1530 2133 ab
1546 2101 1622 2134 Eu-

909 2143 1113 2177 boeensibus
1124 2143 1250 2178 Freriis
1264 2148 1415 2178 tentatur
1426 2145 1468 2187 ΙΙ,
1476 2146 1544 2180 593
1566 2147 1621 2181 18.

910 2189 991 2223 inde
1014 2190 1187 2235 profectus
1213 2190 1354 2223 Thebas
1376 2189 1411 2222 in
1435 2174 1622 2226 custodiam

911 2234 1011 2268 datur
1048 2235 1094 2275 ΙΙ,
1132 2235 1210 2276 595,
1244 2237 1299 2270 11.
1353 2234 1438 2269 liber
1468 2236 1624 2272 dimissus

911 2292 1019 2326 prope
1042 2280 1212 2325 Almyrum
1235 2281 1358 2326 hospes
1385 2281 1479 2325 degit
1502 2282 1550 2318 ib.
1569 2283 1624 2321 15.

911 2326 1139 2372 patriarchatu
1155 2325 1310 2371 privatur
1325 2326 1368 2366 ΙΙ,
1384 2327 1462 2371 615,
1479 2329 1514 2364 9.

957 2382 1161 2417 Athanasius
1197 2382 1391 2428 patriarcha
1422 2384 1625 2440 Hierosoly:

910 2428 1052 2463 mitanus
1067 2434 1244 2462 accusatus
1257 2440 1278 2463 a
1288 2429 1392 2464 Brula
1407 2430 1622 2465 Caesariensi

910 2474 1086 2520 deponitur
1109 2474 1156 2516 ΙΙ,
1179 2475 1259 2516 615,
1278 2475 1332 2511 12.

957 2520 1159 2554 Athanasius
1201 2520 1445 2565 Lependrenus
1478 2520 1623 2556 interest

911 2565 1092 2600 conventui
1113 2566 1369 2610 Atramyttiensi
1383 2567 1429 2610 11,
1446 2567 1502 2610 59,
1521 2567 1574 2602 15.

956 2622 1160 2656 Athanasius
1169 2623 1348 2656 monachus
1356 2622 1548 2657 Andronico
1559 2635 1622 2669 per

910 2668 1140 2713 Eonopoliten
1154 2668 1287 2702 oblatus
1303 2669 1438 2702 multum
1454 2669 1567 2714 placet
1582 2675 1619 2704 et

911 2714 946 2748 in
963 2714 1161 2747 monasterio
1186 2714 1406 2762 Logariastae
1432 2714 1618 2750 collocatur

911 2760 958 2802 ΙΙ,
979 2761 1056 2800 107,
1083 2761 1126 2794 10
1145 2770 1221 2804 sqq.
1267 2759 1462 2804 patriarcha
1487 2761 1615 2796 clectus

912 2805 960 2850 ΙΙ,
980 2806 1059 2849 139,
1073 2806 1095 2842 7
1105 2815 1180 2851 sqq.
1217 2805 1319 2841 vilem
1334 2806 1458 2841 cultum
1474 2807 1615 2842 affectat
