1858 3126
283 169 382 214 852
689 161 1002 206 OBSERVAT.
1035 159 1350 205 PACHYMER.

306 269 384 306 Λιιιῖί
431 274 582 305 Romano·
613 270 780 307 Impastu—

306 312 379 340 (Jhr.
423 307 587 369 ‘iiiia-,frium
658 313 738 333 mnu.

432 374 583 437 Bssiii'ffi
623 370 783 401 Andronici

293 455 399 496 1³02
507 430 548 490 8·
625 448 770 525 230.

699 537 725 575 9

163 1521 190 1553 P
215 1519 281 1552 618

884 270 1089 311 Tredecim
1109 270 1282 309 Venetae
1294 268 1475 309 triremes
1490 282 1581 311 cum
1599 275 1751 323 septem

829 328 1007 382 piraticis
1034 327 1203 366 navibus
1224 326 1387 365 meridie
1412 325 1753 378 Constantinopo-

829 386 898 424 lim
930 385 1098 423 infestae
1124 383 1393 432 invehuntur,
1439 387 1601 435 portum
1629 383 1754 422 Ceras

829 443 984 481 dictum
1005 441 1165 490 ineunt,
1196 453 1217 478 e
1235 440 1395 491 regione
1413 439 1629 492 imperialis
1649 441 1754 493 pala-

829 500 876 538 tii
899 498 1071 537 statione
1090 497 1169 536 fixa
1189 496 1386 535 hostiliter
1401 503 1640 548 grassantur,
1666 498 1757 548 igne

829 570 875 595 ac
904 555 995 594 telis
1018 556 1059 593 in
1080 554 1196 592 obvia
1219 553 1413 592 immissis.
1473 553 1607 605 sicque
1626 554 1757 606 impe-

828 620 999 652 ratorem
1040 616 1188 662 cogunt
1223 610 1441 650 concedere
1477 611 1584 661 quod
1619 611 1758 661 legatis

832 669 989 710 Venetis
1015 662 1315 706 Thessalonicae
1348 674 1581 718 negaverat,
1618 680 1759 720 nempe

833 725 1104 766 remissionem
1140 724 1287 763 multae
1323 730 1363 762 et
1395 722 1761 775 expignerationein

831 784 1034 822 bonorum
1058 786 1363 832 occupatorum.
1419 781 1448 818 1.
1468 779 1495 820 4
1517 795 1549 819 c.
1573 783 1641 824 23.

887 838 1036 878 Eodem
1066 845 1245 890 tempore
1265 836 1416 890 piratae
1450 835 1582 876 insula
1608 837 1763 877 Princi-

835 910 928 949 pum
948 898 1142 948 occupata
1162 900 1314 945 cogunt
1330 895 1607 945 imperatorem
1625 895 1676 934 ad
1696 907 1762 933 re-

835 951 1043 992 dimendos
1065 950 1266 1004 praesenti
1286 951 1453 1002 pecunia
1471 951 1649 1004 captivos
1665 951 1764 1004 plu-

835 1012 981 1058 rimos,
1015 1021 1113 1058 quos
1133 1004 1218 1046 illic
1239 1007 1425 1046 fecerant.
1483 1009 1512 1047 l.
1531 1009 1558 1049 4
1578 1022 1614 1049 e.
1634 1010 1701 1050 24.

894 1066 1036 1104 ClatIso
1059 1065 1279 1115 Magnesiae
1298 1063 1490 1103 Michaele
1506 1065 1680 1116 Augusto
1701 1064 1764 1102 iu-

837 1123 974 1171 niore,
1001 1121 1116 1160 Alani
1139 1121 1211 1172 qui
1228 1120 1299 1159 sub
1325 1134 1371 1159 eo
1394 1121 1640 1171 militabant,
1672 1122 1766 1158 mis-

838 1181 988 1219 sionem
1015 1184 1175 1231 petunt.
1233 1190 1347 1228 aegre
1371 1178 1532 1218 tandem
1561 1178 1766 1217 blanditiis

838 1233 1052 1275 verborum
1074 1234 1274 1273 trimestre
1299 1247 1432 1272 morae
1452 1235 1625 1288 spatium
1644 1235 1692 1272 ab
1719 1235 1766 1272 iis

839 1294 1089 1344 impetratur.
1147 1290 1323 1329 monitus
1349 1291 1398 1329 de
1434 1288 1497 1330 his
1520 1292 1768 1331 Andronicus

842 1343 1142 1389 subministrare
1163 1342 1248 1386 filio
1270 1361 1314 1386 ea
1333 1347 1478 1399 quibus
1497 1355 1650 1399 egeret,
1678 1362 1770 1386 cum

842 1406 1014 1445 maxime
1031 1404 1176 1454 vellet,
1208 1405 1356 1456 nequit.
1413 1405 1441 1444 l.
1459 1406 1487 1448 4
1505 1419 1539 1446 c,
1563 1409 1628 1449 19.

902 1463 1014 1510 Quae
1039 1461 1308 1512 impedierunt
1336 1461 1604 1501 Andronicum
1628 1476 1650 1500 a
1670 1475 1771 1514 pro-

844 1518 1027 1559 videndis
1055 1529 1155 1569 quae
1182 1517 1399 1556 necessaria
1434 1525 1546 1557 erant
1581 1517 1772 1557 exercitui

847 1576 1014 1626 Augusti
1033 1574 1250 1622 Michaelis,
1279 1575 1453 1624 fuerunt,
1482 1581 1638 1627 praeter
1652 1574 1770 1612 modo

846 1637 1106 1669 memoratum
1126 1631 1275 1667 bellum
1291 1631 1497 1681 Venetam,
1521 1631 1658 1670 turbae
1673 1637 1772 1668 tunc

845 1693 1006 1725 coortae
1033 1686 1389 1724 ecclesiasticorum
1430 1687 1472 1725 in
1514 1688 1632 1737 urbe,
1675 1701 1774 1738 quae

847 1749 1061 1783 narrantur
1082 1743 1111 1781 l.
1133 1741 1160 1782 4
1185 1755 1206 1779 a
1225 1755 1260 1780 c,
1281 1746 1335 1784 27
1359 1744 1439 1782 fere
1459 1743 1509 1783 ad
1527 1744 1648 1782 finem
1665 1743 1774 1782 libri.

903 1800 992 1838 Hoc
1009 1812 1113 1837 anno
1133 1798 1239 1836 inter
1256 1800 1443 1837 Carolum
1469 1814 1597 1851 regem
1618 1801 1775 1852 Neapo-

846 1858 1017 1895 litanum
1038 1863 1078 1894 et
1093 1854 1343 1894 Fridericum
1359 1855 1627 1896 dominantem
1648 1857 1692 1896 in
1712 1858 1775 1895 Si-

849 1914 938 1952 cilia
963 1917 1056 1964 post
1074 1911 1221 1949 bellum
1254 1913 1485 1952 diuturnum
1510 1928 1591 1966 pax
1613 1914 1773 1962 coaluit,

851 1971 1047 2009 Eleonora
1068 1969 1199 2006 Caroli
1219 1967 1300 2006 filia
1317 1969 1522 2008 Frider'ico
1542 1970 1584 2008 in
1607 1983 1775 2008 uxorem

852 2028 952 2065 data.
1011 2024 1135 2063 filiam
1152 2024 1255 2063 hanc
1267 2026 1396 2064 Caroli
1406 2026 1664 2078 Pachymeres
1674 2027 1776 2065 Eca-

851 2082 1050 2122 therinam
1080 2086 1286 2133 perperam
1313 2090 1450 2130 vocat;
1492 2083 1602 2121 cuius
1630 2085 1776 2122 erroris

853 2137 1102 2178 occasionem
1127 2138 1169 2176 in
1190 2139 1293 2176 notis
1311 2140 1452 2179 refero.
1502 2140 1683 2192 pontifex
1703 2140 1777 2177 Bo-

855 2194 1120 2234 nifacius-eas
1145 2195 1306 2246 nuptias
1339 2201 1376 2233 et
1402 2209 1540 2248 pacem
1569 2196 1778 2248 approbat,

854 2253 951 2291 licet
977 2251 1021 2288 in
1050 2251 1344 2289 conditionibus
1370 2252 1512 2290 mutari
1534 2253 1685 2303 aliquid
1709 2266 1779 2290 vo-

857 2308 991 2347 luerit.
1048 2307 1142 2346 vide
1187 2308 1522 2346 accuratissimum
1563 2308 1779 2346 Odoricum

861 2362 1112 2416 Raynaldum
1133 2363 1212 2403 hoc
1233 2378 1336 2403 anno
1360 2377 1381 2402 a
1406 2378 1570 2403 numero
1593 2368 1613 2405 1
1638 2365 1689 2403 ad
1709 2368 1749 2407 8.

917 2421 1107 2470 Rogerius
1154 2421 1314 2469 Lamia,
1369 2431 1485 2472 quem
1522 2419 1781 2472 Pachymeres

861 2479 1121 2514 Rontzerium
1151 2477 1348 2524 nominat,
1389 2476 1456 2527 qui
1484 2475 1588 2514 bello
1618 2491 1780 2528 praece—

864 2534 981 2570 dente
1012 2533 1213 2571 Friderico
1255 2533 1405 2571 utiliter
1443 2532 1700 2583 militaverat,
1733 2534 1780 2572 ab

865 2588 1094 2626 Andronico
1125 2589 1386 2640 imperatore,
1418 2589 1482 2627 cui
1511 2602 1552 2627 se
1581 2590 1782 2642 suppetias

866 2650 1080 2682 venturum
1110 2645 1330 2694 obtulerat,
1359 2645 1503 2697 cupide
1530 2653 1714 2698 acceptus
1745 2653 1781 2684 et

867 2699 1083 2752 diplomate
1120 2714 1235 2739 aurea
1270 2701 1381 2739 bulla
1415 2701 1568 2741 munito
1608 2703 1668 2741 ad.
1694 2716 1782 2754 spes

867 2757 1017 2808 amplas
1034 2757 1245 2807 invitatus,
1275 2759 1439 2796 classem
1458 2764 1496 2797 et
1516 2758 1651 2811 copias
1670 2766 1784 2812 parat

868 2813 918 2852 ad
937 2826 981 2851 eo
999 2813 1345 2866 proficiscendum.
1405 2815 1435 2856 l.
1449 2814 1475 2855 5
1495 2828 1528 2854 c.
1550 2818 1612 2857 12.
