1858 3126
314 141 393 185 DE
427 141 750 202 ANnnoNlco
785 143 1152 188 PALAEOLOGO
1188 146 1234 190 1..
1254 144 1347 203 Vll.
1448 144 1544 192 613

112 256 216 312 πρὸς
235 253 442 310 Ῥωμαίων
471 256 575 298 κατὰ
598 256 645 298 τὸ
668 257 842 300 δυνατὸν
859 257 1039 312 ἐνεργεῖν.
1109 255 1239 315 ταύτῃ
1258 273 1322 301 τοι
1339 259 1406 301 καὶ
1424 263 1546 312 βασι-

111 324 203 373 λεὺς
231 324 493 377 ε’νασμενίσας
522 328 574 380 τῇ
603 325 861 384 κοινοπραγίᾳ
888 329 963 366 τοῦ
987 324 1175 381 Πέρσου,
1209 325 1257 368 τὸ
1272 327 1345 380 μὲν
1364 327 1539 370 σουλτᾶν
1562 333 1591 368 C

50 430 53 434 .
112 392 358 446 ε’γκαθιστᾶν
382 390 453 432 τὸν
474 391 620 445 Μελῆκ
646 393 712 434 καὶ
738 396 850 434 θεῖον
869 395 942 445 τῆς
965 389 1087 447 κόρης
1109 392 1182 434 οὐκ
1204 393 1410 447 ἐδοκίμαζε
1429 394 1542 446 τέως,

112 458 162 500 τὸ
187 456 351 513 γύναιον
382 458 449 509 δέ,
485 461 550 499 καὶ
571 457 743 513 μεγάλην
761 457 1115 512 ε’ξετοιμασάμενος
1132 467 1278 512 προῖκα
1289 493 1303 512 ‚
1339 460 1415 503 σὺν
1433 460 1544 519 αὐτῷ

80 527 369 574 ὄδιαποντίους
393 527 448 574 εἷς
471 526 616 581 Πηγὰς
642 525 806 578 πέμπει,
839 527 908 567 ἰ’να
930 526 979 580 δὴ
1001 528 1066 568 καὶ
1086 524 1268 581 ἑπήγγελε
1287 529 1546 583 καθημένους

109 593 163 635 τοὶ
194 589 516 648 συμφωνούμενα
544 589 800 635 καθιστάνειν
830 593 905 635 σὺν
934 597 991 650 τῷ
1022 595 1088 635 καὶ
1120 598 1194 647 τῆς
1220 592 1372 644 πόλεως
1391 599 1545 651 Πηγῶν

108 659 180 702 τὸν
207 660 355 714 Μελὴκ
388 657 589 714 ἡγεῖσθαι.
656 660 760 714 πλὴν
796 659 840 702 δ’
868 660 973 702 ἀλλὰ
1005 662 1070 702 καὶ
1099 661 1225 715 συχνὰ
1258 666 1339 703 τῶν
1366 662 1541 705 ἀκατίων

107 727 235 770 introi
256 745 312 784 πῃ
335 726 668 782 παρεσκευάζετο,
704 729 921 783 διαπερᾶν,
956 730 991 770 εἰ
1011 729 1188 780 θέλοιεν,
1225 730 1404 785 Πέρσας.
1474 729 1540 772 ὅτε

108 794 161 848 δὴ
184 795 249 837 καὶ
269 794 597 849 περικαθημένων
618 795 692 837 σῦν
710 795 892 849 Πέρσαις
915 800 997 838 τῶν
1012 795 1177 838 Ἰταλῶν
1200 796 1271 837 τὸν
1295 800 1370 839 τοῦ
1385 795 1539 839 Ῥαιδε-

58 870 99 904 10
108 866 207 904 στοῢ
226 859 378 918 πύργον
393 893 407 914 ,
441 862 732 917 διανοουμένων
751 864 893 913 ἐξελεῖν
914 865 984 904 καί
995 863 1034 904 οἱ
1050 863 1283 918 χρωμένους
1300 862 1531 923 ὁρμητηρίῳ
1554 876 1584 910 1>

106 936 194 978 τοῖς
217 931 306 984 περὶ
335 929 408 983 τὴν
434 928 600 988 Θρᾴκην
629 927 857 985 πράγμασιν
884 928 1106 986 ἐφεδρεύειν
1118 963 1131 982 ,
1164 931 1353 983 βασιλεὺς
1374 931 1540 985 πέμψας

105 994 279 1052 τριήρεις
294 994 368 1038 δύο
387 998 568 1052 ε’πειρᾶτο
589 996 769 1052 μετάγειν
788 999 939 1039 ἐκεῖθεν
960 997 1033 1051 τὴν
1052 998 1255 1052 ἄχρηστον
1270 997 1426 1052 ἡλικίαν
1436 1031 1448 1049 ,
1484 997 1540 1048 ὥς

105 1061 402 1116 διαμενοῦντων
426 1066 491 1106 καὶ
520 1062 655 1118 μόνων
678 1069 761 1107 τῶν
790 1065 957 1120 ἐνεργῶν
990 1066 1092 1106 κατὰ
1121 1063 1308 1119 πόλεμον.
1378 1067 1444 1107 καὶ
1483 1065 1537 1120 δὴ

106 1131 289 1173 ἐπιστᾶσι
316 1137 401 1180 τοῖς
427 1132 623 1184 βασιλέως
655 1132 841 1184 ἐμποδὼν
873 1132 1046 1186 ἔστησαν
1076 1132 1235 1187 Πέρσαι
1268 1132 1371 1174 κατὰ
1401 1130 1537 1186 στόμα

54 1204 95 1239 15
108 1196 485 1248 διακινδυνεύοντες·
521 1198 606 1241 εἶτα
633 1197 838 1252 μαθόντες
865 1199 939 1252 τὴν
966 1201 1053 1254 περὶ
1077 1199 1226 1248 αὐτοὺς
1246 1204 1319 1241 τοῦ
1337 1200 1536 1252 βασιλέως

104 1264 359 1320 προμήθειαν
378 1271 621 1322 καθυφῆκαν
640 1267 738 1315 τέως
755 1268 820 1308 καὶ
838 1265 993 1314 ἑκόντες
1014 1271 1315 1322 φυγομαχοῢσιν
1331 1266 1533 1325 ε’ῴκεισαν.
1555 1272 1587 1308 Ε

106 1330 455 1386 καταταχήσαντες
493 1333 535 1375 δ’
565 1336 606 1375 ἐν
642 1331 825 1391 τοσούτῳ
856 1334 895 1375 οἳ
917 1338 998 1375 τῶν
1027 1332 1220 1388 τριήρεων
1254 1335 1428 1384 πολλοὺς
1453 1339 1535 1377 τῶν

103 1397 316 1457 ἀχρήστων
338 1401 488 1443 ἐκεῖθεν
510 1398 750 1458 κατάγουσι,
786 1402 853 1443 καὶ
870 1399 976 1443 οὕτω
997 1399 1315 1458 διαφορήσαντες
1334 1401 1535 1459 εὔρωστο-

102 1532 263 1564 moveret.
308 1541 422 1564 verum
443 1530 650 1564 Andronicus
673 1530 716 1564 de
738 1533 873 1564 caetero
896 1531 1100 1575 perlibenter
1120 1531 1298 1565 admittens
1329 1531 1532 1577 propositio—

102 1586 163 1608 nes
191 1575 335 1616 Persae,
367 1575 454 1609 haud
483 1576 616 1620 putavit
644 1582 862 1621 opportunum
894 1588 933 1609 eo
963 1588 1073 1610 rerum
1096 1582 1188 1610 statu
1212 1577 1375 1610 Melecum
1409 1577 1533 1611 consti-

102 1624 199 1653 tuere
229 1621 412 1654 Sultanem.
457 1625 493 1654 at
522 1621 662 1665 puellam
680 1621 796 1666 ,ipsam
810 1646 820 1662 ‚
851 1633 968 1665 magna
991 1622 1022 1655 ei
1044 1622 1132 1655 dicta
1156 1622 1251 1662 dote,
1284 1633 1350 1655 una
1372 1633 1443 1655 cum
1466 1622 1531 1655 isto

101 1665 175 1710 ipso
202 1675 263 1699 suo
294 1669 414 1711 patruo
444 1667 528 1700 mari
558 1666 694 1710 perduci
717 1667 846 1700 curavit
867 1667 996 1710 peges,
1029 1667 1087 1700 ubi
1111 1667 1283 1700 considere
1304 1667 1397 1711 ipsos
1414 1666 1532 1708 voluit,

102 1714 139 1744 et
158 1721 201 1743 ea
222 1710 265 1743 de
287 1711 406 1755 quibus
427 1710 516 1744 inter
538 1722 575 1744 se
598 1723 638 1745 ac
662 1711 825 1744 Melecum
848 1711 1011 1744 Isaacium
1045 1716 1247 1745 convenerat
1278 1711 1532 1752 administrare3

102 1754 192 1799 quod
213 1759 252 1789 ut
272 1756 371 1789 fieret
390 1755 543 1796 facilius,
575 1756 718 1790 eiusdem
742 1757 907 1800 Pegarum
933 1756 1025 1790 urbis
1057 1759 1301 1801 praefecturam
1323 1755 1452 1788 Meleco
1476 1759 1532 1788 at-

101 1799 232 1833 tribuit.
276 1801 337 1834 sed
363 1804 397 1834 et
417 1801 589 1834 naviculae
611 1813 707 1846 qnam
736 1802 895 1846 plurimae
917 1802 1037 1835 ibidem
1060 1802 1355 1845 comparabantur,
1377 1799 1449 1832 usui
1473 1800 1530 1833 ru-

100 1846 199 1877 turae
220 1845 432 1889 deportandis
453 1857 494 1879 ex
511 1846 660 1879 Occidua
683 1847 872 1879 continente
896 1847 1026 1887 Persis,
1052 1847 1109 1879 ubi
1132 1846 1198 1886 eis,
1222 1849 1323 1889 prout
1344 1843 1533 1889 spondebat

102 1898 142 1922 se
161 1890 346 1931 facturum,
376 1891 597 1933 persuasisset
618 1891 764 1924 isaacius
794 1897 882 1924 retro
904 1891 937 1923 in
961 1891 1072 1924 Asiam
1099 1891 1274 1929 traiicere,
1306 1888 1438 1933 quando
1460 1889 1529 1922 La-

102 1933 175 1966 tino
208 1934 378 1975 exercitu,
416 1935 669 1977 cooperantibus
698 1936 828 1968 auxiliis
859 1936 1021 1975 Persicis,
1062 1935 1313 1968 circumsidente
1346 1933 1528 1966 Rhaedesti

102 1978 222 2011 turrim
255 1978 372 2021 (cuius
403 1978 468 2011 loci
497 1979 645 2022 potiundi
669 1991 788 2022 magna
810 1980 914 2012 Italos
937 1980 1104 2024 cupiditas
1125 1980 1330 2019 incesserat,
1361 1989 1435 2011 eum
1457 1978 1525 2012 situ

101 2027 382 2068 peropportunum
405 2028 498 2055 ratos
518 2024 560 2055 ad
584 2023 742 2066 reliquam
764 2035 837 2056 cum
858 2025 1083 2068 occupandam
1103 2023 1322 2063 excurrendo,
1347 2026 1416 2056 tum
1432 2027 1527 2068 post-

102 2079 202 2113 quam
234 2070 471 2111 usurpassent,
502 2068 730 2101 continendam
759 2068 792 2101 in
821 2073 990 2112 potestate
1009 2068 1084 2100 inde
1106 2068 1314 2110 Thraciam)
1341 2068 1525 2113 imperator

100 2113 208 2147 missis
230 2124 271 2145 eo
292 2112 480 2145 triremibus
508 2113 635 2145 duabus
659 2113 840 2145 conabatur
862 2125 903 2146 ex
924 2114 978 2145 illo
1001 2112 1164 2157 praesidio
1193 2113 1368 2146 extrahere
1390 2114 1524 2147 turbam

100 2168 164 2203 per
183 2159 326 2191 aetatem
350 2161 408 2190 aut
428 2167 539 2190 sexum
563 2158 650 2190 bello
671 2157 819 2190 inutilem
843 2163 878 2190 et
897 2158 1120 2191 alimentorum
1142 2157 1370 2202 absumptione
1387 2158 1524 2191 damno-

102 2214 193 2244 sam,
221 2213 288 2246 quo
317 2202 403 2235 illius
434 2202 565 2235 solicito
596 2202 761 2235 consortio
794 2202 892 2235 liberi
924 2202 1046 2235 milites
1075 2202 1262 2246 expeditius
1290 2207 1325 2236 et
1353 2203 1523 2236 efficacius

100 2252 237 2292 possent
257 2247 384 2280 tutelae
406 2247 528 2287 castri,
563 2246 657 2279 cuius
687 2248 775 2280 foret
796 2247 927 2280 iactura
948 2247 1115 2280 Romanae
1138 2248 1185 2280 rei
1206 2247 1378 2292 plurimum
1400 2248 1522 2281 exitia-

102 2292 164 2334 lis,
197 2293 380 2326 attendere.
425 2291 467 2325 ad
490 2292 523 2325 id
547 2291 771 2336 exequendum
795 2303 867 2324 cum
890 2303 927 2325 se
949 2292 1171 2325 admovissent
1191 2292 1294 2326 littori
1316 2293 1520 2326 trierarchae

100 2337 328 2382 imperatorii,
358 2336 488 2370 obviam
522 2338 610 2370 forte
643 2337 789 2370 habuere
817 2337 885 2370 illic
915 2337 957 2370 ad
990 2336 1067 2370 ostii
1089 2337 1311 2371 defensionem
1333 2339 1518 2382 oppositam

100 2381 267 2415 Persicam
300 2382 492 2420 cohortem,
523 2393 609 2426 quae
641 2393 721 2414 sane
751 2383 885 2415 sortiter
906 2381 1107 2414 exscendere
1126 2383 1329 2416 tentantibus
1349 2383 1517 2423 obstabat,

101 2426 212 2470 quoad
242 2427 428 2470 significato
457 2427 490 2459 in
523 2438 634 2460 aurem
665 2427 856 2470 quibusdam
888 2438 930 2459 ex
955 2426 1012 2459 illo
1040 2437 1199 2472 corpore,
1236 2439 1277 2461 ac
1301 2438 1364 2472 per
1392 2439 1448 2461 eos
1480 2428 1516 2461 in

102 2470 187 2504 alios
207 2471 360 2514 vulgato,
389 2471 466 2516 quid
489 2472 531 2505 ad
555 2482 612 2505 eos
626 2499 633 2509 ,
657 2483 722 2515 quo
743 2472 863 2505 dudum
886 2476 1063 2515 cuperent,
1087 2473 1335 2506 transferendos
1356 2473 1518 2506 benevole

99 2515 182 2559 ipsis
209 2521 345 2560 pararet
371 2516 572 2560 imperator,
600 2516 711 2549 inflexi
742 2517 788 2549 illi
816 2516 1012 2550 remiserunt
1032 2516 1075 2549 de
1098 2518 1301 2561 repugnandi
1322 2517 1518 2563 pertinacia,

101 2559 272 2604 ultroque,
303 2561 362 2594 sed
389 2562 484 2606 quasi
513 2563 629 2606 fugere
650 2562 683 2594 vi
705 2562 998 2606 compellerentur,
1028 2565 1139 2595 tamen
1169 2564 1300 2596 retenta
1319 2562 1515 2596 certantium

101 2603 211 2647 specie
231 2606 440 2644 recedentes,
468 2608 574 2640 locum
596 2607 719 2640 nostris
749 2607 871 2639 dedere
889 2606 1035 2640 feliciter
1055 2608 1236 2650 exequendi
1256 2618 1344 2652 quae
1366 2606 1515 2640 destina-

101 2651 229 2681 verant.
252 2671 255 2674 ι
273 2650 473 2684 festinarunt
500 2651 623 2696 quippe
652 2651 833 2685 triremium
866 2656 1019 2684 vectores
1041 2662 1081 2684 eo
1099 2651 1194 2686 brevi
1215 2653 1314 2696 fugae
1337 2653 1514 2685 Persarum

101 2698 264 2727 momento
283 2695 476 2738 pleramque
497 2699 624 2739 partem
651 2696 793 2731 imbellis
821 2695 1042 2729 multitudinis
1071 2707 1092 2729 e
1121 2697 1301 2731 Rhaedesti
1329 2699 1515 2730 extractam

100 2736 187 2770 turri
207 2738 251 2772 ad
265 2748 346 2774 ,sese
367 2739 530 2784 recipere,
549 2751 647 2784 quam
662 2741 844 2777 evehentes
863 2741 1014 2776 residuos
1033 2741 1185 2776 obsessa
1206 2742 1292 2776 haud
1315 2742 1413 2786 paulo
1436 2750 1516 2775 eon·
