<?xml version="1.0" encoding="UTF-8"?>
<!DOCTYPE html PUBLIC "-//W3C//DTD XHTML 1.0 Transitional//EN"
    "http://www.w3.org/TR/xhtml1/DTD/xhtml1-transitional.dtd">
<html xmlns="http://www.w3.org/1999/xhtml" xml:lang="en" lang="en">
 <head>
  <title>
</title>
<meta http-equiv="Content-Type" content="text/html;charset=utf-8" />
  <meta name='ocr-system' content='tesseract 3.04.00' />
  <meta name='ocr-capabilities' content='ocr_page ocr_carea ocr_par ocr_line ocrx_word'/>
</head>
<body>
  <div class='ocr_page' id='page_1' title='image "./corpusscriptorum18niebuoft_0443.png"; bbox 0 0 1858 3126; ppageno 0'>
   <div class='ocr_carea' id='block_1_1' title="bbox 366 151 1612 205">
    <p class='ocr_par' dir='ltr' id='par_1_1' title="bbox 366 151 1612 205">
     <span class='ocr_line' id='line_1_1' title="bbox 366 151 1612 205; baseline -0.005 0"><span class='ocrx_word' id='word_1_1' title='bbox 366 162 444 205; x_wconf 92' lang='lat' dir='ltr'><strong>DE</strong></span> <span class='ocrx_word' id='word_1_2' title='bbox 477 157 808 204; x_wconf 85' lang='lat' dir='ltr'><strong>ANDRONICO</strong></span> <span class='ocrx_word' id='word_1_3' title='bbox 843 155 1221 201; x_wconf 79' lang='lat' dir='ltr'><strong>PALAEOLOGO</strong></span> <span class='ocrx_word' id='word_1_4' title='bbox 1256 156 1303 199; x_wconf 89' lang='lat' dir='ltr'><strong>L.</strong></span> <span class='ocrx_word' id='word_1_5' title='bbox 1332 156 1389 199; x_wconf 90' lang='lat' dir='ltr'><strong>V.</strong></span> <span class='ocrx_word' id='word_1_6' title='bbox 1511 151 1612 200; x_wconf 81' lang='lat'><strong>427</strong></span> 
     </span>
    </p>
   </div>
   <div class='ocr_carea' id='block_1_2' title="bbox 96 267 1757 1432">
    <p class='ocr_par' dir='ltr' id='par_1_2' title="bbox 149 267 1614 470">
     <span class='ocr_line' id='line_1_2' title="bbox 149 267 1612 334; baseline -0.008 -13"><span class='ocrx_word' id='word_1_7' title='bbox 149 271 243 321; x_wconf 69' lang='grc' dir='ltr'><strong><em>οὖσι</em></strong></span> <span class='ocrx_word' id='word_1_8' title='bbox 261 277 328 319; x_wconf 72' lang='grc' dir='ltr'><strong><em>καὶ</em></strong></span> <span class='ocrx_word' id='word_1_9' title='bbox 347 280 400 334; x_wconf 84' lang='grc' dir='ltr'><strong>τῇ</strong></span> <span class='ocrx_word' id='word_1_10' title='bbox 417 278 493 319; x_wconf 83' lang='grc' dir='ltr'><strong>τοῦ</strong></span> <span class='ocrx_word' id='word_1_11' title='bbox 511 277 657 330; x_wconf 79' lang='grc' dir='ltr'><strong><em>καιροῦ</em></strong></span> <span class='ocrx_word' id='word_1_12' title='bbox 675 274 748 333; x_wconf 72' lang='grc' dir='ltr'><strong>βίᾳ</strong></span> <span class='ocrx_word' id='word_1_13' title='bbox 765 271 930 324; x_wconf 78' lang='grc' dir='ltr'><strong><em>εἴξασιν.</em></strong></span> <span class='ocrx_word' id='word_1_14' title='bbox 999 269 1022 315; x_wconf 82' lang='grc' dir='ltr'><strong><em>ὅ</em></strong></span> <span class='ocrx_word' id='word_1_15' title='bbox 1044 271 1089 314; x_wconf 78' lang='grc' dir='ltr'><strong>δὲ</strong></span> <span class='ocrx_word' id='word_1_16' title='bbox 1107 269 1269 326; x_wconf 62' lang='grc' dir='ltr'><strong><em>δέχεταί</em></strong></span> <span class='ocrx_word' id='word_1_17' title='bbox 1282 286 1327 312; x_wconf 83' lang='grc' dir='ltr'><strong><em>τε</em></strong></span> <span class='ocrx_word' id='word_1_18' title='bbox 1347 268 1422 324; x_wconf 83' lang='grc' dir='ltr'><strong><em>τὴν</em></strong></span> <span class='ocrx_word' id='word_1_19' title='bbox 1443 267 1612 311; x_wconf 74' lang='grc' dir='ltr'><strong>ἱκετείαν</strong></span> 
     </span>
     <span class='ocr_line' id='line_1_3' title="bbox 150 335 1612 399; baseline -0.007 -10"><span class='ocrx_word' id='word_1_20' title='bbox 150 347 218 390; x_wconf 79' lang='grc' dir='ltr'><strong>καὶ</strong></span> <span class='ocrx_word' id='word_1_21' title='bbox 239 343 406 399; x_wconf 72' lang='grc' dir='ltr'><strong><em>ἆμῦνειν</em></strong></span> <span class='ocrx_word' id='word_1_22' title='bbox 425 343 795 398; x_wconf 73' lang='grc' dir='ltr'><strong><em>κατεπαγγέλλεται.</em></strong></span> <span class='ocrx_word' id='word_1_23' title='bbox 850 340 898 384; x_wconf 78' lang='grc' dir='ltr'><strong>οὗ</strong></span> <span class='ocrx_word' id='word_1_24' title='bbox 916 339 999 395; x_wconf 81' lang='grc' dir='ltr'><strong>μὴν</strong></span> <span class='ocrx_word' id='word_1_25' title='bbox 1018 340 1054 382; x_wconf 75' lang='grc' dir='ltr'><strong>δ’</strong></span> <span class='ocrx_word' id='word_1_26' title='bbox 1077 339 1183 382; x_wconf 75' lang='grc' dir='ltr'><strong><em>ἀλλὰ</em></strong></span> <span class='ocrx_word' id='word_1_27' title='bbox 1204 341 1271 381; x_wconf 81' lang='grc' dir='ltr'><strong>καὶ</strong></span> <span class='ocrx_word' id='word_1_28' title='bbox 1291 339 1480 381; x_wconf 58' lang='grc' dir='ltr'><strong><em>ἐντεῦθεν</em></strong></span> <span class='ocrx_word' id='word_1_29' title='bbox 1499 335 1612 391; x_wconf 77' lang='grc' dir='ltr'><strong><em>θάρ-</em></strong></span> 
     </span>
     <span class='ocr_line' id='line_1_4' title="bbox 150 403 1614 470; baseline -0.006 -13"><span class='ocrx_word' id='word_1_30' title='bbox 150 431 225 470; x_wconf 90' lang='grc' dir='ltr'><strong><em>ρος</em></strong></span> <span class='ocrx_word' id='word_1_31' title='bbox 249 414 389 468; x_wconf 75' lang='grc' dir='ltr'><strong><em>λαβὼν</em></strong></span> <span class='ocrx_word' id='word_1_32' title='bbox 409 412 483 456; x_wconf 80' lang='grc' dir='ltr'><strong>οὔκ</strong></span> <span class='ocrx_word' id='word_1_33' title='bbox 507 412 707 467; x_wconf 77' lang='grc' dir='ltr'><strong><em>ὀλίγιστον</em></strong></span> <span class='ocrx_word' id='word_1_34' title='bbox 736 409 840 466; x_wconf 81' lang='grc' dir='ltr'><strong><em>πρὸς</em></strong></span> <span class='ocrx_word' id='word_1_35' title='bbox 857 408 1095 463; x_wconf 83' lang='grc' dir='ltr'><strong><em>συμπλοκὰς</em></strong></span> <span class='ocrx_word' id='word_1_36' title='bbox 1117 407 1222 451; x_wconf 77' lang='grc' dir='ltr'><strong><em>κατὰ</em></strong></span> <span class='ocrx_word' id='word_1_37' title='bbox 1240 411 1418 463; x_wconf 83' lang='grc' dir='ltr'><strong><em>Περσῶν</em></strong></span> <span class='ocrx_word' id='word_1_38' title='bbox 1438 403 1614 462; x_wconf 69' lang='grc' dir='ltr'><strong><em>ἡτοιμά-</em></strong></span> 
     </span>
    </p>

    <p class='ocr_par' dir='ltr' id='par_1_3' title="bbox 119 474 1757 536">
     <span class='ocr_line' id='line_1_5' title="bbox 119 474 1757 536; baseline -0.006 -10"><span class='ocrx_word' id='word_1_39' title='bbox 119 497 132 507; x_wconf 59' lang='grc'>“</span> <span class='ocrx_word' id='word_1_40' title='bbox 150 485 252 535; x_wconf 82' lang='grc' dir='ltr'><strong><em>ζετο.</em></strong></span> <span class='ocrx_word' id='word_1_41' title='bbox 323 481 430 536; x_wconf 84' lang='grc' dir='ltr'><strong><em>πλὴν</em></strong></span> <span class='ocrx_word' id='word_1_42' title='bbox 452 480 495 524; x_wconf 78' lang='grc' dir='ltr'><strong>δ’</strong></span> <span class='ocrx_word' id='word_1_43' title='bbox 517 480 613 523; x_wconf 78' lang='grc' dir='ltr'><strong><em>ἀλλ’</em></strong></span> <span class='ocrx_word' id='word_1_44' title='bbox 638 480 733 523; x_wconf 74' lang='grc' dir='ltr'><strong>οὐδὲ</strong></span> <span class='ocrx_word' id='word_1_45' title='bbox 749 478 936 532; x_wconf 70' lang='grc' dir='ltr'><strong><em>Πέρσαις</em></strong></span> <span class='ocrx_word' id='word_1_46' title='bbox 962 474 1197 531; x_wconf 72' lang='grc' dir='ltr'><strong><em>ἀνήκουστα</em></strong></span> <span class='ocrx_word' id='word_1_47' title='bbox 1216 475 1402 519; x_wconf 76' lang='grc' dir='ltr'><strong><em>τάκείνου</em></strong></span> <span class='ocrx_word' id='word_1_48' title='bbox 1421 476 1612 530; x_wconf 74' lang='grc' dir='ltr'><strong><em>κατέστη,</em></strong></span> <span class='ocrx_word' id='word_1_49' title='bbox 1636 487 1666 522; x_wconf 83' lang='grc' dir='ltr'><strong>Ρ</strong></span> <span class='ocrx_word' id='word_1_50' title='bbox 1690 487 1757 522; x_wconf 76' lang='lat'><strong>296</strong></span> 
     </span>
    </p>

    <p class='ocr_par' dir='ltr' id='par_1_4' title="bbox 116 543 1617 880">
     <span class='ocr_line' id='line_1_6' title="bbox 116 543 1616 604; baseline -0.004 -11"><span class='ocrx_word' id='word_1_51' title='bbox 116 551 258 594; x_wconf 72' lang='grc' dir='ltr'><strong><em>ὁᾶλλὰ</em></strong></span> <span class='ocrx_word' id='word_1_52' title='bbox 287 552 355 593; x_wconf 78' lang='grc' dir='ltr'><strong>καὶ</strong></span> <span class='ocrx_word' id='word_1_53' title='bbox 386 549 503 593; x_wconf 76' lang='grc' dir='ltr'><strong><em>αὐτοὶ</em></strong></span> <span class='ocrx_word' id='word_1_54' title='bbox 530 546 739 602; x_wconf 85' lang='grc' dir='ltr'><strong><em>μαθόντες</em></strong></span> <span class='ocrx_word' id='word_1_55' title='bbox 765 543 1155 604; x_wconf 77' lang='grc' dir='ltr'><strong><em>προσητοιμάζοντο.</em></strong></span> <span class='ocrx_word' id='word_1_56' title='bbox 1224 545 1298 587; x_wconf 81' lang='grc' dir='ltr'><strong>καί</strong></span> <span class='ocrx_word' id='word_1_57' title='bbox 1322 562 1402 587; x_wconf 87' lang='grc' dir='ltr'><strong>που</strong></span> <span class='ocrx_word' id='word_1_58' title='bbox 1432 546 1524 601; x_wconf 85' lang='grc' dir='ltr'><strong><em>περὶ</em></strong></span> <span class='ocrx_word' id='word_1_59' title='bbox 1542 543 1616 587; x_wconf 77' lang='grc' dir='ltr'><strong>τὸν</strong></span> 
     </span>
     <span class='ocr_line' id='line_1_7' title="bbox 151 610 1617 669; baseline -0.005 -6"><span class='ocrx_word' id='word_1_60' title='bbox 151 619 333 663; x_wconf 73' lang='grc' dir='ltr'><strong><em>Αὕλακα</em></strong></span> <span class='ocrx_word' id='word_1_61' title='bbox 362 617 631 667; x_wconf 74' lang='grc' dir='ltr'><strong><em>συνελθόντες</em></strong></span> <span class='ocrx_word' id='word_1_62' title='bbox 669 616 743 660; x_wconf 72' lang='grc' dir='ltr'><strong>οὐκ</strong></span> <span class='ocrx_word' id='word_1_63' title='bbox 771 616 866 667; x_wconf 73' lang='grc' dir='ltr'><strong><em>ἄξια</em></strong></span> <span class='ocrx_word' id='word_1_64' title='bbox 908 616 983 668; x_wconf 72' lang='grc' dir='ltr'><strong>μὲν</strong></span> <span class='ocrx_word' id='word_1_65' title='bbox 1019 618 1094 657; x_wconf 85' lang='grc' dir='ltr'><strong>τοῦ</strong></span> <span class='ocrx_word' id='word_1_66' title='bbox 1127 610 1318 668; x_wconf 75' lang='grc' dir='ltr'><strong><em>πλήθους</em></strong></span> <span class='ocrx_word' id='word_1_67' title='bbox 1346 612 1445 656; x_wconf 66' lang='grc' dir='ltr'><strong>οὐδέ</strong></span> <span class='ocrx_word' id='word_1_68' title='bbox 1469 630 1513 669; x_wconf 75' lang='grc' dir='ltr'><strong><em>γε</em></strong></span> <span class='ocrx_word' id='word_1_69' title='bbox 1541 617 1617 668; x_wconf 80' lang='grc' dir='ltr'><strong>τῆς</strong></span> 
     </span>
     <span class='ocr_line' id='line_1_8' title="bbox 152 679 1616 743; baseline -0.003 -13"><span class='ocrx_word' id='word_1_70' title='bbox 152 692 414 743; x_wconf 80' lang='grc' dir='ltr'><strong><em>παρασκευῆς</em></strong></span> <span class='ocrx_word' id='word_1_71' title='bbox 436 685 637 741; x_wconf 66' lang='grc' dir='ltr'><strong><em>ἑκατέρων</em></strong></span> <span class='ocrx_word' id='word_1_72' title='bbox 663 683 864 740; x_wconf 77' lang='grc' dir='ltr'><strong><em>ἀλλήλους</em></strong></span> <span class='ocrx_word' id='word_1_73' title='bbox 884 683 1064 739; x_wconf 65' lang='grc' dir='ltr'><strong><em>ἔδρασαν</em></strong></span> <span class='ocrx_word' id='word_1_74' title='bbox 1078 715 1093 735; x_wconf 84' lang='lat'><em>‚</em></span> <span class='ocrx_word' id='word_1_75' title='bbox 1130 682 1286 738; x_wconf 74' lang='grc' dir='ltr'><strong><em>λέγεται</em></strong></span> <span class='ocrx_word' id='word_1_76' title='bbox 1308 681 1349 724; x_wconf 80' lang='grc' dir='ltr'><strong>δ’</strong></span> <span class='ocrx_word' id='word_1_77' title='bbox 1375 679 1489 735; x_wconf 79' lang='grc' dir='ltr'><strong><em>ὅμως</em></strong></span> <span class='ocrx_word' id='word_1_78' title='bbox 1507 699 1616 738; x_wconf 83' lang='grc' dir='ltr'><strong><em>τρω-</em></strong></span> 
     </span>
     <span class='ocr_line' id='line_1_9' title="bbox 148 750 1617 809; baseline -0.005 -9"><span class='ocrx_word' id='word_1_79' title='bbox 148 756 301 805; x_wconf 74' lang='grc' dir='ltr'><strong><em>θέντος</em></strong></span> <span class='ocrx_word' id='word_1_80' title='bbox 321 755 469 799; x_wconf 65' lang='grc' dir='ltr'><strong><em>αι”τίκα</em></strong></span> <span class='ocrx_word' id='word_1_81' title='bbox 490 760 565 798; x_wconf 85' lang='grc' dir='ltr'><strong>τοῦ</strong></span> <span class='ocrx_word' id='word_1_82' title='bbox 579 752 794 808; x_wconf 78' lang='grc' dir='ltr'><strong><em>Ἀλισῦρου</em></strong></span> <span class='ocrx_word' id='word_1_83' title='bbox 812 754 880 796; x_wconf 85' lang='grc' dir='ltr'><strong><em>καὶ</em></strong></span> <span class='ocrx_word' id='word_1_84' title='bbox 901 755 957 803; x_wconf 73' lang='grc' dir='ltr'><strong><em>εἷς</em></strong></span> <span class='ocrx_word' id='word_1_85' title='bbox 974 752 1108 809; x_wconf 67' lang='grc' dir='ltr'><strong><em>φυγὴν</em></strong></span> <span class='ocrx_word' id='word_1_86' title='bbox 1136 751 1205 793; x_wconf 78' lang='grc' dir='ltr'><strong>διὰ</strong></span> <span class='ocrx_word' id='word_1_87' title='bbox 1226 754 1360 793; x_wconf 79' lang='grc' dir='ltr'><strong><em>ταῦτα</em></strong></span> <span class='ocrx_word' id='word_1_88' title='bbox 1380 750 1617 805; x_wconf 68' lang='grc' dir='ltr'><strong><em>βλέψαντος</em></strong></span> 
     </span>
     <span class='ocr_line' id='line_1_10' title="bbox 148 819 1617 880; baseline -0.004 -12"><span class='ocrx_word' id='word_1_89' title='bbox 148 825 320 880; x_wconf 68' lang='grc' dir='ltr'><strong><em>Πέρσας</em></strong></span> <span class='ocrx_word' id='word_1_90' title='bbox 341 826 415 879; x_wconf 78' lang='grc' dir='ltr'><strong>μὲν</strong></span> <span class='ocrx_word' id='word_1_91' title='bbox 436 823 533 877; x_wconf 79' lang='grc' dir='ltr'><strong><em>μετ’</em></strong></span> <span class='ocrx_word' id='word_1_92' title='bbox 556 823 772 877; x_wconf 77' lang='grc' dir='ltr'><strong><em>εὖκοσμιάς</em></strong></span> <span class='ocrx_word' id='word_1_93' title='bbox 793 823 859 864; x_wconf 76' lang='grc' dir='ltr'><strong><em>καὶ</em></strong></span> <span class='ocrx_word' id='word_1_94' title='bbox 878 821 984 864; x_wconf 78' lang='grc' dir='ltr'><strong><em>κατὰ</em></strong></span> <span class='ocrx_word' id='word_1_95' title='bbox 1003 819 1159 876; x_wconf 85' lang='grc' dir='ltr'><strong><em>τρόπον</em></strong></span> <span class='ocrx_word' id='word_1_96' title='bbox 1175 819 1426 876; x_wconf 78' lang='grc' dir='ltr'><strong><em>ἀναχωρεῖν,</em></strong></span> <span class='ocrx_word' id='word_1_97' title='bbox 1462 825 1550 869; x_wconf 86' lang='grc' dir='ltr'><strong><em>τοῖς</em></strong></span> <span class='ocrx_word' id='word_1_98' title='bbox 1571 820 1617 862; x_wconf 78' lang='grc' dir='ltr'><strong>δὲ</strong></span> 
     </span>
    </p>

    <p class='ocr_par' dir='ltr' id='par_1_5' title="bbox 97 884 1666 1224">
     <span class='ocr_line' id='line_1_11' title="bbox 97 884 1616 949; baseline -0.003 -13"><span class='ocrx_word' id='word_1_99' title='bbox 97 893 255 937; x_wconf 62' lang='lat' dir='ltr'><strong>mam&amp;</strong></span> <span class='ocrx_word' id='word_1_100' title='bbox 283 893 355 936; x_wconf 77' lang='grc' dir='ltr'><strong>τὸν</strong></span> <span class='ocrx_word' id='word_1_101' title='bbox 386 892 514 949; x_wconf 63' lang='grc' dir='ltr'><strong><em>μέγαν</em></strong></span> <span class='ocrx_word' id='word_1_102' title='bbox 545 894 675 935; x_wconf 78' lang='grc' dir='ltr'><strong>δοῦκα</strong></span> <span class='ocrx_word' id='word_1_103' title='bbox 708 895 949 946; x_wconf 71' lang='grc' dir='ltr'><strong><em>συναχθεῖσα</em></strong></span> <span class='ocrx_word' id='word_1_104' title='bbox 976 889 1080 934; x_wconf 82' lang='grc' dir='ltr'><strong><em>κατὰ</em></strong></span> <span class='ocrx_word' id='word_1_105' title='bbox 1113 886 1303 946; x_wconf 78' lang='grc' dir='ltr'><strong><em>φρήτρας</em></strong></span> <span class='ocrx_word' id='word_1_106' title='bbox 1333 892 1451 944; x_wconf 79' lang='grc' dir='ltr'><strong><em>τριχῇ</em></strong></span> <span class='ocrx_word' id='word_1_107' title='bbox 1469 888 1544 931; x_wconf 78' lang='grc' dir='ltr'><strong>οὐκ</strong></span> <span class='ocrx_word' id='word_1_108' title='bbox 1564 884 1616 943; x_wconf 79' lang='grc' dir='ltr'><strong>ἦν</strong></span> 
     </span>
     <span class='ocr_line' id='line_1_12' title="bbox 150 955 1666 1017; baseline -0.002 -13"><span class='ocrx_word' id='word_1_109' title='bbox 150 960 338 1012; x_wconf 73' lang='grc' dir='ltr'><strong><em>ἀτάκτως</em></strong></span> <span class='ocrx_word' id='word_1_110' title='bbox 364 963 464 1017; x_wconf 80' lang='grc' dir='ltr'><strong><em>μίγα</em></strong></span> <span class='ocrx_word' id='word_1_111' title='bbox 494 965 595 1003; x_wconf 82' lang='grc' dir='ltr'><strong><em>πᾶσι</em></strong></span> <span class='ocrx_word' id='word_1_112' title='bbox 624 959 793 1004; x_wconf 77' lang='grc' dir='ltr'><strong><em>διώκειν.</em></strong></span> <span class='ocrx_word' id='word_1_113' title='bbox 874 960 1037 1002; x_wconf 71' lang='grc' dir='ltr'><strong><em>ἕκαστοι</em></strong></span> <span class='ocrx_word' id='word_1_114' title='bbox 1065 957 1110 1000; x_wconf 77' lang='grc' dir='ltr'><strong>δ’</strong></span> <span class='ocrx_word' id='word_1_115' title='bbox 1148 956 1324 1014; x_wconf 77' lang='grc' dir='ltr'><strong><em>δρῶντες</em></strong></span> <span class='ocrx_word' id='word_1_116' title='bbox 1351 955 1555 1011; x_wconf 80' lang='grc' dir='ltr'><strong><em>ἀλλήλους</em></strong></span> <span class='ocrx_word' id='word_1_117' title='bbox 1580 959 1615 1000; x_wconf 81' lang='grc' dir='ltr'><strong><em>εἶ</em></strong></span> <span class='ocrx_word' id='word_1_118' title='bbox 1636 966 1666 1001; x_wconf 90' lang='grc' dir='ltr'><strong>Β</strong></span> 
     </span>
     <span class='ocr_line' id='line_1_13' title="bbox 148 1024 1617 1087; baseline -0.004 -14"><span class='ocrx_word' id='word_1_119' title='bbox 148 1027 477 1086; x_wconf 77' lang='grc' dir='ltr'><strong><em>προπηδήσειαν,</em></strong></span> <span class='ocrx_word' id='word_1_120' title='bbox 525 1028 638 1083; x_wconf 76' lang='grc' dir='ltr'><strong><em>ὅμως</em></strong></span> <span class='ocrx_word' id='word_1_121' title='bbox 663 1034 721 1087; x_wconf 79' lang='grc' dir='ltr'><strong>τῷ</strong></span> <span class='ocrx_word' id='word_1_122' title='bbox 747 1027 829 1071; x_wconf 73' lang='grc' dir='ltr'><strong>ὑπὸ</strong></span> <span class='ocrx_word' id='word_1_123' title='bbox 857 1033 940 1070; x_wconf 90' lang='grc' dir='ltr'><strong>τῶν</strong></span> <span class='ocrx_word' id='word_1_124' title='bbox 966 1024 1162 1082; x_wconf 69' lang='grc' dir='ltr'><strong><em>συνήθων</em></strong></span> <span class='ocrx_word' id='word_1_125' title='bbox 1198 1027 1370 1082; x_wconf 76' lang='grc' dir='ltr'><strong><em>ἓνεδρῶν</em></strong></span> <span class='ocrx_word' id='word_1_126' title='bbox 1399 1029 1617 1082; x_wconf 81' lang='grc' dir='ltr'><strong><em>Περσικῶν</em></strong></span> 
     </span>
     <span class='ocr_line' id='line_1_14' title="bbox 149 1094 1615 1157; baseline -0.003 -16"><span class='ocrx_word' id='word_1_127' title='bbox 149 1096 271 1156; x_wconf 75' lang='grc' dir='ltr'><strong><em>φόβῳ</em></strong></span> <span class='ocrx_word' id='word_1_128' title='bbox 302 1099 437 1157; x_wconf 75' lang='grc' dir='ltr'>(μηδὲ</span> <span class='ocrx_word' id='word_1_129' title='bbox 466 1097 544 1154; x_wconf 79' lang='grc' dir='ltr'><strong><em>γὰρ</em></strong></span> <span class='ocrx_word' id='word_1_130' title='bbox 569 1096 670 1141; x_wconf 78' lang='grc' dir='ltr'><strong><em>εἶναι</em></strong></span> <span class='ocrx_word' id='word_1_131' title='bbox 697 1097 868 1154; x_wconf 67' lang='grc' dir='ltr'><strong><em>Πέρσας</em></strong></span> <span class='ocrx_word' id='word_1_132' title='bbox 888 1096 1012 1146; x_wconf 79' lang='grc' dir='ltr'><strong><em>ὄντας</em></strong></span> <span class='ocrx_word' id='word_1_133' title='bbox 1033 1095 1289 1138; x_wconf 69' lang='grc' dir='ltr'><strong><em>ἐκλαθέσθαι</em></strong></span> <span class='ocrx_word' id='word_1_134' title='bbox 1307 1099 1382 1149; x_wconf 81' lang='grc' dir='ltr'><strong>τῆς</strong></span> <span class='ocrx_word' id='word_1_135' title='bbox 1400 1094 1615 1151; x_wconf 79' lang='grc' dir='ltr'><strong><em>μηχανῆς)</em></strong></span> 
     </span>
     <span class='ocr_line' id='line_1_15' title="bbox 149 1162 1618 1224; baseline -0.002 -15"><span class='ocrx_word' id='word_1_136' title='bbox 149 1165 379 1222; x_wconf 76' lang='grc' dir='ltr'><strong><em>ἔπεχόμενοι</em></strong></span> <span class='ocrx_word' id='word_1_137' title='bbox 395 1165 622 1224; x_wconf 68' lang='grc' dir='ltr'><strong><em>ὑφειμένως</em></strong></span> <span class='ocrx_word' id='word_1_138' title='bbox 641 1167 852 1209; x_wconf 73' lang='grc' dir='ltr'><strong><em>ἐνέπιπτον</em></strong></span> <span class='ocrx_word' id='word_1_139' title='bbox 873 1167 939 1208; x_wconf 76' lang='grc' dir='ltr'><strong>καὶ</strong></span> <span class='ocrx_word' id='word_1_140' title='bbox 959 1163 1180 1218; x_wconf 82' lang='grc' dir='ltr'><strong><em>βάλλοντες</em></strong></span> <span class='ocrx_word' id='word_1_141' title='bbox 1199 1165 1476 1221; x_wconf 81' lang='grc' dir='ltr'><strong><em>κατῃκίζοντο,</em></strong></span> <span class='ocrx_word' id='word_1_142' title='bbox 1512 1162 1618 1206; x_wconf 81' lang='grc' dir='ltr'><strong><em>ὥστε</em></strong></span> 
     </span>
    </p>

    <p class='ocr_par' dir='ltr' id='par_1_6' title="bbox 96 1231 1616 1432">
     <span class='ocr_line' id='line_1_16' title="bbox 96 1231 1616 1291; baseline -0.004 -11"><span class='ocrx_word' id='word_1_143' title='bbox 96 1244 140 1280; x_wconf 84' lang='grc'><strong>15</strong></span> <span class='ocrx_word' id='word_1_144' title='bbox 150 1237 218 1278; x_wconf 79' lang='grc' dir='ltr'><strong>καὶ</strong></span> <span class='ocrx_word' id='word_1_145' title='bbox 237 1236 408 1291; x_wconf 75' lang='grc' dir='ltr'><strong><em>Πέρσας</em></strong></span> <span class='ocrx_word' id='word_1_146' title='bbox 425 1235 499 1278; x_wconf 74' lang='grc' dir='ltr'><strong>οὐκ</strong></span> <span class='ocrx_word' id='word_1_147' title='bbox 518 1235 678 1291; x_wconf 80' lang='grc' dir='ltr'><strong><em>ὀλίγους</em></strong></span> <span class='ocrx_word' id='word_1_148' title='bbox 697 1242 846 1278; x_wconf 80' lang='grc' dir='ltr'><strong><em>πεσεῖν.</em></strong></span> <span class='ocrx_word' id='word_1_149' title='bbox 914 1234 1016 1283; x_wconf 70' lang='grc' dir='ltr'><strong><em>τέως</em></strong></span> <span class='ocrx_word' id='word_1_150' title='bbox 1035 1233 1079 1275; x_wconf 76' lang='grc' dir='ltr'><strong>δ’</strong></span> <span class='ocrx_word' id='word_1_151' title='bbox 1104 1234 1293 1275; x_wconf 73' lang='grc' dir='ltr'><strong><em>ἐντεῦθεν</em></strong></span> <span class='ocrx_word' id='word_1_152' title='bbox 1318 1231 1616 1289; x_wconf 78' lang='grc' dir='ltr'><strong><em>ἀναχωρησάν-</em></strong></span> 
     </span>
     <span class='ocr_line' id='line_1_17' title="bbox 150 1301 1616 1360; baseline -0.003 -13"><span class='ocrx_word' id='word_1_153' title='bbox 150 1321 233 1346; x_wconf 86' lang='grc' dir='ltr'><strong>των</strong></span> <span class='ocrx_word' id='word_1_154' title='bbox 258 1307 435 1360; x_wconf 77' lang='grc' dir='ltr'><strong><em>Περσῶν</em></strong></span> <span class='ocrx_word' id='word_1_155' title='bbox 467 1306 770 1360; x_wconf 78' lang='grc' dir='ltr'><strong><em>Φιλαδελφεῦσι</em></strong></span> <span class='ocrx_word' id='word_1_156' title='bbox 799 1307 882 1346; x_wconf 82' lang='grc' dir='ltr'><strong>τῶν</strong></span> <span class='ocrx_word' id='word_1_157' title='bbox 913 1306 1049 1345; x_wconf 84' lang='grc' dir='ltr'><strong><em>κακῶν</em></strong></span> <span class='ocrx_word' id='word_1_158' title='bbox 1077 1301 1301 1355; x_wconf 76' lang='grc' dir='ltr'><strong><em>ἅμπνευσις</em></strong></span> <span class='ocrx_word' id='word_1_159' title='bbox 1327 1302 1502 1356; x_wconf 86' lang='grc' dir='ltr'><strong><em>γίνεται,</em></strong></span> <span class='ocrx_word' id='word_1_160' title='bbox 1548 1303 1616 1343; x_wconf 81' lang='grc' dir='ltr'><strong>καὶ</strong></span> 
     </span>
     <span class='ocr_line' id='line_1_18' title="bbox 148 1367 1615 1432; baseline -0.001 -18"><span class='ocrx_word' id='word_1_161' title='bbox 148 1376 255 1432; x_wconf 78' lang='grc' dir='ltr'><strong><em>λιμῷ</em></strong></span> <span class='ocrx_word' id='word_1_162' title='bbox 284 1370 579 1422; x_wconf 78' lang='grc' dir='ltr'><strong><em>κινδυνεύοντες</em></strong></span> <span class='ocrx_word' id='word_1_163' title='bbox 608 1376 921 1430; x_wconf 82' lang='grc' dir='ltr'><strong><em>σιταρκοῦνται,</em></strong></span> <span class='ocrx_word' id='word_1_164' title='bbox 964 1372 1033 1413; x_wconf 83' lang='grc' dir='ltr'><strong>καὶ</strong></span> <span class='ocrx_word' id='word_1_165' title='bbox 1068 1370 1174 1428; x_wconf 81' lang='grc' dir='ltr'><strong><em>πρὸς</em></strong></span> <span class='ocrx_word' id='word_1_166' title='bbox 1201 1370 1255 1412; x_wconf 79' lang='grc' dir='ltr'><strong>τὰ</strong></span> <span class='ocrx_word' id='word_1_167' title='bbox 1290 1367 1423 1423; x_wconf 80' lang='grc' dir='ltr'><strong><em>δεινά,</em></strong></span> <span class='ocrx_word' id='word_1_168' title='bbox 1456 1369 1507 1424; x_wconf 78' lang='grc' dir='ltr'><strong>ἤν</strong></span> <span class='ocrx_word' id='word_1_169' title='bbox 1534 1387 1615 1413; x_wconf 86' lang='grc' dir='ltr'><strong>που</strong></span> 
     </span>
    </p>
   </div>
   <div class='ocr_carea' id='block_1_3' title="bbox 239 1477 542 1526">
    <p class='ocr_par' dir='ltr' id='par_1_7' title="bbox 239 1477 542 1526">
     <span class='ocr_line' id='line_1_19' title="bbox 239 1477 542 1526; baseline 0 -12"><span class='ocrx_word' id='word_1_170' title='bbox 239 1481 273 1514; x_wconf 87' lang='grc'><strong>9.</strong></span> <span class='ocrx_word' id='word_1_171' title='bbox 299 1477 480 1526; x_wconf 72' lang='grc' dir='ltr'><strong><em>ἀκοσμίας</em></strong></span> <span class='ocrx_word' id='word_1_172' title='bbox 489 1491 492 1494; x_wconf 94' lang='grc'><strong><em>·</em></strong></span> <span class='ocrx_word' id='word_1_173' title='bbox 500 1480 542 1515; x_wconf 88' lang='lat' dir='ltr'><strong>P.</strong></span> 
     </span>
    </p>
   </div>
   <div class='ocr_carea' id='block_1_4' title="bbox 147 1580 1625 2865">
    <p class='ocr_par' dir='ltr' id='par_1_8' title="bbox 147 1580 1625 2865">
     <span class='ocr_line' id='line_1_20' title="bbox 148 1580 1620 1628; baseline -0.001 -10"><span class='ocrx_word' id='word_1_174' title='bbox 148 1583 291 1619; x_wconf 86' lang='lat' dir='ltr'><strong>Romani</strong></span> <span class='ocrx_word' id='word_1_175' title='bbox 322 1588 440 1627; x_wconf 79' lang='lat' dir='ltr'><strong>erant,</strong></span> <span class='ocrx_word' id='word_1_176' title='bbox 474 1583 586 1618; x_wconf 76' lang='lat' dir='ltr'><strong>missis</strong></span> <span class='ocrx_word' id='word_1_177' title='bbox 616 1583 660 1617; x_wconf 93' lang='lat' dir='ltr'><strong>ab</strong></span> <span class='ocrx_word' id='word_1_178' title='bbox 679 1583 886 1628; x_wconf 77' lang='lat' dir='ltr'><strong>imperatore</strong></span> <span class='ocrx_word' id='word_1_179' title='bbox 908 1581 1038 1628; x_wconf 86' lang='lat' dir='ltr'><strong>copiis,</strong></span> <span class='ocrx_word' id='word_1_180' title='bbox 1071 1580 1187 1616; x_wconf 86' lang='lat' dir='ltr'><strong>statim</strong></span> <span class='ocrx_word' id='word_1_181' title='bbox 1208 1585 1314 1627; x_wconf 86' lang='lat' dir='ltr'><strong>atque</strong></span> <span class='ocrx_word' id='word_1_182' title='bbox 1343 1582 1404 1616; x_wconf 83' lang='lat' dir='ltr'><strong>illa</strong></span> <span class='ocrx_word' id='word_1_183' title='bbox 1435 1581 1471 1616; x_wconf 89' lang='lat' dir='ltr'><strong>in</strong></span> <span class='ocrx_word' id='word_1_184' title='bbox 1493 1581 1620 1617; x_wconf 82' lang='lat' dir='ltr'><strong>vicinia</strong></span> 
     </span>
     <span class='ocr_line' id='line_1_21' title="bbox 148 1628 1621 1676; baseline -0.001 -12"><span class='ocrx_word' id='word_1_185' title='bbox 148 1629 424 1676; x_wconf 74' lang='lat' dir='ltr'>comparuissent,</span> <span class='ocrx_word' id='word_1_186' title='bbox 446 1641 523 1664; x_wconf 83' lang='lat' dir='ltr'><strong>sese</strong></span> <span class='ocrx_word' id='word_1_187' title='bbox 545 1629 656 1675; x_wconf 87' lang='lat' dir='ltr'><strong>palam</strong></span> <span class='ocrx_word' id='word_1_188' title='bbox 679 1630 907 1664; x_wconf 78' lang='lat' dir='ltr'><strong>adiuncturos.</strong></span> <span class='ocrx_word' id='word_1_189' title='bbox 954 1628 1073 1663; x_wconf 87' lang='lat' dir='ltr'><strong>annuit</strong></span> <span class='ocrx_word' id='word_1_190' title='bbox 1094 1628 1152 1662; x_wconf 84' lang='lat' dir='ltr'><strong>ine</strong></span> <span class='ocrx_word' id='word_1_191' title='bbox 1175 1628 1335 1673; x_wconf 81' lang='lat' dir='ltr'><strong>precibus</strong></span> <span class='ocrx_word' id='word_1_192' title='bbox 1359 1628 1559 1673; x_wconf 83' lang='lat' dir='ltr'><strong>supplicum,</strong></span> <span class='ocrx_word' id='word_1_193' title='bbox 1584 1635 1621 1664; x_wconf 83' lang='lat' dir='ltr'><strong>et</strong></span> 
     </span>
     <span class='ocr_line' id='line_1_22' title="bbox 147 1674 1617 1722; baseline 0 -12"><span class='ocrx_word' id='word_1_194' title='bbox 147 1676 326 1710; x_wconf 87' lang='lat' dir='ltr'><strong>ducturum</strong></span> <span class='ocrx_word' id='word_1_195' title='bbox 356 1689 395 1711; x_wconf 86' lang='lat' dir='ltr'><strong>se</strong></span> <span class='ocrx_word' id='word_1_196' title='bbox 425 1687 491 1722; x_wconf 90' lang='lat' dir='ltr'><strong>quo</strong></span> <span class='ocrx_word' id='word_1_197' title='bbox 522 1676 647 1710; x_wconf 84' lang='lat' dir='ltr'><strong>vellent</strong></span> <span class='ocrx_word' id='word_1_198' title='bbox 677 1679 792 1720; x_wconf 88' lang='lat' dir='ltr'><strong>copias</strong></span> <span class='ocrx_word' id='word_1_199' title='bbox 824 1675 998 1721; x_wconf 89' lang='lat' dir='ltr'><strong>promisit,</strong></span> <span class='ocrx_word' id='word_1_200' title='bbox 1028 1687 1069 1709; x_wconf 87' lang='lat' dir='ltr'><strong>eo</strong></span> <span class='ocrx_word' id='word_1_201' title='bbox 1090 1674 1251 1708; x_wconf 88' lang='lat' dir='ltr'><strong>libentius</strong></span> <span class='ocrx_word' id='word_1_202' title='bbox 1274 1675 1366 1719; x_wconf 92' lang='lat' dir='ltr'><strong>quod</strong></span> <span class='ocrx_word' id='word_1_203' title='bbox 1390 1686 1432 1708; x_wconf 82' lang='lat' dir='ltr'><strong>ex</strong></span> <span class='ocrx_word' id='word_1_204' title='bbox 1456 1674 1520 1708; x_wconf 89' lang='lat' dir='ltr'><strong>hoc</strong></span> <span class='ocrx_word' id='word_1_205' title='bbox 1541 1675 1617 1719; x_wconf 78' lang='lat' dir='ltr'><strong>ipso</strong></span> 
     </span>
     <span class='ocr_line' id='line_1_23' title="bbox 147 1720 1616 1767; baseline -0.001 -11"><span class='ocrx_word' id='word_1_206' title='bbox 147 1726 220 1756; x_wconf 87' lang='lat' dir='ltr'><strong>tam</strong></span> <span class='ocrx_word' id='word_1_207' title='bbox 241 1725 430 1767; x_wconf 83' lang='lat' dir='ltr'><strong>opportune</strong></span> <span class='ocrx_word' id='word_1_208' title='bbox 462 1722 588 1756; x_wconf 76' lang='lat' dir='ltr'><strong>auxilio</strong></span> <span class='ocrx_word' id='word_1_209' title='bbox 613 1721 729 1756; x_wconf 90' lang='lat' dir='ltr'><strong>oblato</strong></span> <span class='ocrx_word' id='word_1_210' title='bbox 760 1733 827 1756; x_wconf 88' lang='lat' dir='ltr'><strong>non</strong></span> <span class='ocrx_word' id='word_1_211' title='bbox 853 1733 971 1766; x_wconf 88' lang='lat' dir='ltr'><strong>parum</strong></span> <span class='ocrx_word' id='word_1_212' title='bbox 994 1733 1032 1755; x_wconf 91' lang='lat' dir='ltr'><strong>se</strong></span> <span class='ocrx_word' id='word_1_213' title='bbox 1054 1720 1248 1755; x_wconf 86' lang='lat' dir='ltr'><strong>confirmari</strong></span> <span class='ocrx_word' id='word_1_214' title='bbox 1269 1721 1439 1754; x_wconf 83' lang='lat' dir='ltr'>sentiebat</span> <span class='ocrx_word' id='word_1_215' title='bbox 1461 1720 1506 1753; x_wconf 85' lang='lat' dir='ltr'><strong>ad</strong></span> <span class='ocrx_word' id='word_1_216' title='bbox 1527 1720 1616 1755; x_wconf 87' lang='lat' dir='ltr'><strong>bene</strong></span> 
     </span>
     <span class='ocr_line' id='line_1_24' title="bbox 148 1766 1621 1814; baseline -0.002 -11"><span class='ocrx_word' id='word_1_217' title='bbox 148 1769 353 1814; x_wconf 74' lang='lat' dir='ltr'><strong>sperandum</strong></span> <span class='ocrx_word' id='word_1_218' title='bbox 382 1769 425 1802; x_wconf 90' lang='lat' dir='ltr'><strong>de</strong></span> <span class='ocrx_word' id='word_1_219' title='bbox 456 1779 615 1802; x_wconf 88' lang='lat' dir='ltr'><strong>successu</strong></span> <span class='ocrx_word' id='word_1_220' title='bbox 646 1767 872 1812; x_wconf 78' lang='lat' dir='ltr'><strong>expeditionis</strong></span> <span class='ocrx_word' id='word_1_221' title='bbox 900 1768 1011 1802; x_wconf 84' lang='lat' dir='ltr'><strong>huius.</strong></span> <span class='ocrx_word' id='word_1_222' title='bbox 1059 1778 1142 1811; x_wconf 84' lang='lat' dir='ltr'><strong>ergo</strong></span> <span class='ocrx_word' id='word_1_223' title='bbox 1175 1771 1272 1801; x_wconf 90' lang='lat' dir='ltr'><strong>tanto</strong></span> <span class='ocrx_word' id='word_1_224' title='bbox 1305 1778 1343 1799; x_wconf 89' lang='lat' dir='ltr'><strong>se</strong></span> <span class='ocrx_word' id='word_1_225' title='bbox 1366 1766 1447 1800; x_wconf 88' lang='lat' dir='ltr'><strong>inde</strong></span> <span class='ocrx_word' id='word_1_226' title='bbox 1470 1766 1621 1800; x_wconf 86' lang='lat' dir='ltr'><strong>alacrius</strong></span> 
     </span>
     <span class='ocr_line' id='line_1_25' title="bbox 149 1812 1615 1859; baseline -0.003 -11"><span class='ocrx_word' id='word_1_227' title='bbox 149 1813 194 1848; x_wconf 75' lang='lat' dir='ltr'><strong>ad</strong></span> <span class='ocrx_word' id='word_1_228' title='bbox 217 1813 410 1848; x_wconf 83' lang='lat' dir='ltr'><strong>conflictum</strong></span> <span class='ocrx_word' id='word_1_229' title='bbox 444 1825 519 1848; x_wconf 83' lang='lat' dir='ltr'><strong>cum</strong></span> <span class='ocrx_word' id='word_1_230' title='bbox 541 1813 656 1848; x_wconf 87' lang='lat' dir='ltr'><strong>Persis</strong></span> <span class='ocrx_word' id='word_1_231' title='bbox 687 1813 909 1859; x_wconf 81' lang='lat' dir='ltr'><strong>comparavit.</strong></span> <span class='ocrx_word' id='word_1_232' title='bbox 954 1813 1014 1859; x_wconf 90' lang='lat' dir='ltr'><strong>qui</strong></span> <span class='ocrx_word' id='word_1_233' title='bbox 1044 1812 1191 1846; x_wconf 84' lang='lat' dir='ltr'><strong>vicissim</strong></span> <span class='ocrx_word' id='word_1_234' title='bbox 1214 1823 1275 1857; x_wconf 91' lang='lat' dir='ltr'><strong>per</strong></span> <span class='ocrx_word' id='word_1_235' title='bbox 1298 1812 1533 1855; x_wconf 79' lang='lat' dir='ltr'><strong>expioratores</strong></span> <span class='ocrx_word' id='word_1_236' title='bbox 1555 1823 1615 1845; x_wconf 89' lang='lat' dir='ltr'><strong>co-</strong></span> 
     </span>
     <span class='ocr_line' id='line_1_26' title="bbox 150 1856 1621 1905; baseline -0.001 -13"><span class='ocrx_word' id='word_1_237' title='bbox 150 1858 244 1903; x_wconf 81' lang='lat' dir='ltr'><strong>gnito</strong></span> <span class='ocrx_word' id='word_1_238' title='bbox 266 1859 379 1903; x_wconf 83' lang='lat' dir='ltr'><strong>magui</strong></span> <span class='ocrx_word' id='word_1_239' title='bbox 408 1859 503 1893; x_wconf 88' lang='lat' dir='ltr'><strong>ducis</strong></span> <span class='ocrx_word' id='word_1_240' title='bbox 534 1864 652 1894; x_wconf 91' lang='lat' dir='ltr'><strong>contra</strong></span> <span class='ocrx_word' id='word_1_241' title='bbox 683 1859 777 1905; x_wconf 87' lang='lat' dir='ltr'><strong>ipsos</strong></span> <span class='ocrx_word' id='word_1_242' title='bbox 805 1859 971 1893; x_wconf 85' lang='lat' dir='ltr'><strong>moventis</strong></span> <span class='ocrx_word' id='word_1_243' title='bbox 1001 1858 1148 1892; x_wconf 82' lang='lat' dir='ltr'><strong>adventu</strong></span> <span class='ocrx_word' id='word_1_244' title='bbox 1171 1858 1307 1892; x_wconf 84' lang='lat' dir='ltr'><strong>obviam</strong></span> <span class='ocrx_word' id='word_1_245' title='bbox 1330 1857 1378 1890; x_wconf 83' lang='lat' dir='ltr'><strong>illi</strong></span> <span class='ocrx_word' id='word_1_246' title='bbox 1401 1856 1538 1901; x_wconf 89' lang='lat' dir='ltr'><strong>prodire</strong></span> <span class='ocrx_word' id='word_1_247' title='bbox 1561 1869 1621 1891; x_wconf 86' lang='lat' dir='ltr'><strong>oc—</strong></span> 
     </span>
     <span class='ocr_line' id='line_1_27' title="bbox 152 1902 1623 1950; baseline 0 -13"><span class='ocrx_word' id='word_1_248' title='bbox 152 1904 330 1949; x_wconf 84' lang='lat' dir='ltr'><strong>cuparunt,</strong></span> <span class='ocrx_word' id='word_1_249' title='bbox 352 1909 505 1949; x_wconf 86' lang='lat' dir='ltr'><strong>promoto</strong></span> <span class='ocrx_word' id='word_1_250' title='bbox 528 1905 678 1939; x_wconf 81' lang='lat' dir='ltr'><strong>exercitu</strong></span> <span class='ocrx_word' id='word_1_251' title='bbox 701 1916 810 1950; x_wconf 82' lang='lat' dir='ltr'><strong>prope</strong></span> <span class='ocrx_word' id='word_1_252' title='bbox 830 1905 1011 1947; x_wconf 86' lang='lat' dir='ltr'><strong>Anlacem,</strong></span> <span class='ocrx_word' id='word_1_253' title='bbox 1034 1904 1092 1938; x_wconf 89' lang='lat' dir='ltr'><strong>ubi</strong></span> <span class='ocrx_word' id='word_1_254' title='bbox 1116 1915 1192 1937; x_wconf 88' lang='lat' dir='ltr'><strong>eum</strong></span> <span class='ocrx_word' id='word_1_255' title='bbox 1214 1903 1344 1936; x_wconf 81' lang='lat' dir='ltr'><strong>stativa</strong></span> <span class='ocrx_word' id='word_1_256' title='bbox 1366 1902 1482 1936; x_wconf 84' lang='lat' dir='ltr'><strong>fixisse</strong></span> <span class='ocrx_word' id='word_1_257' title='bbox 1505 1906 1623 1937; x_wconf 88' lang='lat' dir='ltr'><strong>osten-</strong></span> 
     </span>
     <span class='ocr_line' id='line_1_28' title="bbox 151 1948 1620 1994; baseline 0.001 -13"><span class='ocrx_word' id='word_1_258' title='bbox 151 1948 272 1985; x_wconf 77' lang='lat' dir='ltr'><strong>dimus,</strong></span> <span class='ocrx_word' id='word_1_259' title='bbox 317 1951 527 1984; x_wconf 89' lang='lat' dir='ltr'><strong>commissum</strong></span> <span class='ocrx_word' id='word_1_260' title='bbox 549 1950 618 1983; x_wconf 83' lang='lat' dir='ltr'><strong>illic</strong></span> <span class='ocrx_word' id='word_1_261' title='bbox 639 1951 731 1984; x_wconf 90' lang='lat' dir='ltr'><strong>inter</strong></span> <span class='ocrx_word' id='word_1_262' title='bbox 754 1950 846 1984; x_wconf 87' lang='lat' dir='ltr'><strong>acies</strong></span> <span class='ocrx_word' id='word_1_263' title='bbox 869 1951 1031 1984; x_wconf 84' lang='lat' dir='ltr'><strong>adversas</strong></span> <span class='ocrx_word' id='word_1_264' title='bbox 1053 1953 1107 1983; x_wconf 85' lang='lat' dir='ltr'><strong>est</strong></span> <span class='ocrx_word' id='word_1_265' title='bbox 1130 1949 1315 1994; x_wconf 90' lang='lat' dir='ltr'><strong>praelium,</strong></span> <span class='ocrx_word' id='word_1_266' title='bbox 1339 1948 1475 1992; x_wconf 87' lang='lat' dir='ltr'><strong>segnius</strong></span> <span class='ocrx_word' id='word_1_267' title='bbox 1498 1949 1620 1983; x_wconf 81' lang='lat' dir='ltr'><strong>remis-</strong></span> 
     </span>
     <span class='ocr_line' id='line_1_29' title="bbox 152 1993 1620 2040; baseline 0 -11"><span class='ocrx_word' id='word_1_268' title='bbox 152 1993 293 2039; x_wconf 79' lang='lat' dir='ltr'><strong>siusque</strong></span> <span class='ocrx_word' id='word_1_269' title='bbox 315 2006 414 2039; x_wconf 90' lang='lat' dir='ltr'><strong>quam</strong></span> <span class='ocrx_word' id='word_1_270' title='bbox 438 2007 460 2029; x_wconf 81' lang='lat' dir='ltr'><strong>a</strong></span> <span class='ocrx_word' id='word_1_271' title='bbox 482 2000 553 2029; x_wconf 86' lang='lat' dir='ltr'><strong>tam</strong></span> <span class='ocrx_word' id='word_1_272' title='bbox 574 1995 763 2029; x_wconf 81' lang='lat' dir='ltr'><strong>numerosis</strong></span> <span class='ocrx_word' id='word_1_273' title='bbox 786 1996 892 2040; x_wconf 87' lang='lat' dir='ltr'><strong>copiis</strong></span> <span class='ocrx_word' id='word_1_274' title='bbox 914 1999 1010 2030; x_wconf 88' lang='lat' dir='ltr'><strong>tanto</strong></span> <span class='ocrx_word' id='word_1_275' title='bbox 1034 1995 1204 2039; x_wconf 80' lang='lat' dir='ltr'><strong>utrimque</strong></span> <span class='ocrx_word' id='word_1_276' title='bbox 1226 1997 1395 2039; x_wconf 84' lang='lat' dir='ltr'><strong>apparatu</strong></span> <span class='ocrx_word' id='word_1_277' title='bbox 1415 1993 1541 2028; x_wconf 81' lang='lat' dir='ltr'><strong>infeste</strong></span> <span class='ocrx_word' id='word_1_278' title='bbox 1563 1995 1620 2029; x_wconf 89' lang='lat' dir='ltr'><strong>in-</strong></span> 
     </span>
     <span class='ocr_line' id='line_1_30' title="bbox 150 2039 1620 2084; baseline 0.001 -11"><span class='ocrx_word' id='word_1_279' title='bbox 150 2040 259 2073; x_wconf 81' lang='lat' dir='ltr'><strong>vicem</strong></span> <span class='ocrx_word' id='word_1_280' title='bbox 282 2040 559 2074; x_wconf 79' lang='lat' dir='ltr'><strong>concurrentibus</strong></span> <span class='ocrx_word' id='word_1_281' title='bbox 581 2041 758 2083; x_wconf 81' lang='lat' dir='ltr'><strong>expectari</strong></span> <span class='ocrx_word' id='word_1_282' title='bbox 779 2041 956 2076; x_wconf 80' lang='lat' dir='ltr'><strong>debuerat.</strong></span> <span class='ocrx_word' id='word_1_283' title='bbox 1002 2040 1128 2074; x_wconf 85' lang='lat' dir='ltr'><strong>dicitur</strong></span> <span class='ocrx_word' id='word_1_284' title='bbox 1150 2044 1263 2075; x_wconf 86' lang='lat' dir='ltr'><strong>tamen</strong></span> <span class='ocrx_word' id='word_1_285' title='bbox 1286 2039 1463 2073; x_wconf 75' lang='lat' dir='ltr'><strong>vulnerato</strong></span> <span class='ocrx_word' id='word_1_286' title='bbox 1483 2040 1620 2084; x_wconf 83' lang='lat' dir='ltr'><strong>Alisyra</strong></span> 
     </span>
     <span class='ocr_line' id='line_1_31' title="bbox 150 2084 1617 2131; baseline 0.002 -13"><span class='ocrx_word' id='word_1_287' title='bbox 150 2085 270 2131; x_wconf 87' lang='lat' dir='ltr'><strong>primis</strong></span> <span class='ocrx_word' id='word_1_288' title='bbox 296 2085 412 2119; x_wconf 86' lang='lat' dir='ltr'><strong>statim</strong></span> <span class='ocrx_word' id='word_1_289' title='bbox 442 2086 715 2126; x_wconf 76' lang='lat' dir='ltr'><strong>iaculationibus,</strong></span> <span class='ocrx_word' id='word_1_290' title='bbox 748 2097 790 2119; x_wconf 90' lang='lat' dir='ltr'><strong>ac</strong></span> <span class='ocrx_word' id='word_1_291' title='bbox 818 2092 1002 2131; x_wconf 86' lang='lat' dir='ltr'><strong>propterea</strong></span> <span class='ocrx_word' id='word_1_292' title='bbox 1032 2087 1145 2129; x_wconf 82' lang='lat' dir='ltr'><strong>fugam</strong></span> <span class='ocrx_word' id='word_1_293' title='bbox 1178 2084 1349 2129; x_wconf 83' lang='lat' dir='ltr'><strong>respicere</strong></span> <span class='ocrx_word' id='word_1_294' title='bbox 1372 2088 1501 2126; x_wconf 83' lang='lat' dir='ltr'><strong>coacto,</strong></span> <span class='ocrx_word' id='word_1_295' title='bbox 1524 2092 1617 2121; x_wconf 86' lang='lat' dir='ltr'><strong>retro</strong></span> 
     </span>
     <span class='ocr_line' id='line_1_32' title="bbox 151 2130 1619 2176; baseline 0.001 -11"><span class='ocrx_word' id='word_1_296' title='bbox 151 2131 296 2165; x_wconf 79' lang='lat' dir='ltr'><strong>cessisse</strong></span> <span class='ocrx_word' id='word_1_297' title='bbox 318 2131 450 2176; x_wconf 88' lang='lat' dir='ltr'><strong>quidem</strong></span> <span class='ocrx_word' id='word_1_298' title='bbox 475 2131 617 2173; x_wconf 80' lang='lat' dir='ltr'><strong>Persas,</strong></span> <span class='ocrx_word' id='word_1_299' title='bbox 651 2131 711 2165; x_wconf 92' lang='lat' dir='ltr'><strong>sed</strong></span> <span class='ocrx_word' id='word_1_300' title='bbox 733 2131 869 2164; x_wconf 86' lang='lat' dir='ltr'><strong>militari</strong></span> <span class='ocrx_word' id='word_1_301' title='bbox 889 2132 998 2176; x_wconf 82' lang='lat' dir='ltr'><strong>gradu</strong></span> <span class='ocrx_word' id='word_1_302' title='bbox 1021 2135 1057 2164; x_wconf 89' lang='lat' dir='ltr'><strong>et</strong></span> <span class='ocrx_word' id='word_1_303' title='bbox 1080 2131 1167 2164; x_wconf 89' lang='lat' dir='ltr'><strong>citra</strong></span> <span class='ocrx_word' id='word_1_304' title='bbox 1190 2130 1419 2164; x_wconf 86' lang='lat' dir='ltr'><strong>confusionem</strong></span> <span class='ocrx_word' id='word_1_305' title='bbox 1442 2137 1502 2165; x_wconf 83' lang='lat' dir='ltr'><strong>aut</strong></span> <span class='ocrx_word' id='word_1_306' title='bbox 1525 2133 1619 2166; x_wconf 85' lang='lat' dir='ltr'><strong>solu-</strong></span> 
     </span>
     <span class='ocr_line' id='line_1_33' title="bbox 150 2176 1616 2224; baseline 0.001 -14"><span class='ocrx_word' id='word_1_307' title='bbox 150 2176 277 2210; x_wconf 87' lang='lat' dir='ltr'><strong>tionem</strong></span> <span class='ocrx_word' id='word_1_308' title='bbox 309 2177 471 2210; x_wconf 88' lang='lat' dir='ltr'><strong>ordinum.</strong></span> <span class='ocrx_word' id='word_1_309' title='bbox 517 2177 581 2210; x_wconf 86' lang='lat' dir='ltr'><strong>bos</strong></span> <span class='ocrx_word' id='word_1_310' title='bbox 612 2187 655 2210; x_wconf 90' lang='lat' dir='ltr'><strong>ne</strong></span> <span class='ocrx_word' id='word_1_311' title='bbox 688 2177 801 2210; x_wconf 89' lang='lat' dir='ltr'><strong>acrius</strong></span> <span class='ocrx_word' id='word_1_312' title='bbox 835 2182 871 2211; x_wconf 92' lang='lat' dir='ltr'><strong>et</strong></span> <span class='ocrx_word' id='word_1_313' title='bbox 902 2176 1035 2220; x_wconf 80' lang='lat' dir='ltr'><strong>longius</strong></span> <span class='ocrx_word' id='word_1_314' title='bbox 1058 2176 1178 2222; x_wconf 86' lang='lat' dir='ltr'><strong>copiae</strong></span> <span class='ocrx_word' id='word_1_315' title='bbox 1200 2176 1314 2220; x_wconf 79' lang='lat' dir='ltr'><strong>magni</strong></span> <span class='ocrx_word' id='word_1_316' title='bbox 1336 2176 1431 2210; x_wconf 86' lang='lat' dir='ltr'><strong>ducis</strong></span> <span class='ocrx_word' id='word_1_317' title='bbox 1456 2177 1616 2224; x_wconf 56' lang='lat' dir='ltr'><strong>insequ&amp;</strong></span> 
     </span>
     <span class='ocr_line' id='line_1_34' title="bbox 149 2221 1619 2268; baseline 0.001 -11"><span class='ocrx_word' id='word_1_318' title='bbox 149 2227 291 2265; x_wconf 82' lang='lat' dir='ltr'><strong>rentur,</strong></span> <span class='ocrx_word' id='word_1_319' title='bbox 323 2234 366 2257; x_wconf 86' lang='lat' dir='ltr'><strong>ea</strong></span> <span class='ocrx_word' id='word_1_320' title='bbox 397 2233 501 2256; x_wconf 84' lang='lat' dir='ltr'><strong>causa</strong></span> <span class='ocrx_word' id='word_1_321' title='bbox 531 2222 704 2256; x_wconf 83' lang='lat' dir='ltr'><strong>obstitisse</strong></span> <span class='ocrx_word' id='word_1_322' title='bbox 736 2221 933 2265; x_wconf 74' lang='lat' dir='ltr'><strong>dicebatur,</strong></span> <span class='ocrx_word' id='word_1_323' title='bbox 964 2222 1056 2266; x_wconf 85' lang='lat' dir='ltr'><strong>quod</strong></span> <span class='ocrx_word' id='word_1_324' title='bbox 1085 2222 1150 2256; x_wconf 82' lang='lat' dir='ltr'><strong>bae</strong></span> <span class='ocrx_word' id='word_1_325' title='bbox 1180 2221 1345 2256; x_wconf 77' lang='lat' dir='ltr'><strong>trifariam</strong></span> <span class='ocrx_word' id='word_1_326' title='bbox 1368 2222 1404 2256; x_wconf 90' lang='lat' dir='ltr'><strong>in</strong></span> <span class='ocrx_word' id='word_1_327' title='bbox 1432 2235 1560 2268; x_wconf 85' lang='lat' dir='ltr'><strong>genera</strong></span> <span class='ocrx_word' id='word_1_328' title='bbox 1581 2230 1619 2260; x_wconf 85' lang='lat' dir='ltr'><strong>et</strong></span> 
     </span>
     <span class='ocr_line' id='line_1_35' title="bbox 151 2266 1618 2313; baseline 0.002 -11"><span class='ocrx_word' id='word_1_329' title='bbox 151 2279 295 2313; x_wconf 88' lang='lat' dir='ltr'><strong>corpora</strong></span> <span class='ocrx_word' id='word_1_330' title='bbox 330 2268 472 2302; x_wconf 80' lang='lat' dir='ltr'><strong>totidem</strong></span> <span class='ocrx_word' id='word_1_331' title='bbox 503 2266 635 2301; x_wconf 84' lang='lat' dir='ltr'><strong>divisae</strong></span> <span class='ocrx_word' id='word_1_332' title='bbox 668 2269 777 2312; x_wconf 90' lang='lat' dir='ltr'><strong>(suam</strong></span> <span class='ocrx_word' id='word_1_333' title='bbox 806 2268 894 2302; x_wconf 89' lang='lat' dir='ltr'><strong>enim</strong></span> <span class='ocrx_word' id='word_1_334' title='bbox 925 2267 991 2301; x_wconf 87' lang='lat' dir='ltr'><strong>sibi</strong></span> <span class='ocrx_word' id='word_1_335' title='bbox 1024 2266 1151 2312; x_wconf 88' lang='lat' dir='ltr'><strong>quique</strong></span> <span class='ocrx_word' id='word_1_336' title='bbox 1185 2268 1325 2302; x_wconf 86' lang='lat' dir='ltr'><strong>seorsim</strong></span> <span class='ocrx_word' id='word_1_337' title='bbox 1349 2268 1428 2303; x_wconf 81' lang='lat' dir='ltr'><strong>Itali</strong></span> <span class='ocrx_word' id='word_1_338' title='bbox 1449 2269 1545 2304; x_wconf 86' lang='lat' dir='ltr'><strong>Alani</strong></span> <span class='ocrx_word' id='word_1_339' title='bbox 1581 2275 1618 2305; x_wconf 90' lang='lat' dir='ltr'><strong>et</strong></span> 
     </span>
     <span class='ocr_line' id='line_1_36' title="bbox 149 2313 1616 2362; baseline 0.003 -15"><span class='ocrx_word' id='word_1_340' title='bbox 149 2313 295 2348; x_wconf 84' lang='lat' dir='ltr'><strong>Romani</strong></span> <span class='ocrx_word' id='word_1_341' title='bbox 328 2314 426 2360; x_wconf 85' lang='lat' dir='ltr'><strong>quasi</strong></span> <span class='ocrx_word' id='word_1_342' title='bbox 457 2317 650 2360; x_wconf 81' lang='lat' dir='ltr'><strong>separatam</strong></span> <span class='ocrx_word' id='word_1_343' title='bbox 686 2313 791 2347; x_wconf 85' lang='lat' dir='ltr'><strong>aciem</strong></span> <span class='ocrx_word' id='word_1_344' title='bbox 813 2314 1002 2357; x_wconf 87' lang='lat' dir='ltr'><strong>habebant)</strong></span> <span class='ocrx_word' id='word_1_345' title='bbox 1032 2313 1221 2348; x_wconf 87' lang='lat' dir='ltr'><strong>immiscere</strong></span> <span class='ocrx_word' id='word_1_346' title='bbox 1249 2325 1287 2348; x_wconf 90' lang='lat' dir='ltr'><strong>se</strong></span> <span class='ocrx_word' id='word_1_347' title='bbox 1319 2313 1483 2355; x_wconf 80' lang='lat' dir='ltr'><strong>invicem,</strong></span> <span class='ocrx_word' id='word_1_348' title='bbox 1514 2322 1616 2362; x_wconf 86' lang='lat' dir='ltr'><strong>prout</strong></span> 
     </span>
     <span class='ocr_line' id='line_1_37' title="bbox 149 2359 1619 2405; baseline 0.001 -11"><span class='ocrx_word' id='word_1_349' title='bbox 149 2371 237 2405; x_wconf 89' lang='lat' dir='ltr'><strong>opus</strong></span> <span class='ocrx_word' id='word_1_350' title='bbox 260 2364 336 2394; x_wconf 87' lang='lat' dir='ltr'><strong>erat</strong></span> <span class='ocrx_word' id='word_1_351' title='bbox 358 2361 401 2394; x_wconf 87' lang='lat' dir='ltr'><strong>ad</strong></span> <span class='ocrx_word' id='word_1_352' title='bbox 426 2365 564 2394; x_wconf 87' lang='lat' dir='ltr'><strong>strenue</strong></span> <span class='ocrx_word' id='word_1_353' title='bbox 586 2359 777 2393; x_wconf 85' lang='lat' dir='ltr'><strong>instandum</strong></span> <span class='ocrx_word' id='word_1_354' title='bbox 799 2359 1020 2402; x_wconf 81' lang='lat' dir='ltr'><strong>cedentibus,</strong></span> <span class='ocrx_word' id='word_1_355' title='bbox 1042 2359 1200 2402; x_wconf 81' lang='lat' dir='ltr'><strong>noluere,</strong></span> <span class='ocrx_word' id='word_1_356' title='bbox 1223 2360 1284 2394; x_wconf 88' lang='lat' dir='ltr'><strong>sed</strong></span> <span class='ocrx_word' id='word_1_357' title='bbox 1307 2371 1346 2394; x_wconf 89' lang='lat' dir='ltr'><strong>se</strong></span> <span class='ocrx_word' id='word_1_358' title='bbox 1367 2366 1482 2396; x_wconf 89' lang='lat' dir='ltr'><strong>mutuo</strong></span> <span class='ocrx_word' id='word_1_359' title='bbox 1503 2362 1619 2396; x_wconf 80' lang='lat' dir='ltr'><strong>intue-</strong></span> 
     </span>
     <span class='ocr_line' id='line_1_38' title="bbox 150 2405 1619 2452; baseline 0.003 -13"><span class='ocrx_word' id='word_1_360' title='bbox 150 2405 299 2446; x_wconf 80' lang='lat' dir='ltr'><strong>bantur,</strong></span> <span class='ocrx_word' id='word_1_361' title='bbox 336 2405 528 2451; x_wconf 88' lang='lat' dir='ltr'><strong>operientes</strong></span> <span class='ocrx_word' id='word_1_362' title='bbox 552 2405 582 2439; x_wconf 88' lang='lat' dir='ltr'><strong>si</strong></span> <span class='ocrx_word' id='word_1_363' title='bbox 616 2405 675 2450; x_wconf 89' lang='lat' dir='ltr'><strong>qui</strong></span> <span class='ocrx_word' id='word_1_364' title='bbox 706 2405 836 2451; x_wconf 86' lang='lat' dir='ltr'><strong>priores</strong></span> <span class='ocrx_word' id='word_1_365' title='bbox 866 2405 1052 2446; x_wconf 77' lang='lat' dir='ltr'><strong>insilirent,</strong></span> <span class='ocrx_word' id='word_1_366' title='bbox 1087 2405 1186 2450; x_wconf 83' lang='lat' dir='ltr'><strong>quasi</strong></span> <span class='ocrx_word' id='word_1_367' title='bbox 1208 2417 1285 2440; x_wconf 86' lang='lat' dir='ltr'><strong>mox</strong></span> <span class='ocrx_word' id='word_1_368' title='bbox 1308 2410 1344 2440; x_wconf 88' lang='lat' dir='ltr'><strong>et</strong></span> <span class='ocrx_word' id='word_1_369' title='bbox 1364 2406 1431 2452; x_wconf 89' lang='lat' dir='ltr'><strong>ipsi</strong></span> <span class='ocrx_word' id='word_1_370' title='bbox 1455 2408 1619 2444; x_wconf 82' lang='lat' dir='ltr'><strong>secuturi.</strong></span> 
     </span>
     <span class='ocr_line' id='line_1_39' title="bbox 151 2450 1621 2497; baseline 0.002 -13"><span class='ocrx_word' id='word_1_371' title='bbox 151 2455 323 2485; x_wconf 82' lang='lat' dir='ltr'><strong>caeterum</strong></span> <span class='ocrx_word' id='word_1_372' title='bbox 355 2463 399 2486; x_wconf 87' lang='lat' dir='ltr'><strong>ne</strong></span> <span class='ocrx_word' id='word_1_373' title='bbox 422 2451 480 2497; x_wconf 89' lang='lat' dir='ltr'><strong>qui</strong></span> <span class='ocrx_word' id='word_1_374' title='bbox 502 2451 600 2497; x_wconf 87' lang='lat' dir='ltr'><strong>primi</strong></span> <span class='ocrx_word' id='word_1_375' title='bbox 623 2451 822 2497; x_wconf 84' lang='lat' dir='ltr'><strong>expedirent</strong></span> <span class='ocrx_word' id='word_1_376' title='bbox 843 2451 886 2485; x_wconf 90' lang='lat' dir='ltr'><strong>ad</strong></span> <span class='ocrx_word' id='word_1_377' title='bbox 919 2451 984 2485; x_wconf 89' lang='lat' dir='ltr'><strong>hoc</strong></span> <span class='ocrx_word' id='word_1_378' title='bbox 1006 2450 1186 2496; x_wconf 84' lang='lat' dir='ltr'><strong>impetum,</strong></span> <span class='ocrx_word' id='word_1_379' title='bbox 1214 2451 1383 2486; x_wconf 84' lang='lat' dir='ltr'><strong>deterruit</strong></span> <span class='ocrx_word' id='word_1_380' title='bbox 1405 2458 1514 2487; x_wconf 80' lang='lat' dir='ltr'><strong>metus</strong></span> <span class='ocrx_word' id='word_1_381' title='bbox 1537 2454 1621 2488; x_wconf 90' lang='lat' dir='ltr'><strong>insi-</strong></span> 
     </span>
     <span class='ocr_line' id='line_1_40' title="bbox 151 2495 1619 2539; baseline 0.003 -10"><span class='ocrx_word' id='word_1_382' title='bbox 151 2495 306 2538; x_wconf 81' lang='lat' dir='ltr'><strong>diarum,</strong></span> <span class='ocrx_word' id='word_1_383' title='bbox 339 2509 382 2532; x_wconf 86' lang='lat' dir='ltr'><strong>ex</strong></span> <span class='ocrx_word' id='word_1_384' title='bbox 404 2503 486 2532; x_wconf 88' lang='lat' dir='ltr'><strong>nota</strong></span> <span class='ocrx_word' id='word_1_385' title='bbox 510 2497 752 2532; x_wconf 86' lang='lat' dir='ltr'><strong>consuetudine</strong></span> <span class='ocrx_word' id='word_1_386' title='bbox 774 2497 954 2532; x_wconf 87' lang='lat' dir='ltr'><strong>Persarum</strong></span> <span class='ocrx_word' id='word_1_387' title='bbox 967 2522 978 2539; x_wconf 88' lang='lat'>‚</span> <span class='ocrx_word' id='word_1_388' title='bbox 1010 2496 1188 2531; x_wconf 88' lang='lat' dir='ltr'><strong>subsidere</strong></span> <span class='ocrx_word' id='word_1_389' title='bbox 1209 2497 1295 2532; x_wconf 86' lang='lat' dir='ltr'><strong>locis</strong></span> <span class='ocrx_word' id='word_1_390' title='bbox 1315 2498 1402 2532; x_wconf 85' lang='lat' dir='ltr'><strong>tutis</strong></span> <span class='ocrx_word' id='word_1_391' title='bbox 1425 2504 1461 2533; x_wconf 92' lang='lat' dir='ltr'><strong>et</strong></span> <span class='ocrx_word' id='word_1_392' title='bbox 1481 2500 1619 2534; x_wconf 87' lang='lat' dir='ltr'><strong>incaute</strong></span> 
     </span>
     <span class='ocr_line' id='line_1_41' title="bbox 152 2541 1619 2590; baseline 0.002 -15"><span class='ocrx_word' id='word_1_393' title='bbox 152 2541 335 2576; x_wconf 79' lang='lat' dir='ltr'><strong>subeuntes</strong></span> <span class='ocrx_word' id='word_1_394' title='bbox 366 2543 525 2588; x_wconf 83' lang='lat' dir='ltr'><strong>excipere</strong></span> <span class='ocrx_word' id='word_1_395' title='bbox 555 2543 748 2585; x_wconf 67' lang='lat' dir='ltr'><strong>solitorum</strong></span> <span class='ocrx_word' id='word_1_396' title='bbox 777 2554 862 2588; x_wconf 89' lang='lat' dir='ltr'><strong>quos</strong></span> <span class='ocrx_word' id='word_1_397' title='bbox 893 2543 989 2577; x_wconf 87' lang='lat' dir='ltr'><strong>istius</strong></span> <span class='ocrx_word' id='word_1_398' title='bbox 1022 2542 1103 2587; x_wconf 87' lang='lat' dir='ltr'><strong>ipsis</strong></span> <span class='ocrx_word' id='word_1_399' title='bbox 1135 2542 1309 2578; x_wconf 76' lang='lat' dir='ltr'><strong>familiaris</strong></span> <span class='ocrx_word' id='word_1_400' title='bbox 1331 2545 1417 2578; x_wconf 85' lang='lat' dir='ltr'><strong>artis</strong></span> <span class='ocrx_word' id='word_1_401' title='bbox 1439 2545 1619 2590; x_wconf 87' lang='lat' dir='ltr'><strong>haudqua-</strong></span> 
     </span>
     <span class='ocr_line' id='line_1_42' title="bbox 153 2587 1618 2635; baseline 0.003 -15"><span class='ocrx_word' id='word_1_402' title='bbox 153 2597 256 2631; x_wconf 84' lang='lat' dir='ltr'><strong>quam</strong></span> <span class='ocrx_word' id='word_1_403' title='bbox 287 2587 350 2622; x_wconf 68' lang='lat' dir='ltr'><strong>tali</strong></span> <span class='ocrx_word' id='word_1_404' title='bbox 382 2593 535 2635; x_wconf 89' lang='lat' dir='ltr'><strong>tempore</strong></span> <span class='ocrx_word' id='word_1_405' title='bbox 555 2600 651 2624; x_wconf 86' lang='lat' dir='ltr'><strong>usum</strong></span> <span class='ocrx_word' id='word_1_406' title='bbox 674 2589 855 2623; x_wconf 85' lang='lat' dir='ltr'><strong>omissuros</strong></span> <span class='ocrx_word' id='word_1_407' title='bbox 885 2593 1077 2634; x_wconf 81' lang='lat' dir='ltr'><strong>appareret.</strong></span> <span class='ocrx_word' id='word_1_408' title='bbox 1120 2587 1237 2634; x_wconf 76' lang='lat' dir='ltr'><strong>itaque</strong></span> <span class='ocrx_word' id='word_1_409' title='bbox 1258 2594 1358 2624; x_wconf 88' lang='lat' dir='ltr'><strong>cante</strong></span> <span class='ocrx_word' id='word_1_410' title='bbox 1380 2590 1555 2624; x_wconf 87' lang='lat' dir='ltr'><strong>admodum</strong></span> <span class='ocrx_word' id='word_1_411' title='bbox 1581 2595 1618 2625; x_wconf 91' lang='lat' dir='ltr'><strong>et</strong></span> 
     </span>
     <span class='ocr_line' id='line_1_43' title="bbox 154 2632 1624 2679; baseline 0.004 -15"><span class='ocrx_word' id='word_1_412' title='bbox 154 2632 255 2676; x_wconf 85' lang='lat' dir='ltr'><strong>longe</strong></span> <span class='ocrx_word' id='word_1_413' title='bbox 283 2633 459 2669; x_wconf 81' lang='lat' dir='ltr'><strong>dumtaxat</strong></span> <span class='ocrx_word' id='word_1_414' title='bbox 490 2635 526 2669; x_wconf 88' lang='lat' dir='ltr'><strong>in</strong></span> <span class='ocrx_word' id='word_1_415' title='bbox 559 2639 661 2679; x_wconf 82' lang='lat' dir='ltr'><strong>terga</strong></span> <span class='ocrx_word' id='word_1_416' title='bbox 692 2635 879 2669; x_wconf 83' lang='lat' dir='ltr'><strong>cedentium</strong></span> <span class='ocrx_word' id='word_1_417' title='bbox 911 2633 1089 2668; x_wconf 86' lang='lat' dir='ltr'><strong>iaculando</strong></span> <span class='ocrx_word' id='word_1_418' title='bbox 1119 2633 1264 2669; x_wconf 80' lang='lat' dir='ltr'><strong>insecuti</strong></span> <span class='ocrx_word' id='word_1_419' title='bbox 1286 2636 1394 2670; x_wconf 88' lang='lat' dir='ltr'><strong>nostri</strong></span> <span class='ocrx_word' id='word_1_420' title='bbox 1418 2636 1544 2670; x_wconf 88' lang='lat' dir='ltr'><strong>Persas</strong></span> <span class='ocrx_word' id='word_1_421' title='bbox 1569 2637 1624 2670; x_wconf 82' lang='lat' dir='ltr'><strong>su-</strong></span> 
     </span>
     <span class='ocr_line' id='line_1_44' title="bbox 156 2677 1624 2727; baseline 0.003 -17"><span class='ocrx_word' id='word_1_422' title='bbox 156 2677 287 2719; x_wconf 79' lang='lat' dir='ltr'><strong>gientes</strong></span> <span class='ocrx_word' id='word_1_423' title='bbox 309 2684 412 2717; x_wconf 78' lang='lat' dir='ltr'><strong>sunt:</strong></span> <span class='ocrx_word' id='word_1_424' title='bbox 445 2691 585 2725; x_wconf 89' lang='lat' dir='ltr'><strong>quorum</strong></span> <span class='ocrx_word' id='word_1_425' title='bbox 608 2681 658 2714; x_wconf 84' lang='lat' dir='ltr'><strong>sic</strong></span> <span class='ocrx_word' id='word_1_426' title='bbox 678 2684 792 2715; x_wconf 80' lang='lat' dir='ltr'><strong>tamen</strong></span> <span class='ocrx_word' id='word_1_427' title='bbox 816 2692 882 2715; x_wconf 90' lang='lat' dir='ltr'><strong>non</strong></span> <span class='ocrx_word' id='word_1_428' title='bbox 902 2691 1029 2726; x_wconf 83' lang='lat' dir='ltr'><strong>paucos</strong></span> <span class='ocrx_word' id='word_1_429' title='bbox 1054 2679 1309 2715; x_wconf 75' lang='lat' dir='ltr'><strong>interfecerunt.</strong></span> <span class='ocrx_word' id='word_1_430' title='bbox 1356 2693 1419 2727; x_wconf 87' lang='lat' dir='ltr'><strong>per</strong></span> <span class='ocrx_word' id='word_1_431' title='bbox 1439 2682 1529 2715; x_wconf 91' lang='lat' dir='ltr'><strong>hunc</strong></span> <span class='ocrx_word' id='word_1_432' title='bbox 1551 2693 1624 2716; x_wconf 88' lang='lat' dir='ltr'><strong>mo-</strong></span> 
     </span>
     <span class='ocr_line' id='line_1_45' title="bbox 157 2722 1625 2773; baseline 0.005 -19"><span class='ocrx_word' id='word_1_433' title='bbox 157 2722 235 2755; x_wconf 87' lang='lat' dir='ltr'><strong>dum</strong></span> <span class='ocrx_word' id='word_1_434' title='bbox 258 2725 420 2760; x_wconf 77' lang='lat' dir='ltr'><strong>submotis</strong></span> <span class='ocrx_word' id='word_1_435' title='bbox 442 2727 520 2760; x_wconf 86' lang='lat' dir='ltr'><strong>inde</strong></span> <span class='ocrx_word' id='word_1_436' title='bbox 543 2727 657 2760; x_wconf 83' lang='lat' dir='ltr'><strong>Persis</strong></span> <span class='ocrx_word' id='word_1_437' title='bbox 679 2726 993 2771; x_wconf 84' lang='lat' dir='ltr'><strong>Philadelphienses</strong></span> <span class='ocrx_word' id='word_1_438' title='bbox 1016 2725 1186 2770; x_wconf 79' lang='lat' dir='ltr'><strong>respirare</strong></span> <span class='ocrx_word' id='word_1_439' title='bbox 1206 2737 1229 2760; x_wconf 84' lang='lat' dir='ltr'><strong>a</strong></span> <span class='ocrx_word' id='word_1_440' title='bbox 1251 2727 1368 2770; x_wconf 82' lang='lat' dir='ltr'><strong>malis,</strong></span> <span class='ocrx_word' id='word_1_441' title='bbox 1400 2728 1521 2772; x_wconf 85' lang='lat' dir='ltr'><strong>quibus</strong></span> <span class='ocrx_word' id='word_1_442' title='bbox 1544 2739 1625 2773; x_wconf 85' lang='lat' dir='ltr'><strong>pre-</strong></span> 
     </span>
     <span class='ocr_line' id='line_1_46' title="bbox 157 2767 1622 2818; baseline 0.005 -19"><span class='ocrx_word' id='word_1_443' title='bbox 157 2767 356 2811; x_wconf 87' lang='lat' dir='ltr'><strong>mebantur,</strong></span> <span class='ocrx_word' id='word_1_444' title='bbox 393 2771 549 2814; x_wconf 84' lang='lat' dir='ltr'><strong>contigit.</strong></span> <span class='ocrx_word' id='word_1_445' title='bbox 593 2783 670 2806; x_wconf 88' lang='lat' dir='ltr'><strong>uam</strong></span> <span class='ocrx_word' id='word_1_446' title='bbox 703 2772 746 2806; x_wconf 81' lang='lat' dir='ltr'><strong>iis</strong></span> <span class='ocrx_word' id='word_1_447' title='bbox 779 2773 869 2806; x_wconf 83' lang='lat' dir='ltr'><strong>same</strong></span> <span class='ocrx_word' id='word_1_448' title='bbox 899 2771 1175 2818; x_wconf 83' lang='lat' dir='ltr'><strong>periclitantibus·</strong></span> <span class='ocrx_word' id='word_1_449' title='bbox 1198 2784 1330 2807; x_wconf 89' lang='lat' dir='ltr'><strong>annona</strong></span> <span class='ocrx_word' id='word_1_450' title='bbox 1352 2778 1408 2807; x_wconf 90' lang='lat' dir='ltr'><strong>est</strong></span> <span class='ocrx_word' id='word_1_451' title='bbox 1429 2773 1622 2818; x_wconf 86' lang='lat' dir='ltr'><strong>importata,</strong></span> 
     </span>
     <span class='ocr_line' id='line_1_47' title="bbox 156 2812 1623 2865; baseline 0.005 -18"><span class='ocrx_word' id='word_1_452' title='bbox 156 2812 356 2860; x_wconf 87' lang='lat' dir='ltr'><strong>animusque</strong></span> <span class='ocrx_word' id='word_1_453' title='bbox 378 2815 428 2852; x_wconf 71' lang='lat' dir='ltr'><strong>nic</strong></span> <span class='ocrx_word' id='word_1_454' title='bbox 449 2816 586 2852; x_wconf 80' lang='lat' dir='ltr'><strong>additus</strong></span> <span class='ocrx_word' id='word_1_455' title='bbox 610 2817 665 2859; x_wconf 89' lang='lat' dir='ltr'><strong>ad,</strong></span> <span class='ocrx_word' id='word_1_456' title='bbox 689 2817 718 2851; x_wconf 87' lang='lat' dir='ltr'><strong>si</strong></span> <span class='ocrx_word' id='word_1_457' title='bbox 740 2829 830 2864; x_wconf 85' lang='lat' dir='ltr'><strong>quae</strong></span> <span class='ocrx_word' id='word_1_458' title='bbox 851 2818 961 2852; x_wconf 86' lang='lat' dir='ltr'><strong>denuo</strong></span> <span class='ocrx_word' id='word_1_459' title='bbox 983 2817 1214 2863; x_wconf 80' lang='lat' dir='ltr'><strong>incurrerent,</strong></span> <span class='ocrx_word' id='word_1_460' title='bbox 1241 2818 1449 2854; x_wconf 86' lang='lat' dir='ltr'><strong>incommoda</strong></span> <span class='ocrx_word' id='word_1_461' title='bbox 1471 2819 1623 2865; x_wconf 81' lang='lat' dir='ltr'><strong>longani-</strong></span> 
     </span>
    </p>
   </div>
  </div>
 </body>
</html>
