1858 3126
449 192 551 237 ΠΒ.
579 191 651 237 111.
721 188 1202 236 GHRONOLOGIGUS.
1452 188 1551 235 799

102 303 272 342 duorum
290 315 421 342 mense
442 301 660 353 Septembri
680 301 786 353 apud
803 301 972 340 Graecos
992 298 1153 353 δευτέρα
1166 297 1396 351 ἐπινέμησις
1410 312 1552 339 secun·-

100 359 158 397 da
175 358 344 397 indictio
374 358 569 397 numerari
592 364 725 410 coepta
755 363 826 396 est.
882 370 997 408 quam
1026 369 1120 395 vero
1146 362 1205 394 est
1231 356 1475 394 manifestum
1499 356 1551 395 ad

99 421 283 454 neutrum
302 416 462 453 illorum
481 428 674 453 annorum
692 415 889 465 pertinere
905 413 1077 464 potuisse
1094 412 1299 464 appulsum
1317 413 1551 451 Rontzeria-

98 484 172 508 nae
198 471 327 509 classis
348 470 744 522 Constantinopolim,
774 477 855 507 tam
876 476 1026 507 certum
1044 469 1180 507 haberi
1204 468 1320 506 debet
1344 468 1456 506 illum
1474 481 1555 506 esse

99 527 372 578 assignandum
390 528 511 564 mensi
531 526 750 578 Septembri
771 525 863 564 anni
881 525 1023 564 Christi
1045 528 1164 567 1303.

209 583 257 625 V.
312 583 367 621 At
392 595 480 620 ecce
510 582 588 620 boc
617 588 805 621 assertum
828 588 909 620 tam
937 581 1083 619 diserta
1102 579 1354 632 Pachymeris
1377 579 1555 618 affirma-

99 638 207 676 tione
225 639 486 677 constitutum
505 639 703 677 contrario
723 637 894 676 eiusdem
913 637 1134 675 testimonio
1156 637 1363 676 evertitur
1419 635 1556 673 scribit

98 694 195 731 ille
184 708 225 732 m
242 693 352 732 hunc
375 695 536 732 modum
565 708 603 746 p.
623 697 701 737 561
722 698 849 736 v.13.
903 694 1099 731 ambobus
1116 696 1201 731 iam
1228 692 1555 743 imperatoribus,

100 751 247 788 seniori
261 750 421 802 quidem
439 753 599 788 tertium
613 758 649 788 et
667 751 910 798 vicesimum,
940 752 1094 788 iuniori
1117 756 1253 787 autem
1269 747 1553 786 duodecimum

99 819 254 844 annum
285 809 443 858 imperii
468 807 598 844 evolvi
624 809 816 858 contigit,
846 806 1011 858 quando
1034 812 1109 846 etc.
1166 811 1309 844 eventa
1330 805 1440 843 varia
1464 817 1552 842 me-

98 869 243 911 morat,
273 875 371 912 quae
385 863 426 900 in
446 863 556 901 illum
572 862 798 900 inciderunt
815 863 1024 901 articulum
1046 862 1256 913 temporis,
1285 874 1363 912 quo
1388 860 1551 899 Andro·-

99 918 177 956 uici
197 931 322 956 annus
331 919 482 970 imperii
501 922 567 965 23,
581 918 777 956 Michaelis
796 925 927 956 autem
947 920 1028 956 eius
1040 919 1108 958 filii
1122 921 1173 959 12
1181 917 1329 957 evoluti
1339 924 1465 965 erant,
1474 913 1553 954 hoc

99 980 171 1022 est,
199 974 345 1025 expleti
371 975 698 1022 numerabantur,
726 975 976 1024 sequentibus
992 975 1070 1012 iam
1086 973 1290 1015 inchoatis.
1346 974 1451 1012 inter
1477 973 1551 1011 alia

98 1042 195 1068 vero
210 1030 324 1068 istius
341 1032 491 1081 generis
509 1038 649 1068 eventa
671 1030 789 1081 paulo
807 1037 896 1082 post
910 1036 1087 1069 recenset
1104 1030 1360 1068 inclusionem
1376 1029 1551 1068 Michae-

96 1086 145 1124 lis
161 1085 328 1137 Augusti
344 1086 510 1125 iunioris
526 1086 631 1124 intra
650 1086 991 1137 Didymotichum‚
1021 1086 1212 1125 munitam
1235 1099 1376 1134 arcem,
1405 1086 1446 1124 in
1472 1098 1551 1136 qua

98 1153 139 1179 se
167 1142 383 1180 necessario
403 1143 654 1187 continebat,
685 1143 792 1192 quod
807 1144 950 1181 milites
967 1143 1156 1190 Romani,
1186 1142 1327 1193 quibus
1355 1149 1552 1193 praeerat,

97 1198 214 1236 fracti
234 1198 371 1237 animis
393 1199 443 1237 ob
461 1205 638 1250 acceptas
656 1199 806 1245 clades,
841 1199 934 1236 inde
950 1199 1134 1250 progredi
1155 1204 1195 1236 et
1217 1212 1259 1236 os
1277 1198 1454 1237 hostibus
1476 1198 1552 1236 ob-

97 1259 251 1292 vertere
275 1267 357 1292 non
382 1255 585 1293 auderent.
641 1252 773 1293 hostes
791 1254 857 1292 hic
878 1266 958 1293 non
991 1257 1086 1294 alios
1111 1255 1324 1305 intelligere
1341 1254 1552 1293 historicus

97 1322 215 1359 quam
236 1311 437 1348 Catelanos
455 1316 597 1363 potest.
646 1318 686 1348 et
702 1312 781 1361 ipse
798 1313 927 1349 statim
948 1311 1052 1350 clare
1074 1312 1122 1350 de
1139 1311 1184 1348 iis
1200 1323 1239 1348 se
1257 1311 1367 1361 loqui
1385 1311 1552 1349 demon-

97 1371 207 1411 strat,
235 1366 331 1404 dum
353 1369 537 1404 continue
555 1366 754 1417 subiungit
769 1367 1037 1405 Andronicum
1061 1367 1334 1419 experimentis
1355 1367 1551 1405 evidenti-

97 1421 171 1459 bus
190 1434 429 1472 persuasum,
458 1422 560 1460 vinci
584 1436 663 1460 non
686 1436 797 1473 posse
817 1423 942 1461 Marte
962 1429 1099 1475 aperto
1118 1437 1278 1462 suorum
1300 1423 1416 1461 armis
1435 1424 1554 1462 Cate-

96 1477 228 1525 lanus,
257 1478 349 1516 alias
367 1491 502 1516 eorum
531 1479 861 1517 debilitandorum
887 1486 956 1518 aut
976 1480 1270 1518 alliciendorum
1301 1479 1352 1517 ad
1376 1491 1554 1518 couven-

95 1533 222 1570 tioues
250 1534 358 1584 pacis
382 1535 553 1573 rationes
577 1535 718 1574 iniisse.
783 1534 911 1573 clades
934 1536 1075 1586 igitur,
1104 1549 1269 1586 quarum
1294 1535 1554 1586 Pacbymeres

96 1588 163 1626 hic
182 1589 360 1628 meminit
381 1591 566 1628 Romanis
586 1590 775 1629 militibus
796 1592 1012 1640 exercitus,
1041 1592 1106 1630 cui
1122 1591 1288 1630 Michael
1314 1591 1447 1630 iunior
1464 1591 1552 1630 Au·-

95 1650 231 1696 gustus
249 1645 291 1684 in
312 1646 488 1685 Occiduo
503 1653 638 1685 tractu
658 1654 850 1699 praeerat,
863 1661 885 1686 a
905 1649 1097 1686 Catelanis
1118 1648 1326 1696 illatarum,
1355 1661 1436 1685 non
1457 1648 1553 1685 aliae

94 1701 245 1739 fuerint
262 1715 378 1765 quam
399 1716 495 1752 quas
519 1703 624 1740 idem
649 1704 788 1742 retulit
811 1705 836 1742 l.
856 1707 883 1745 6
910 1718 943 1746 c
965 1707 1019 1746 30
1048 1710 1088 1742 et
1117 1704 1208 1742 libri
1229 1703 1401 1741 eiusdem
1426 1717 1461 1745 c.
1480 1705 1550 1751 32,

96 1769 266 1807 quorum
293 1757 335 1796 in
364 1759 486 1809 priori
510 1765 647 1796 narrat
677 1773 923 1811 progressum
952 1767 1090 1799 contra
1120 1760 1322 1797 Catelanos
1349 1759 1555 1809 aliquanto

95 1818 186 1862 post
211 1826 343 1851 necem
371 1815 570 1853 Rontzerii
599 1817 793 1868 Caesaris,
843 1817 1097 1867 Adrianopoli
1124 1815 1383 1866 Pamphylum
1411 1827 1549 1864 usque,

96 1867 322 1906 michaelem
340 1869 586 1920 Augustum
574 1872 786 1919 iuniorem,
816 1886 904 1910 cum
926 1878 1013 1910 toto
1034 1874 1211 1909 Romano
1229 1871 1419 1918 exercitu,
1452 1883 1548 1921 par-

96 1929 176 1961 tem
195 1922 311 1961 liuius
332 1900 423 1962 subo
427 1925 553 1963 tribus
573 1926 750 1974 ducibus,
780 1928 887 1965 Duca
907 1927 1190 1977 Umpertopulo
1204 1932 1245 1963 et
1262 1926 1419 1974 Bossiln,
1449 1939 1548 1964 con-

96 1985 160 2016 tra
182 1979 421 2030 calliopolim
441 1981 603 2030 misisse,
632 1983 699 2019 ubi
722 1983 892 2020 Catelani
911 1989 949 2019 et
966 1982 1196 2033 Amogabari
1213 1994 1302 2019 suas
1321 1982 1451 2033 copias
1470 1981 1547 2019 ha·

96 2034 240 2072 bebant
255 2050 263 2072 :
292 2035 360 2072 sed
377 2035 418 2072 hi
436 2035 585 2073 obiecta
603 2038 788 2075 Romanis
805 2044 1071 2076 armentorum
1096 2037 1260 2088 praeda,
1291 2048 1380 2075 cum
1398 2037 1455 2075 sic
1473 2050 1547 2076 eo-

95 2103 186 2128 rum
216 2090 371 2128 ordines
392 2091 616 2139 solvissent,
644 2093 814 2131 immisso
835 2093 875 2131 in
902 2093 1162 2131 discursantes
1181 2093 1405 2132 inordinate
1432 2094 1547 2144 equi-⁶

95 2152 187 2184 tatu
218 2146 405 2184 fuderunt
437 2159 502 2184 eos
526 2148 810 2198 fugaruntq'ue',
849 2148 1027 2187 ducentis
1061 2149 1293 2199 intersectis,
1329 2149 1547 2188 vulneratis

96 2202 188 2253 ipsis
214 2202 390 2241 ducibus.
446 2204 651 2254 posteriori
682 2210 811 2242 autem
841 2204 949 2253 loco,
988 2217 1126 2256 nempe
1156 2205 1183 2243 l.
1205 2209 1231 2246 6
1261 2219 1294 2243 c.
1324 2208 1402 2254 32,
1440 2206 1545 2244 idem

96 2257 307 2296 historicus
338 2260 423 2296 fuse
449 2258 632 2296 describit
662 2261 907 2298 commissum
936 2267 1073 2312 postea
1101 2273 1124 2298 a
1148 2257 1336 2298 michaele
1355 2261 1544 2312 Augusto,

97 2313 253 2364 digestis
281 2315 323 2352 in
351 2315 471 2352 aciem
505 2315 696 2353 universis
723 2316 907 2354 Romanis
942 2317 1081 2367 copiis,
1126 2317 1314 2355 adversus
1344 2318 1549 2356 Catelanos

94 2370 305 2421 praelium,
334 2384 380 2408 eo
400 2383 578 2409 successu
597 2378 643 2409 ut
665 2373 863 2409 Romanus
882 2372 1038 2421 quidem
1057 2373 1249 2410 exercitus
1266 2373 1439 2424 fugatus,
1462 2375 1547 2425 ipse

95 2437 191 2464 vero
207 2425 373 2464 michael
386 2425 543 2465 fortiter
562 2441 735 2478 pugnans
754 2428 996 2479 periclitatus
1016 2429 1065 2467 de
1082 2429 1162 2467 vita
1178 2429 1307 2478 suerit,
1335 2435 1376 2468 et
1392 2430 1462 2468 vix
1476 2430 1547 2468 ‹le-

95 2481 214 2530 nique
233 2483 324 2533 suga
341 2483 423 2534 ipse
441 2495 595 2533 quoque
615 2490 794 2522 servatus
814 2483 1071 2535 Pamphylum
1093 2485 1264 2536 primum
1282 2497 1322 2522 se
1337 2486 1549 2537 receperit3

94 2537 213 2586 paulo
230 2550 326 2576 vero
346 2545 446 2589 post,
474 2540 586 2576 iuxta
607 2552 650 2576 ea
673 2552 772 2589 quae
794 2540 933 2577 deinde
953 2553 988 2581 c.
1008 2545 1027 2581 1
1051 2540 1079 2578 l.
1095 2544 1122 2582 7
1140 2547 1272 2579 noster
1288 2541 1391 2579 idem
1410 2547 1548 2579 auctor

94 2592 231 2642 tradit,
262 2595 575 2645 Didymotichum
598 2609 638 2633 se
655 2595 909 2644 transtulerit,
929 2596 996 2634 ubi
1011 2597 1249 2634 exanimatas
1268 2603 1377 2635 metu
1395 2610 1445 2635 ex
1464 2597 1547 2634 cla-—

98 2647 213 2686 dibus
241 2651 408 2702 acceptis
430 2652 629 2702 Romanas
652 2653 783 2716 copias
803 2652 908 2690 inna
934 2665 1067 2689 muros
1093 2653 1266 2690 munitae
1291 2653 1390 2691 arcis
1413 2653 1542 2690 conti-

97 2715 191 2740 nere
213 2706 433 2755 cogebatur.
486 2707 530 2744 id
548 2721 670 2759 porro
688 2710 718 2746 si
739 2709 901 2758 contigit
920 2708 1077 2757 quando
1103 2709 1357 2747 evolvebatur
1377 2715 1447 2746 aut
1466 2722 1543 2760 po-

98 2758 178 2796 tius
203 2761 417 2800 evolutus·
405 2775 483 2800 iam
511 2770 595 2801 erat
620 2778 744 2802 annus
766 2764 921 2828 imperii
936 2764 1149 2802 Andronici
1169 2765 1374 2803 vicesimus
1400 2765 1542 2803 tertius

95 2812 292 2853 Michaelis
308 2817 573 2869 duodecimus,
603 2820 781 2870 oportuit
798 2821 880 2858 sine
897 2820 1019 2859 dubio
1038 2821 1258 2872 contingere
1275 2833 1379 2859 auno
1397 2819 1541 2860 Christi
