1820 3112
390 129 467 171 DE
500 128 836 173 ANDRONICO
870 129 1248 174 PALAEOLOGO
1284 131 1330 174 L.
1365 130 1399 173 Ι.
1563 131 1624 177 71

150 247 245 292 ,κοῖς
264 258 308 285 τε
320 243 387 285 καὶ
408 245 451 284 Γ
447 245 690 294 εννουῖταις,
719 241 903 284 ἐκποδὼν
924 239 1106 296 μάλιστα
1129 245 1195 287 καὶ
1219 247 1294 286 τοῦ
1316 241 1541 301 Καροῦλου
1559 261 1626 300 γε·

156 309 352 364 νομένου,
391 308 632 354 &md-furuae
662 310 738 365 τὴν
768 307 933 365 γνώμην
963 312 1102 356 ἐτίθει.
1175 313 1215 355 οἶ
1244 312 1320 366 μὲν
1338 307 1412 355 οὖν
1432 312 1508 363 τὰς
1525 317 1625 363 ναῦς

157 376 399 435 παριδόντες
419 379 565 432 ἐνῆκαν
581 379 746 428 ἐκείναις
761 376 914 434 χρόνον
931 379 1071 422 ἱκανὸν
1092 382 1157 423 καὶ
1170 379 1299 434 μόνον
1320 382 1414 435 δι’χα
1433 386 1508 423 τοῦ
1520 398 1623 424 συν-

158 451 375 503 εργοῦντος
406 450 462 496 εἰς
494 447 664 504 φθορὰν
704 444 973 503 λογιζόμενον.
1041 448 1088 491 τὸ
1125 450 1169 491 δὲ
1187 450 1250 491 ἐπὶ
1273 447 1442 499 ταύταις
1473 449 1622 493 ἀποτε-

124 515 354 571 5ταγμένον
374 513 666 571 στρατιωτικόν
683 531 726 557 τε
756 517 822 557 καὶ
841 512 1021 569 μάχιμον
1051 516 1158 571 παρ’
1181 516 1299 559 οὐδὲν
1318 516 1500 571 ἔχοντες,
1538 525 1624 568 τοῖς

154 584 230 638 μέν
250 582 466 638 βαναύσοις
484 583 626 637 τέχνας
641 585 924 639 μεταχειρίζειν
944 586 1100 640 ἐφῆκαν
1123 586 1178 634 εἷς
1199 583 1482 642 ἀποστροφήν,
1521 584 1623 629 ὁπό-

156 668 209 707 ση
229 669 290 702 τις
318 651 472 695 ἐκεῖθεν
502 652 656 705 δυνατὴ
685 646 759 705 ἦν,
795 658 881 702 τοῖς
915 653 1042 695 δὲκαὶ
1065 653 1306 707 αὐτομολεῖν
1327 660 1413 703 τοῖς
1435 655 1616 711 ἐχθροῖς,
1642 666 1674 700 P
1695 667 1742 702 44

156 719 261 763 ὥστε
282 717 438 774 orn-dp?
461 721 623 769 ἐκείνοις
640 725 841 775 πειρατῶν
863 719 1003 780 τρόπῳ
1022 721 1097 775 τὴν
1114 719 1324 776 Ῥωμαίων
1351 727 1517 765 κακοῦν.

293 787 400 832 Τότε
421 789 465 831 δὲ
491 792 564 831 τοῦ
587 790 962 845 πρωτοβεστιαρῖου
995 790 1247 846 ἓξορμῶντος
1271 788 1376 833 πολύ
1395 808 1434 833 τι
1456 795 1622 846 πλῆθος

103 857 287 900 ΙΟεῖπετο
315 858 379 900 ἐπὶ
412 854 581 906 δύσεως.
647 858 714 898 καὶ
740 857 791 911 δὴ
826 858 1075 913 προσβαλὼν
1107 857 1373 915 Δημητριάδι
1404 861 1488 902 ε’κεῖ
1502 859 1621 902 συνέ-
1667 875 1673 882 ’

156 942 278 969 ταττε
305 925 381 975 τὰς
414 923 627 979 δυνάμεις,
676 923 748 974 οὓς
777 925 851 980 μὲν
880 925 1048 980 πέμπων
1077 928 1133 976 εἷς
1166 931 1296 970 σκῦλα
1328 929 1396 969 καὶ
1415 925 1618 983 ἁρπαγάς,

158 991 220 1043 οἷς
241 992 286 1036 ὁ’
310 995 374 1036 ἐπὶ
393 993 668 1046 ἀνοικοδομὴν
698 997 781 1036 τῶν
811 994 893 1037 ἐκεῖ
905 993 1114 1051 χρώμενος
1137 993 1421 1048 πολισμάτων,
1459 995 1620 1038 ἀποκα-

156 1064 345 1118 ραδοκῶν
366 1063 432 1104 καὶ
456 1062 531 1117 τὴν
554 1066 627 1115 τῆς
645 1062 892 1117 βασιλίσσης
914 1066 1059 1118 πρᾶξιν
1081 1064 1145 1105 ἐπὶ
1168 1069 1226 1121 τῷ
1246 1064 1403 1122 ἀνεψιῷ
1425 1062 1615 1119 ῘΙΙιχαήλ,

156 1128 213 1180 ὥς
229 1130 425 1174 λέλεκται.
493 1131 560 1172 καὶ
578 1134 741 1184 πρῶτον
765 1130 879 1189 αὐτῷ
896 1137 979 1174 τῶν
1000 1130 1134 1187 ἔργων
1159 1130 1328 1188 πίργοις
1349 1134 1523 1183 ξυλίνοις
1540 1132 1615 1175 αὗ-
1641 1144 1668 1179 Β

103 1202 146 1236 15
155 1197 339 1254 θημερόν
361 1200 416 1248 εἷς
439 1198 563 1241 εἴκοσι
585 1199 652 1240 καὶ
683 1197 885 1254 τέσσαρας
914 1200 1181 1254 ποσουμένοις
1207 1201 1506 1257 περιβαλέσθαι
1526 1203 1620 1255 Δη-

151 1263 384 1324 μητριάδα,
420 1268 512 1324 διχῇ
533 1283 576 1310 τε
596 1272 941 1325 περιταφρεῦσαι,
969 1270 1038 1310 καὶ
1064 1267 1178 1326 ὕδωρ
1205 1270 1250 1312 ἐκ
1278 1266 1501 1325 θαλάσσης
1519 1270 1620 1312 ε’νεῖ-

245 1386 279 1421 4.
302 1384 343 1422 δὲ
366 1385 497 1421 deerat.

154 1499 313 1532 nuenses,
335 1487 394 1534 qui
415 1489 688 1535 tranquillissime
717 1490 754 1525 in
775 1490 879 1524 terris
900 1489 1034 1536 imperii
1056 1489 1241 1536 degerent,
1262 1490 1426 1526 adversus
1448 1490 1624 1526 dominan-

153 1539 224 1568 tem
247 1534 539 1580 Constantinopoli
561 1538 750 1581 Augustum
773 1536 908 1571 hostilia
930 1537 1131 1579 machinari,
1157 1538 1292 1571 sublato
1314 1537 1447 1572 scilicet
1470 1537 1624 1580 emedio

154 1580 303 1621 Catulo,
334 1584 472 1614 cunctos
496 1581 539 1616 ad
562 1582 599 1616 id
620 1582 784 1625 incitare,
822 1582 899 1616 dum
922 1582 1077 1624 viveret,
1100 1582 1214 1618 solito.
1262 1583 1342 1617 hinc
1363 1582 1537 1628 subrepsit
1558 1593 1624 1618 usu

154 1626 244 1671 quod
273 1625 363 1660 ratio
394 1637 460 1660 non
489 1628 716 1672 probaverat,
750 1633 788 1662 ut
822 1629 1053 1673 compendium
1083 1629 1185 1663 fieret
1206 1633 1398 1674 sumptuum
1420 1629 1456 1662 iu
1479 1629 1621 1662 classem

153 1671 310 1706 tuendam
331 1671 480 1716 impendi
504 1673 702 1716 solitorum;
733 1674 879 1718 dumque
910 1674 962 1708 sic
985 1674 1099 1718 agitur
1127 1675 1226 1720 quasi
1249 1680 1422 1709 constaret
1443 1674 1536 1708 lucro
1561 1686 1621 1708 ac-

153 1728 308 1751 crescere
329 1717 464 1762 publico
487 1718 649 1764 quidquid
672 1720 932 1754 subtraheretur
952 1721 1141 1755 rationibus
1164 1721 1292 1755 navalis
1315 1725 1514 1766 apparatus,
1540 1731 1621 1753 seu·
1662 1724 1668 1728 '

152 1762 217 1797 sim
239 1763 417 1797 deventum
440 1775 482 1798 eo
504 1769 558 1798 est
582 1771 622 1799 ut
642 1765 797 1800 Romana
820 1766 939 1800 classis
967 1777 1034 1800 non
1056 1766 1200 1801 flammis
1220 1766 1280 1800 illa
1302 1766 1436 1811 quidem
1459 1777 1525 1799 uno
1549 1776 1623 1798 mo-

152 1813 266 1842 mento
288 1809 492 1844 absumenda
524 1811 742 1853 traderetur,
775 1816 947 1845 caeterum
977 1812 1235 1857 permitteretur
1263 1811 1430 1846 abolenda
1462 1810 1629 1855 tempori,

153 1858 191 1888 et
217 1854 308 1888 nulla
329 1854 362 1888 in
385 1855 540 1899 navium,
571 1857 694 1903 quibus
728 1857 786 1891 illa
817 1858 1015 1899 constabat,
1052 1858 1232 1892 tuitionem
1255 1861 1316 1891 aut
1337 1856 1620 1890 restaurationem

151 1905 253 1944 parte
281 1911 385 1934 curae
413 1900 587 1946 impensa,
622 1906 752 1937 tantum
784 1902 960 1937 dumtaxat
994 1903 1241 1948 relinqueretur
1274 1905 1458 1942 duratura,
1490 1905 1620 1946 quanto

153 1949 231 1979 erat
251 1956 336 1989 opus
359 1947 470 1990 spatio
499 1952 539 1980 ut
566 1959 670 1982 naves
704 1959 818 1982 omnes
850 1960 942 1982 mero
971 1949 1129 1992 neglectu
1155 1950 1393 1993 putrescerent
1423 1950 1484 1980 aut
1505 1947 1620 1981 soluta.

154 2001 316 2035 compage
338 1991 566 2028 abolerentur.
592 1993 684 2027 istud
707 2000 827 2038 postea
850 1994 1007 2037 contigit,
1030 1995 1093 2027 hoc
1117 2004 1336 2038 praevorsum
1360 2004 1402 2026 ac
1417 2003 1621 2037 repraesen-

152 2040 262 2070 tatum
285 2037 448 2070 maturius
471 2041 536 2070 est.
582 2039 747 2073 classiarii
770 2039 894 2073 milites
915 2039 1010 2073 multi
1034 2051 1075 2072 ac
1097 2040 1224 2079 fortes,
1257 2050 1322 2072 nec
1343 2049 1461 2082 parum
1486 2036 1621 2072 exerci-

153 2081 219 2116 tati
241 2080 389 2126 praeliis,
412 2082 519 2126 spreti
542 2094 656 2118 omnes
680 2085 880 2129 multatique
902 2085 1085 2129 stipendio,
1112 2084 1235 2128 partim
1257 2083 1301 2118 ad
1326 2088 1419 2117 artes
1440 2095 1516 2118 sese
1538 2094 1620 2117 con-

153 2128 244 2162 ferre
264 2126 477 2160 mechanicas
501 2128 624 2172 quibus
646 2129 769 2163 victum
792 2134 1019 2174 quaererent,
1051 2129 1175 2174 partim
1197 2129 1240 2163 ad
1264 2130 1380 2163 hostes
1401 2130 1621 2173 transfugere

152 2176 233 2207 sunt
254 2171 378 2213 coacti,
401 2183 541 2217 quorum
563 2173 643 2208 inde
676 2175 782 2209 ductu
803 2175 960 2220 piraticis
981 2174 1171 2209 incursibus
1193 2186 1264 2211 rem
1286 2187 1447 2221 oramque
1467 2179 1620 2209 nostram

150 2217 368 2252 infestarunt.

244 2264 374 2298 Tamen
408 2263 472 2298 hoc
500 2275 567 2309 quo
600 2263 643 2298 de
666 2264 841 2298 scribimus
863 2268 1038 2310 tempore,
1065 2265 1198 2310 plurimi
1228 2266 1345 2301 horum
1377 2265 1412 2300 in
1441 2265 1620 2311 pedestres

154 2308 336 2343 centuriati
358 2309 474 2354 copias
497 2309 794 2355 protovestiarium
819 2315 898 2343 sunt
920 2310 1039 2351 secuti,
1062 2311 1311 2356 expeditionem
1334 2311 1368 2345 in
1389 2315 1521 2346 tractus
1545 2311 1620 2345 Oc-

154 2355 270 2388 ciduos
292 2354 487 2396 ducentem
518 2367 586 2400 qua
608 2355 640 2389 is
670 2366 871 2400 progressus
893 2355 1142 2391 Demetriadem
1162 2369 1272 2403 usque
1293 2357 1343 2392 ibi
1365 2357 1537 2399 constitit,
1560 2368 1621 2390 co-

154 2400 298 2445 piasque
328 2400 364 2434 in
400 2411 518 2435 manus
549 2401 678 2434 divisas
714 2401 838 2446 partim
871 2413 1053 2436 excurrere
1083 2414 1125 2436 ac
1157 2415 1178 2437 e
1199 2403 1320 2437 vicinis
1347 2403 1492 2437 hostium
1517 2401 1622 2436 terris

154 2445 301 2491 praedas
326 2457 449 2490 agere,
480 2447 602 2490 partim
630 2451 826 2480 restaurare
855 2447 982 2492 oppida
1003 2448 1175 2482 Romanae
1206 2449 1341 2483 ditionis
1371 2447 1620 2482 incursionibus

154 2491 344 2525 deformata
365 2491 542 2525 hostilibus
562 2492 672 2530 iussit,
693 2491 768 2538 ipse
789 2493 922 2526 interim
944 2493 1134 2538 opperiens,
1160 2499 1200 2528 nt
1220 2495 1347 2528 dictum
1371 2498 1436 2535 est,
1458 2493 1619 2527 effectum

155 2535 392 2582 promissorum
415 2537 555 2581 reginae
578 2539 714 2575 Annae,
753 2543 788 2571 et
820 2538 918 2572 simul
950 2538 1007 2572 illa
1037 2539 1072 2573 in
1103 2551 1183 2574 suos
1207 2540 1348 2585 laqueos
1372 2540 1543 2573 incautum
1566 2539 1620 2571 in-

155 2581 287 2615 duisset
303 2582 501 2616 michaelem
523 2583 622 2616 leviri
643 2583 697 2616 sui
720 2583 836 2623 filium,
858 2583 990 2629 sibique
1011 2585 1111 2620 iuxta
1133 2586 1289 2620 condicta
1311 2585 1517 2626 tradidisset,
1542 2593 1620 2616 cor-

155 2632 317 2672 repturus
339 2632 478 2671 tutoque
498 2629 723 2673 perducturus
744 2629 788 2662 ad
810 2630 1008 2674 Augustum.
1054 2631 1140 2666 haec
1161 2631 1288 2677 quippe
1309 2643 1394 2666 vera
1410 2634 1484 2664 erat
1507 2638 1624 2662 morae

158 2683 282 2715 causa,
315 2673 371 2707 cui
406 2674 563 2719 speciose
595 2674 844 2708 obtendebatur
870 2686 970 2719 quam
1001 2675 1072 2710 dixi
1100 2678 1384 2711 labefactaturum
1414 2674 1537 2709 iniuria
1566 2671 1622 2707 vel

158 2718 323 2762 temporis
344 2719 403 2752 vel
430 2719 513 2754 belli
542 2719 710 2754 moenium
739 2720 929 2765 reparatio3
960 2721 1057 2756 cuius
1090 2722 1236 2767 primum
1257 2723 1428 2768 specimen
1449 2719 1516 2754 fuit
1537 2729 1622 2764 qua-

159 2766 239 2797 tuor
262 2768 299 2799 et
319 2764 439 2810 viginti
458 2765 644 2810 lignearum
666 2764 806 2800 turrium
827 2765 865 2801 in
885 2766 1030 2803 circuitu
1050 2768 1278 2804 Demetriadis
1299 2779 1367 2803 uno
1390 2766 1446 2801 die
1466 2765 1624 2813 perfecta
