1820 3112
368 117 444 160 DE
477 117 808 161 ANDRONICO
835 116 1207 161 PALAEOLOGO
1243 118 1289 159 L.
1308 116 1363 160 H.
1515 116 1610 163 167

150 228 286 284 μένοις
302 230 480 280 δικαίως.
551 229 716 273 ἔπειθον
738 231 783 274 δέ
800 233 867 274 καὶ
886 231 925 273 οἶ
948 231 1043 287 περί
1058 247 1100 273 τε
1123 230 1196 274 τὸν
1214 233 1255 272 Γ
1250 227 1433 273 εννάδιον
1451 230 1517 272 καὶ
1537 229 1609 273 τὸν

151 296 393 353 Συλαιῶτην
422 299 594 352 βασιλέα
623 299 680 354 μὴ
709 301 780 342 313»-
809 299 1054 350 ἀνεξέταστα
1083 303 1236 351 ταῦτα,
1273 298 1369 342 ἀλλ’
1395 295 1606 355 ἐπαρήγειν

150 365 377 422 ἀρχιερεῦσι
404 371 538 417 καλῶς
562 368 758 422 λέγουσιν.
828 367 979 417 αὐτοῦς
1003 368 1081 423 γὰρ
1109 366 1208 410 εἶναι
1232 366 1397 417 πάντως
1419 367 1519 417 τούς
1536 366 1607 410 τὸν

150 437 208 484 εἰς
224 435 298 490 τὴν
318 438 606 490 πατριαρχείαν
625 434 873 491 ἀναγόμενον
886 442 1085 492 χρησταῖς
1108 437 1355 491 μαρτυρίαις
1371 433 1606 491 συστήσαν-

118 511 251 555 stac,
286 503 436 553 αἰτοὺς
460 506 503 546 δὲ
529 506 596 546 καὶ
617 503 736 546 πάλιν
756 504 1027 559 διαγινώσκειν
1050 502 1106 552 ὥς
1127 506 1382 558 ε’πιχωλαίνοι
1405 502 1607 560 ὁμαρτυ-

150 573 293 627 ρηθεὶς
321 571 368 614 οὐ
401 577 559 628 φαῦλος
590 572 658 614 ἐπ’
687 572 826 623 ἄλλοις
859 573 933 628 τὴν
960 574 1202 625 ποίμανσιν·
1232 572 1438 629 μηδὲγὰρ
1464 571 1599 615 πάντα
1621 575 1655 611 D

148 644 250 682 πᾶσι
267 638 426 682 διδόναι
444 639 560 685 θεόν.
603 640 723 683 ταῦτ’
746 639 844 683 εἶναι
864 645 988 692 θεοῦ,
1021 639 1077 690 ὥς
1093 638 1250 690 πάντας
1269 641 1429 684 εἰδέναι.
1478 642 1551 682 καί
1562 658 1602 696 γε

148 705 343 757 πολλάκις
365 708 436 751 τὸν
451 709 556 751 κατὰ
577 709 624 752 τὸ
643 709 791 763 ἠθικὸν
808 709 882 752 οὐκ
901 707 1136 764 ἀπόβλητον
1156 708 1262 751 κατὰ
1282 709 1328 752 τὸ
1349 709 1604 762 οἰκονομικὸν

148 773 413 828 ὖποσκάζειν,
451 778 518 820 καὶ
549 772 675 827 αὖθις
699 777 965 835 ἀριστεύοντα
997 779 1061 820 ἐπὶ
1090 775 1223 836 τούτῳ
1242 778 1299 833 μὴ
1323 775 1500 835 φθάνειν
1527 777 1602 832 τὴν

94 853 138 887 10
149 845 213 886 ἐπὶ
246 849 305 903 τῷ
339 849 530 903 πολιτικῷ
567 843 727 902 ἀρετήν.
796 846 1117 889 ἀναστέλλεσθαι
1144 847 1189 889 δὲ
1215 846 1291 902 τὴν
1310 847 1455 889 κακίαν
1478 845 1604 889 καλὸν

149 914 216 955 καὶ
228 918 436 968 προσῆκον
456 912 553 956 εἶναι
564 947 578 966 ,
615 915 720 969 πλὴν
739 915 849 965 ἐντὸς
868 915 1028 972 με’τρων
1046 917 1112 957 καὶ
1132 911 1269 968 νόμων
1291 918 1495 971 Χριστοῦ.
1530 911 1601 958 νό-

145 998 226 1036 μον
258 982 303 1024 de*
327 985 515 1036 Χριστοῦ
539 980 700 1033 πάντως
721 981 821 1025 εἶναι
842 984 887 1026 τὸ
910 983 1017 1040 ἱερὸν
1044 983 1282 1039 εὐαγγέλιον.
1350 982 1435 1026 ἐκεῖ·
1458 983 1503 1025 δὲ
1531 985 1601 1038 ζη-

144 1046 327 1092 τούντων
352 1054 436 1092 τῶν
460 1055 665 1106 μαθητῶν
693 1053 736 1102 ἐξ
763 1052 942 1107 οὐρανοῦ
972 1050 1276 1107 καταγαγόντας
1297 1056 1380 1108 πῦρ
1404 1051 1604 1108 ἀφανίσαι

144 1117 242 1167 τούς
260 1117 547 1171 ἀπειθοῦντας,
570 1121 690 1162 εἰπεῖν
707 1120 780 1163 τὸν
798 1119 999 1175 δεσπότην
1018 1119 1074 1170 ὡς
1090 1120 1164 1162 οὐκ
1179 1120 1317 1163 οἴδατε
1334 1121 1454 1163 ποίου
1474 1117 1595 1163 πνεύ-
1617 1130 1650 1165 Ε

91 1195 136 1230 15
145 1203 278 1241 ματος
296 1186 398 1230 ἐστέ.
441 1187 490 1230 τὸ
510 1187 588 1244 γὰρ
608 1188 782 1233 καλέσαν
800 1190 971 1238 ἐκείνους
992 1193 1172 1242 πνεῦμα,
1211 1187 1286 1230 κᾶν
1304 1186 1430 1243 μήπω
1450 1188 1602 1239 οἴδασι,

144 1258 296 1311 πλῆρες
326 1254 600 1311 ἀγαθωσύνης
621 1258 688 1299 καὶ
713 1259 1031 1314 φιλανθρωπίας
1054 1259 1119 1299 καὶ
1139 1255 1479 1312 συγκαταβάσεως
1500 1256 1603 1313 πρὸς

143 1322 243 1372 τοὺς
263 1320 599 1380 ἁμαρτάνοντας,
631 1324 724 1367 ἀλλ’
746 1325 794 1368 οὖ
814 1328 1008 1380 τιμωρίας
1031 1327 1098 1367 καὶ
1117 1323 1426 1380 ἀγανακτήσεως
1443 1326 1511 1367 καὶ
1529 1343 1601 1368 κο-

142 1388 313 1441 λάσεως.
379 1391 504 1434 ταῦτ’
547 1394 703 1436 ἐκείνων
741 1392 936 1450 λεγόντων
980 1395 1049 1436 καὶ
1077 1393 1299 1450 ἀμφικλινῆ
1328 1393 1401 1436 τὸν
1425 1393 1601 1447 βασιλέα

141 1457 392 1514 ποιούντων,
428 1465 572 1518 καιροῦ
604 1459 848 1518 δραξάμενοι
871 1462 910 1505 οἱ
930 1466 1065 1512 κακῶς
1081 1461 1124 1504 ἴκ
1141 1479 1262 1506 τινων
1283 1463 1424 1505 αἰτιῶν
1442 1461 1599 1517 ἔχοντες

138 1566 208 1602 lun
238 1567 447 1603 viderentur.
492 1570 556 1604 sub
586 1569 671 1604 baec
701 1570 899 1604 Gennadius
922 1574 959 1604 et
978 1571 1143 1615 Sylaeota
1174 1570 1412 1616 imperatorem
1438 1569 1600 1616 privatim

138 1619 339 1648 conventum
361 1615 513 1658 graviter
534 1621 755 1658 monuerunt,
790 1628 855 1650 non
889 1617 1014 1650 debere
1044 1617 1152 1662 ipsum
1174 1617 1285 1651 sinere
1306 1628 1363 1650 res
1385 1622 1455 1650 tam
1477 1627 1599 1662 suspe-

139 1663 219 1693 ctae
239 1660 401 1695 novitatis
420 1660 625 1695 indiscussas
648 1662 781 1696 socordi
803 1663 983 1697 tolerantia
1003 1662 1202 1698 transmitti.
1247 1662 1327 1708 quin
1349 1662 1422 1696 eius
1445 1673 1520 1696 esse
1543 1662 1597 1696 of-

139 1705 210 1739 ficii
231 1717 431 1741 succurrere
454 1708 686 1752 praesulibus,
718 1708 802 1742 nihil
834 1708 936 1754 aequi
966 1720 988 1743 a
1019 1708 1238 1753 patriarcba,
1272 1708 1424 1753 quamvis
1447 1707 1539 1741 iusta
1561 1710 1598 1741 et

138 1756 238 1786 recta
257 1754 442 1796 postulent,
464 1753 730 1798 impetrantibus.
776 1766 839 1788 nec
863 1755 947 1788 enim
970 1754 1004 1788 in
1025 1754 1101 1788 illos
1123 1754 1246 1788 cadere
1268 1753 1499 1798 exceptionem
1522 1752 1596 1786 ido-

139 1808 240 1832 neam
260 1798 472 1843 suspicionis,
495 1800 591 1844 quasi
614 1799 828 1843 patriarchae
847 1812 964 1845 pamm
987 1801 1145 1842 faveant3
1168 1811 1267 1844 quem
1288 1799 1405 1843 utique
1427 1798 1491 1843 ipsi
1515 1809 1597 1842 pro—

138 1848 333 1885 moverunt,
364 1845 434 1878 suis
457 1856 531 1878 eum
553 1845 727 1889 suffragiis
749 1852 785 1880 et
807 1846 1001 1879 honorificis
1032 1845 1230 1880 testimoniis
1253 1846 1295 1878 ad
1318 1855 1467 1878 summae
1494 1854 1595 1888 quam

139 1888 310 1922 obtineret
330 1889 506 1934 dignitatis
528 1891 740 1936 adeptionem
775 1893 1055 1927 commendantes.
1103 1898 1271 1925 caeterum
1295 1890 1414 1923 eadem
1436 1888 1506 1922 fide
1526 1900 1595 1934 qua

139 1936 212 1966 tum
242 1945 331 1978 quae
357 1936 392 1968 in
421 1947 461 1968 eo
493 1936 669 1970 laudarent
692 1938 946 1982 praedicarunt,
982 1937 1079 1971 modo
1103 1946 1360 1970 commemorare
1382 1945 1471 1979 quae
1493 1933 1530 1967 in
1553 1946 1593 1969 eo

137 1979 349 2023 postmodum
370 1980 557 2015 desiderari
579 1983 819 2027 deprehensum
842 1983 899 2017 sit.
946 1982 1046 2028 prodi
1068 1982 1154 2015 enim
1177 1992 1277 2014 cursu
1299 1980 1461 2024 temporis
1483 1979 1593 2014 laten-

139 2023 189 2057 tia
214 2026 309 2069 prius
338 2025 505 2059 bominum
535 2027 640 2070 vitia,
676 2033 712 2062 et
743 2029 921 2062 ocoesione
943 2027 1153 2071 negotiorum
1176 2030 1315 2059 naturas
1336 2024 1495 2070 perspici.
1540 2025 1592 2060 sic

138 2080 199 2103 eos
219 2070 423 2104 intellexisse
439 2071 546 2113 hunc,
568 2072 627 2116 qui
650 2073 785 2107 dotibus
807 2074 851 2107 ad
872 2074 1035 2107 ecciesiae
1057 2072 1331 2116 gubernationem
1353 2070 1478 2116 alioqui
1500 2071 1590 2116 aptis

137 2116 323 2150 instructus
355 2116 421 2157 sit,
453 2116 487 2149 in
517 2117 716 2161 quibusdem
746 2119 819 2152 eius
849 2117 1040 2164 multiplicis
1070 2116 1178 2150 officii
1209 2116 1400 2151 claudicare
1422 2117 1589 2162 partibus.

135 2160 290 2196 nimirum
312 2173 379 2196 non
401 2161 551 2196 omnibus
573 2164 681 2197 omnia
703 2164 803 2197 deum
825 2164 919 2198 dare.
966 2162 1096 2197 cunctis
1119 2162 1244 2207 quippe
1266 2168 1381 2196 notum
1403 2163 1590 2206 esse-dona

138 2218 216 2241 esse
247 2206 302 2240 dei
333 2207 431 2240 dotes
462 2207 636 2245 eiusmodi.
681 2209 796 2254 itaque
821 2209 957 2254 saepius
988 2208 1212 2242 animadverti
1233 2219 1331 2251 eum,
1362 2207 1461 2242 cuius
1479 2220 1590 2243 mores

136 2264 203 2287 non
232 2251 481 2297 improbentur,
515 2254 603 2287 baud
634 2265 743 2299 aeque
764 2255 928 2288 inoffense
950 2253 1135 2299 procedere
1155 2253 1190 2287 in
1212 2253 1454 2298 gubernatione
1474 2254 1592 2288 domus

136 2298 315 2343 propriae:
338 2310 455 2333 rursus
472 2300 609 2344 egregie
625 2301 817 2343 fungentem
836 2311 918 2334 suae
935 2299 1098 2343 regimine
1112 2299 1268 2341 familiae,
1291 2299 1447 2334 civilibus
1468 2300 1590 2334 deinde

136 2344 365 2378 curationibus
388 2345 559 2379 admotum
581 2345 713 2380 minime
736 2356 851 2390 parem
874 2345 1128 2379 administrandi
1149 2345 1369 2390 magistratus
1388 2346 1587 2380 industriam

135 2389 294 2434 probare.
339 2390 586 2436 improbitatem
618 2391 771 2425 coerceri
799 2392 974 2425 honestum
998 2402 1080 2424 sane
1102 2402 1144 2424 ac
1166 2391 1368 2426 conveniens
1396 2403 1494 2433 esse,
1525 2403 1588 2425 ve-

134 2446 209 2468 rum
240 2435 275 2468 id
307 2434 383 2469 fieri
413 2436 539 2471 debere
567 2437 659 2471 intra
690 2436 812 2471 limites
843 2438 954 2480 legum
987 2436 1127 2471 Christi.
1181 2437 1274 2481 leges
1312 2441 1426 2472 autem
1456 2436 1586 2471 Christi

135 2480 267 2515 omnino
302 2492 378 2515 esse
408 2494 540 2517 sacrum
577 2483 795 2527 evangelium.
838 2483 908 2516 illic
944 2488 1058 2516 autem
1087 2483 1154 2527 legi
1183 2483 1364 2528 discipulos
1404 2482 1585 2528 aliquando

134 2524 246 2569 ignem
266 2538 286 2560 e
309 2527 402 2560 coelo
427 2527 656 2570 devocantes,
679 2528 738 2574 qui
760 2528 825 2562 sibi
847 2540 913 2562 nou
936 2528 1123 2572 morigeros
1142 2534 1373 2572 consumeret,
1409 2540 1430 2562 a
1452 2529 1585 2562 domino

127 2571 272 2614 ,audisse
293 2573 423 2607 nescire
443 2574 536 2619 ipsos
559 2574 654 2608 cuius
676 2573 814 2620 spiritus
837 2578 962 2608 essent.
1009 2585 1085 2608 nam
1113 2574 1174 2620 qui
1200 2580 1343 2608 vocarat
1369 2574 1462 2619 ipsos
1484 2573 1587 2618 spiri-

135 2620 216 2658 tus,
246 2617 328 2652 licet
348 2618 413 2652 hoc
435 2620 545 2654 adhuc
566 2620 787 2664 ignorarent,
818 2620 936 2664 plenus
963 2619 1183 2664 benignitatis
1205 2619 1421 2655 humanitatis
1451 2630 1584 2653 accom-
1630 2622 1633 2623 ⁷

135 2661 337 2714 modationis
359 2664 404 2697 ad
426 2664 541 2711 lapsos
561 2665 596 2700 in
619 2667 749 2712 eulpam
771 2665 910 2711 spiritus
933 2670 1005 2708 est,
1035 2677 1100 2700 non
1128 2671 1242 2700 autem
1268 2665 1404 2700 ultionis
1425 2665 1585 2708 indigna-

135 2707 238 2742 tionis
266 2708 461 2745 severitatis
491 2711 720 2747 inexorabilis.
766 2711 827 2745 tali
856 2710 1104 2750 orationemm
1126 2711 1163 2746 hi
1181 2712 1247 2746 dno
1269 2711 1458 2755 ambiguum
1480 2709 1584 2743 secis-

133 2755 212 2787 smt
230 2753 445 2800 imperatoris
465 2757 631 2803 animum,
664 2760 803 2803 ceptam
826 2758 979 2803 temporo
998 2757 1058 2804 qui
1077 2757 1154 2794 aliis
1175 2758 1279 2794 etiam
1300 2757 1345 2792 de
1365 2755 1479 2791 causis
1499 2766 1583 2790 exo-
