1858 3126
627 157 731 201 LIB.
759 157 813 201 Π.
881 156 1082 203 ΝΟΤΔΕ.
1476 157 1571 204 761

119 266 227 307 unde
240 266 424 319 Virgilius
442 267 602 306 Aeneid.
625 270 678 309 10

287 331 374 362 tum
398 322 476 362 dea
494 324 598 362 nube
615 337 719 363 cava
738 330 891 360 tenuem
908 324 992 360 sine
1009 322 1170 360 viribus·
1187 322 1374 361 umbram

287 383 331 418 in
343 381 502 431 faciem
516 380 696 427 Aeneae,
725 381 818 417 visu
837 379 1022 417 mirabile
1043 386 1276 428 monstrum,

286 435 522 475 Dardaniis
545 444 663 474 ornat
687 437 791 474 telis.

229 506 268 544 p.
287 492 370 535 350
388 506 428 532 v.
455 495 520 535 19.
578 493 689 541 Quae
711 492 778 530 hic
804 491 975 529 citantur
995 503 1045 528 ex
1068 491 1218 529 Ethicis
1236 492 1276 532 S.
1297 491 1442 540 Basilii,
1471 492 1576 530 inter

121 562 166 586 ea
187 561 287 600 quae
314 548 392 587 hoc
411 549 569 587 nomine
595 550 778 600 leguntur
800 549 843 586 in
869 547 1098 585 collectione
1121 548 1226 585 edita
1249 560 1412 599 operum
1437 548 1520 586 eins
1537 550 1576 586 S.

119 606 160 643 P.
178 618 260 643 non
273 605 411 655 reperi.
468 607 509 643 in
525 606 635 657 epist.
658 605 708 643 ad
727 603 1043 656 Amphilochium
1063 618 1149 642 can.
1178 607 1229 646 10
1258 618 1295 655 p.
1315 606 1399 647 764
1422 604 1482 642 ed.
1502 605 1577 642 Pa·-

118 661 187 700 ris.
213 674 275 700 an.
299 663 407 703 1618
438 663 631 712 quaedam
657 662 706 699 de
731 662 952 700 iuramento
983 660 1203 708 habentur,
1234 673 1255 696 a
1281 673 1397 699 causa
1423 666 1462 699 et
1484 674 1578 700 casu

118 717 184 756 hic
205 731 229 755 a
245 716 484 768 Pachymere
508 724 678 756 tractato
698 731 778 756 non
799 718 957 755 omnino
979 717 1242 755 abhorrentia.

228 786 267 824 p.
285 775 367 815 356
387 787 427 813 V.
451 779 513 816 12.
571 775 675 813 Vitio
699 775 872 812 vertitur
896 773 1075 825 episcopo
1094 773 1437 821 Marmaritziensi,
1469 772 1578 824 quod

118 829 266 867 multos
290 831 417 867 simul
441 829 645 869 ordinaret
667 829 843 868 eiusdem
863 831 908 867 in
928 829 1149 868 sacerdotio
1168 829 1326 868 ordinis
1350 844 1436 867 una
1454 844 1575 866 sacra

108 886 337 937 functione.
394 885 471 924 hoc
494 893 570 935 est,
600 887 763 938 opinor,
792 886 899 937 quod
924 900 1039 925 causa
1058 886 1279 938 compendii
1297 887 1338 924 in
1356 886 1574 924 ordinatio-

117 941 245 991 nibus,
274 955 386 993 quas,
413 949 460 980 ut
480 950 571 981 ante
589 943 799 982 historicus
816 942 1016 992 retulerat,
1044 943 1211 994 pecunia
1226 943 1428 990 venderet,
1458 943 1574 981 unica

116 998 365 1050 impositione
381 1013 568 1037 manuum
587 1001 733 1039 multos
751 999 867 1038 simul
881 1000 1065 1048 initiaret,
1089 1012 1223 1038 errore
1238 999 1473 1037 intolerabili
1486 999 1575 1037 exi-

116 1054 278 1093 stimans
309 1054 408 1093 nihil
435 1068 516 1093 esse
542 1069 698 1094 necesse
729 1056 940 1106 unicuique
967 1057 1187 1107 singillatim
1218 1057 1340 1095 ritum
1367 1056 1479 1094 illum
1507 1069 1572 1092 sa-

117 1123 227 1149 crum
248 1111 445 1162 adhibere,
472 1113 579 1162 quod
599 1114 633 1150 ei
650 1113 850 1151 festinanti
870 1113 972 1150 lueri
991 1113 1199 1151 Simoniaci
1217 1113 1339 1163 gratia
1351 1142 1362 1161 ,
1390 1112 1433 1150 in
1452 1125 1571 1162 quam

114 1167 294 1219 plurimis
316 1181 431 1218 quam
454 1169 683 1207 brevissimo
705 1175 881 1220 tempore
901 1169 1150 1217 ordinandis,
1176 1169 1219 1207 id
1239 1168 1489 1207 commodum
1505 1169 1571 1207 vi-

117 1223 288 1272 deretur,
308 1237 450 1275 parum
468 1226 575 1276 pensi
595 1225 740 1263 habens
759 1232 992 1276 quaestuoso
1011 1239 1051 1263 se
1069 1226 1215 1276 illigare
1232 1226 1441 1276 sacrilegio.
1480 1238 1569 1276 ergo

73 1276 75 1279 ’
117 1277 314 1332 ἴερωσύνη
330 1280 601 1319 sacerdotium
620 1281 698 1319 hoc
715 1282 802 1319 loco
821 1282 1031 1332 generatim
1051 1282 1208 1320 ordines
1225 1282 1390 1320 maiores
1407 1281 1570 1330 indicat,

115 1341 215 1387 puta
234 1336 485 1374 diaconatum
505 1345 544 1375 et
575 1339 902 1389 presbyteratum,
933 1345 972 1376 et
992 1351 1083 1376 cum
1101 1340 1252 1376 multos·
1270 1338 1365 1376 dicit
1394 1337 1571 1375 eiusdem

117 1390 275 1429 ordinis
296 1394 419 1430 unica
435 1407 556 1431 sacra
571 1396 788 1431 ceremonia
803 1397 878 1448 μιᾷ
892 1397 1023 1450 τελετῇ
1045 1394 1255 1444 ordinasse,
1272 1394 1463 1445 significat
1479 1394 1571 1445 plu-

115 1460 179 1486 res
201 1447 449 1498 diaconatus,
476 1451 608 1501 plures
627 1452 740 1488 etiam
758 1451 1052 1502 presbyteratus
1074 1452 1277 1502 petitores,
1307 1465 1388 1489 non
1410 1451 1570 1501 singulis

116 1503 339 1542 adhibendo
360 1519 514 1544 sacrum
534 1507 655 1545 ritum
677 1507 744 1544 sed
762 1507 831 1544 uni
853 1520 927 1558 pro
948 1508 1116 1556 cunctis,
1147 1514 1217 1546 aut
1235 1520 1352 1559 super
1371 1519 1505 1545 omnes
1529 1507 1571 1544 in

116 1573 320 1599 commune
338 1563 595 1600 ceremoniam
612 1564 818 1614 legitimam
839 1564 1071 1613 exercendo,
1100 1564 1257 1602 abunde
1273 1564 1479 1603 universos
1497 1577 1570 1616 pro
1594 1569 1624 1603 P
1648 1569 1712 1605 547

115 1622 222 1655 recte
239 1630 286 1655 ac
308 1618 459 1656 viritim
477 1619 637 1657 initiatis
656 1620 849 1668 habuisse.

226 1686 265 1712 v.
295 1675 359 1716 14.
424 1675 627 1722 Quaenam
649 1677 700 1714 sit
725 1675 788 1714 his
817 1675 946 1714 verbis
966 1683 1184 1714 memorata
1214 1689 1353 1725 magna
1382 1675 1572 1726 synodus,

114 1735 204 1780 post
219 1743 337 1780 quam
356 1733 530 1783 episcopi
547 1732 737 1783 defecisse
760 1733 943 1771 dicantur
959 1733 1001 1770 in
1029 1732 1255 1780 Occidente,
1283 1732 1362 1769 hoc
1378 1740 1457 1778 est,
1488 1744 1570 1769 esse

117 1785 272 1824 desiisse
298 1786 459 1837 legitimi
491 1789 740 1827 ecclesiarum
764 1789 963 1840 praesules
992 1801 1109 1827 verae
1138 1787 1397 1827 ordinationis
1425 1786 1570 1824 chara—

116 1847 222 1878 ctere
247 1842 443 1892 insigniti,
477 1845 611 1893 quaeri
639 1859 719 1883 non
747 1846 940 1883 immerito
970 1851 1113 1896 potest.
1170 1843 1267 1882 mihi
1295 1857 1377 1881 non
1407 1843 1569 1882 videtur

116 1896 279 1934 dubium
299 1899 393 1946 quin
416 1898 481 1936 hic
499 1907 636 1950 agatur
660 1901 709 1938 de
735 1901 886 1951 synodo
916 1900 1160 1937 oecumenica
1178 1902 1204 1940 8
1230 1900 1442 1949 eademque
1462 1900 1568 1937 Con-

114 1953 461 2003 stantinopolitana
486 1956 534 2003 4,
563 1961 602 1993 et
620 1962 797 2006 tempore
818 1962 858 1993 et
877 1969 992 1993 causa
1006 1955 1136 1992 Photii
1154 1956 1343 1993 celebrata
1355 1985 1366 2003 ,
1398 1956 1566 1993 maxime

114 2021 232 2059 super
254 2011 530 2048 controversiis
553 2012 743 2061 Ignatium
770 2012 876 2049 inter
905 2018 945 2048 et
970 2011 1165 2052 Photium.
1225 2018 1314 2062 post
1340 2011 1444 2050 hanc
1475 2025 1565 2050 cum

114 2064 317 2103 fraudibus
340 2071 379 2102 et
402 2067 612 2104 mendaciis
631 2068 711 2105 suis
730 2066 890 2105 Photius
915 2068 971 2104 ita
990 2068 1157 2104 Graecos
1182 2081 1203 2103 a
1226 2068 1373 2105 Latinis
1400 2068 1565 2106 alienas-

115 2126 194 2169 set,
226 2127 274 2158 ut
297 2134 512 2172 numquam
535 2123 714 2174 deinceps
730 2123 833 2160 bona
862 2123 940 2160 fide
965 2123 1148 2161 universa
1170 2124 1379 2162 Orientalis
1407 2125 1567 2163 ecclesia

114 2190 204 2214 cum
232 2177 474 2216 Occidentali
510 2179 748 2216 consenserit
766 2207 777 2227 ‚
823 2179 1024 2216 desierunt
1053 2181 1298 2218 oecumenica
1327 2181 1491 2219 concilia
1522 2182 1565 2219 in

114 2233 275 2271 Oriente
292 2234 500 2281 celebrari,
531 2235 637 2272 unde
658 2235 799 2272 ultima
816 2235 895 2272 fuit
914 2235 1088 2286 synodus
1106 2241 1247 2274 octava
1262 2237 1367 2275 inter
1385 2250 1448 2274 eas
1464 2251 1564 2288 quae

112 2290 154 2326 in
183 2289 394 2327 orientalis
420 2291 575 2342 imperii
601 2291 816 2329 celebratae
842 2291 990 2329 ditione
1018 2292 1060 2328 in
1089 2305 1293 2331 commune
1318 2294 1564 2332 consulentes

115 2346 302 2384 concordi
327 2359 483 2384 assensu
507 2347 672 2385 Graecos
694 2348 841 2399 pariter
867 2353 908 2385 et
932 2347 1091 2385 Latinos
1118 2347 1304 2390 habuere.
1358 2349 1564 2388 finxerunt

114 2407 245 2439 autem
261 2402 399 2441 Graeci
421 2402 675 2452 schismatici,
705 2403 812 2453 quod
830 2404 952 2442 refert
967 2403 1045 2441 hoc
1067 2404 1154 2442 loco
1175 2405 1424 2444 Andronicus
1449 2407 1564 2444 addi-

114 2457 306 2496 ctissimus
322 2458 519 2497 schismati
533 2466 573 2498 et
589 2460 867 2498 infensissimus
886 2459 1064 2497 ecclesiae
1082 2461 1290 2511 Romanae,
1310 2475 1360 2500 ex
1377 2462 1444 2500 illo
1459 2469 1564 2500 tem-

112 2525 209 2563 pore
223 2527 302 2564 quo
318 2515 422 2554 vixit
439 2515 602 2555 Photius
620 2523 658 2554 et
673 2521 730 2554 est
744 2516 917 2566 synodus
938 2518 1183 2555 oecumenica
1200 2524 1340 2557 octava
1358 2519 1562 2566 celebrata,

116 2568 268 2607 desiisse
293 2571 335 2608 in
357 2571 567 2610 Occidente
594 2586 726 2612 veram
747 2573 1017 2624 episcoporum
1038 2575 1329 2615 successionem.
1387 2574 1436 2612 de
1464 2587 1563 2612 con-

115 2623 205 2661 ficta
223 2626 271 2663 ab
288 2627 501 2677 impostore
516 2629 717 2668 notissimo
735 2629 887 2676 Photio,
917 2635 958 2666 et
980 2642 1002 2666 a
1019 2628 1220 2669 Photianis
1236 2631 1377 2669 iactata
1394 2630 1560 2681 synodo,

115 2691 231 2727 quam
247 2681 312 2719 isti
325 2683 482 2721 nomine
501 2692 663 2724 octavae
679 2685 899 2733 venditant,
928 2685 1018 2723 vide
1039 2698 1136 2736 opus
1150 2693 1242 2725 ante
1258 2687 1331 2725 hos
1353 2699 1475 2724 annos
1490 2699 1560 2724 sex

113 2733 178 2772 hic
188 2736 333 2774 Romae
350 2739 499 2778 editum
520 2742 569 2779 ab
585 2742 642 2781 Ill.
658 2743 784 2780 Leone
798 2742 955 2793 Annio,
970 2741 1047 2780 hoc
1062 2743 1196 2782 titulo:
1217 2746 1282 2782 De
1306 2750 1450 2781 octava
1465 2757 1558 2794 syn-

114 2789 189 2828 odo
209 2791 426 2832 Photiana.
