1820 3112
208 177 275 223 46
543 174 546 177 ’
626 172 863 219 GEORGII
895 170 1248 216 PACHYMERIS

210 289 401 350 ροτονίας
427 285 564 342 τάξιν,
603 286 698 330 ἀλλ’
721 285 817 330 οὐδ’
839 284 968 341 αὐτὴν
989 284 1063 340 τὴν
1082 288 1156 328 τοῦ
1174 280 1387 341 βήματος,
1423 281 1481 335 ὧς
1492 284 1671 329 «atm-

210 357 389 403 δυνεύειν
418 357 486 401 διὰ
513 360 646 400 ταῦτα
670 358 963 412 παροραθῆναι
982 353 1057 408 τὴν
1077 354 1238 397 ἐκείνων
1259 352 1410 410 ἀκριβῆ
1428 349 1673 410 παρατήρη-

210 444 290 472 σιν.
361 427 524 476 ἐκείνοις
559 425 639 481 γὰρ
667 420 718 479 ἦν
746 422 768 467 ὃ
799 422 951 472 σκοπὸς
987 421 1148 479 ἀπερεῖν
1173 426 1378 477 κληρικοΐς
1400 421 1459 477 μὴ
1486 427 1675 477 παρεῖναι

208 495 315 551 μηδ’
348 494 447 550 ὄψιν
472 491 748 550 ,προσβάλλειν
777 498 864 541 τοῖς
891 490 1167 545 τελουμένοις,
1205 489 1281 533 κᾶν
1307 488 1421 558 ᾷστις
1442 491 1510 532 καὶ
1527 490 1610 546 εἷἠ·
1645 486 1674 544 ἦ

211 564 257 607 ‹5'
290 561 442 620 ἀνάγκη
467 566 550 606 τῶν
576 560 868 617 πραττομένων
880 592 892 612 ,
926 556 981 609 ὥς
999 558 1205 603 εὖοδοῒντο
1226 558 1278 601 τὰ
1296 562 1370 614 τῆς
1386 561 1549 613 τελετῆς
1566 555 1708 613 dnn-5

207 632 321 689 γέπη,
345 632 415 674 ἵνα
436 636 518 674 τῶν
539 635 614 673 τοῦ
635 627 786 685 κλήρου
806 632 1142 684 προσληφθῆναι,
1163 628 1229 670 καὶ
1247 627 1289 670 ἓν
1308 626 1451 677 αὐτοῖς
1467 633 1555 677 τοΐς
1572 623 1678 670 ἀδύ-

157 709 189 742 Β
213 718 299 751 τοις
327 700 374 743 τὸ
403 699 615 755 μέγιστον,
653 698 724 741 τὸν
757 698 1046 753 ἐκκλησιίιρχον
1070 695 1250 749 ἔπειθεν,
1286 694 1356 752 ἔφ’
1379 689 1414 755 ᾧ
1431 698 1679 751 ξυνεπιλαμ-

211 767 350 824 βάνειν
372 769 487 825 σφίσι
511 769 578 809 καὶ
598 763 832 822 πράττοντα
853 767 919 808 καὶ
940 762 1202 808 διδάσκοντα.
1274 765 1340 807 καὶ
1359 762 1469 807 οὕτω
1483 764 1558 819 μὲν
1577 763 1678 806 ἐκεί-

210 855 297 887 νοις
328 837 513 892 ἀποχρῆν
540 836 602 877 ἐπὶ
632 839 705 878 τοῦ
734 830 938 889 παρόντος
965 831 1093 876 ἐδόκει
1103 865 1117 886 ,
1154 834 1188 876 εἲ
1205 829 1467 889 παραβάντες
1487 831 1535 876 τὸ
1554 831 1680 887 μέρος

211 907 260 949 τὸ
290 903 476 948 καθόλου
502 901 861 961 διαφυλάττοιντο.
932 902 970 944 οἱ
1002 903 1046 944 δὲ
1075 905 1151 944 τοῦ
1184 898 1336 957 κλήρου
1365 905 1440 956 τῆς
1467 901 1734 956 ἔκκλησιάς10

213 975 286 1030 μέν
307 974 354 1017 τὸ
374 970 568 1026 παράπαν
598 973 859 1022 ἒξεκλείοντο,
896 968 1000 1012 ὅπου
1020 986 1063 1027 γε
1084 970 1150 1012 καὶ
1173 969 1299 1019 αὐτὸς
1321 967 1342 1012 ὅ
1362 969 1488 1024 μέγας
1506 969 1680 1025 λογοθὲ-

214 1059 315 1098 της,
357 1040 533 1096 μηδενὸς
564 1037 813 1091 κωλύοντος,
852 1037 946 1080 ἀλλ’
972 1036 1098 1088 αὐτός
1129 1054 1171 1094 γε
1201 1038 1348 1093 κρίνων
1376 1037 1451 1092 τὴν
1476 1036 1680 1080 ἀπουσίαν

216 1109 367 1153 ἑαυτοῦ
393 1109 510 1160 ἀξίαν
533 1116 618 1158 τοῖς
636 1108 915 1160 τελουμένοις,
951 1104 1163 1162 μακρόθεν
1190 1106 1486 1161 ἓπεζυγωμένης
1506 1110 1581 1160 τῆς
1601 1103 1683 1149 πύ-

217 1182 293 1233 λης
321 1175 535 1231 ἱστάμενος
567 1174 685 1230 μόλις
711 1174 820 1232 ἑώρα
852 1176 918 1217 καὶ
951 1166 1019 1233 τῷ
1038 1173 1329 1233 ὗπεσταλμένῳ
1357 1178 1432 1217 τοῦ
1466 1173 1603 1230 ἤθους
1631 1173 1680 1217 τὸ

169 1261 200 1294 c
224 1244 389 1296 ἀνάξιον
417 1247 674 1301 παρεδείκνυ·
711 1242 794 1286 ἅνω
820 1243 868 1286 δέ
886 1260 965 1286 που
985 1247 1068 1286 τῶν
1094 1243 1443 1298 κατηχουμενείων
1462 1239 1679 1299 παραβυό-
1693 1243 1737 1279 15

220 1332 334 1370 μενοι
364 1313 546 1368 ὀπτῆρας
578 1312 684 1368 εἶχον
713 1316 789 1355 τοῦ
819 1312 877 1366 μὴ
908 1309 1154 1366 παρακόψαι
1179 1310 1284 1366 μηδ’
1310 1312 1408 1353 ἰδεῖν
1427 1309 1481 1354 τὰ
1498 1308 1683 1368 πραττό-

220 1401 338 1439 μενα,
377 1380 433 1432 ὥς
450 1383 639 1425 ἐντεῦθεν
658 1380 1005 1437 κωλυθησομένου
1025 1381 1154 1436 δῆθεν
1171 1383 1248 1423 τοῦ
1261 1378 1319 1436 μὴ
1338 1379 1566 1436 δυναμένου
1582 1377 1683 1424 :ines-

221 1580 428 1619 celebraturi
457 1585 704 1624 convenerant,
740 1579 891 1616 ordinem
911 1579 1118 1626 ignorabant
1138 1579 1301 1616 funditus.
1346 1578 1407 1616 sed
1429 1592 1473 1616 ne
1492 1578 1584 1616 sacri
1603 1580 1683 1627 qui·
1727 1577 1735 1582 ”

218 1631 295 1664 dem
326 1629 445 1663 altaris
479 1625 520 1662 ac
552 1628 655 1662 divini
686 1628 846 1662 sacrificii
867 1627 994 1661 functio
1017 1640 1083 1673 quo
1106 1633 1207 1672 pacto
1231 1632 1465 1671 exerceretur,
1499 1627 1683 1670 tenebant3

217 1679 259 1710 ut
282 1678 464 1720 propterea
486 1674 669 1718 periculum
693 1677 785 1708 esset
807 1685 850 1707 ne
872 1673 1105 1718 despiceretur
1129 1677 1164 1707 et
1187 1676 1226 1707 ut
1247 1676 1468 1719 praepostere
1490 1672 1610 1708 sedula
1629 1673 1685 1714 lu,-

217 1720 331 1755 dibrio
356 1724 448 1754 esset
469 1719 528 1753 illa
551 1719 720 1765 exquisita
743 1718 957 1761 observatio,
987 1719 1113 1765 quippe
1136 1718 1232 1753 cuius
1255 1718 1514 1754 accuratissima
1536 1717 1685 1763 diligen-

217 1766 268 1800 tia
292 1777 335 1800 ne
356 1766 392 1800 id
415 1765 546 1811 quidem
571 1770 725 1808 teneret,
757 1765 830 1799 sine
852 1776 918 1810 quo
940 1765 1038 1799 irrita
1068 1765 1143 1798 iure
1166 1764 1296 1798 censeri
1310 1768 1456 1844 (posset,
1487 1775 1587 1810 quam
1609 1774 1684 1798 mo—

215 1812 399 1855 liebantur,
423 1811 598 1846 ordinatio.
642 1810 774 1845 illorum
797 1814 911 1845 autem
933 1811 1092 1845 obnixum
1116 1810 1264 1844 stutlium
1287 1822 1307 1844 a
1353 1821 1430 1844 eum
1448 1821 1586 1856 scopum
1606 1812 1686 1844 ten-

217 1858 343 1899 debat,
368 1861 407 1891 ut
429 1857 546 1891 clerici
569 1861 769 1892 arcerentur
791 1868 811 1891 a
836 1867 936 1892 sacra
957 1856 1017 1891 illa
1040 1855 1247 1899 ceremonia,
1271 1867 1313 1890 ac
1334 1867 1378 1890 ne
1401 1856 1516 1902 quivis
1535 1855 1683 1898 illorum,

216 1907 512 1949 quantaecumque
544 1902 669 1949 alioqui
704 1902 899 1948 dignitatis,
933 1902 988 1936 vel
1010 1902 1084 1936 visu
1106 1902 1224 1947 procul
1246 1913 1412 1947 usurpare
1433 1901 1617 1948 quidquam
1640 1912 1684 1936 ea.

218 1949 400 1984 occasione
433 1948 656 1993 gerendorum
689 1951 816 1994 posset.
864 1948 979 1993 coegit
1011 1951 1126 1982 tamen
1153 1959 1212 1982 eos
1239 1959 1334 1982 mera
1355 1947 1541 1982 necessitas
1561 1947 1685 1982 defun-

220 1994 325 2040 gendi
358 2001 531 2040 utcunque
561 1994 736 2029 ministerii
766 1994 928 2028 adhibere
950 2005 1051 2028 unum
1075 1993 1194 2028 saltem
1216 1993 1362 2040 aliquem
1385 2006 1405 2029 e
1427 1994 1519 2028 clero
1541 1999 1687 2036 gnarum
1719 2030 1722 2035 Α

220 2039 350 2074 ordinis
372 2051 568 2080 sacrorum,
600 2040 696 2074 cuius
718 2040 822 2074 ductu
845 2039 1084 2086 admonituque
1107 2043 1328 2084 regerentur,
1360 2038 1560 2086 praesertim
1581 2039 1619 2074 in
1642 2050 1686 2074 ea

219 2090 321 2131 parte
344 2097 431 2130 quae
456 2086 640 2131 praecipua
663 2085 913 2132 primariisque,
946 2086 1006 2120 sed
1031 2085 1147 2120 eadem
1171 2087 1304 2120 arcanis
1327 2090 1364 2121 et
1386 2085 1549 2132 perplexe
1571 2084 1687 2119 multi-

223 2130 370 2177 plicibus
392 2134 550 2165 constans
572 2132 694 2166 ritibus
716 2132 807 2166 intra
829 2132 905 2177 ipsa
927 2132 1061 2177 penitus
1084 2131 1198 2176 agitur
1221 2131 1338 2177 adyta.
1382 2131 1602 2167 adsciverunt
1617 2129 1686 2175 igi-f

222 2182 282 2210 tur
313 2176 592 2219 ecclesiarchum‚
625 2177 685 2222 qui
716 2177 841 2223 partim
871 2177 946 2222 ipse
967 2179 1101 2212 faceret
1123 2177 1246 2223 partim
1268 2177 1354 2222 ipsis
1375 2179 1578 2222 suggereret
1597 2186 1687 2221 quae

222 2233 339 2267 quove
369 2226 471 2267 pacto
501 2223 555 2256 sas
586 2228 662 2257 erat
690 2224 752 2258 tali
783 2223 962 2258 occasione
990 2223 1080 2258 fieri.
1126 2235 1168 2257 ac
1191 2223 1299 2258 sicin
1322 2228 1485 2268 praesens
1505 2221 1572 2256 sibi
1600 2220 1687 2255 satis

222 2271 360 2301 cautum
389 2270 613 2313 putaverunt,
648 2272 688 2302 ut
721 2269 845 2303 omissa
873 2269 955 2304 licet
985 2274 1086 2314 parte
1106 2271 1341 2304 consuetarum
1363 2265 1685 2304 circumstantiarum

221 2313 395 2358 negotium
417 2317 530 2347 tamen
550 2313 661 2358 ipsum
681 2315 901 2356 subsisteret,
934 2320 1097 2361 quantum
1129 2315 1172 2349 ad
1201 2318 1310 2349 ratam
1333 2313 1572 2348 auctoritatem
1593 2315 1687 2346 esset

222 2359 320 2394 satis.
367 2370 482 2393 omnes
504 2369 608 2402 ergo,
641 2363 779 2405 practer
811 2371 930 2401 unum,
963 2360 1080 2396 clerici
1110 2371 1250 2406 prorsus
1279 2359 1406 2393 exclusi
1435 2358 1561 2404 templo
1593 2362 1686 2401 sunt,

223 2404 304 2438 dum
326 2403 363 2437 in
386 2416 426 2438 eo
450 2404 647 2449 patriarcha
670 2406 949 2447 consecrabatur,
981 2406 1116 2451 quando
1148 2409 1184 2440 et
1211 2404 1408 2440 modestiam
1430 2408 1603 2438 ostentare
1625 2402 1686 2437 mi-

222 2461 296 2485 ram
321 2449 496 2494 logotheta
518 2449 593 2494 ipse
614 2461 755 2494 magnus
779 2449 974 2492 affectavit,
1008 2451 1086 2485 dum
1109 2450 1240 2485 nemine
1270 2450 1352 2484 licet
1375 2449 1469 2485 aedis
1491 2460 1611 2484 sacrae
1633 2449 1687 2483 in-

222 2506 378 2540 gressum
399 2495 612 2540 prohibente,
636 2496 726 2530 ultro
749 2496 842 2530 velut
864 2506 902 2529 se
925 2495 1094 2540 indignum
1118 2495 1321 2531 admissione
1340 2495 1375 2529 in
1399 2494 1488 2531 sacri
1510 2494 1687 2528 conscien-

222 2540 306 2575 tiam
330 2546 493 2586 reputans
516 2547 614 2575 extra
637 2541 755 2586 procul
777 2541 893 2583 stetit,
927 2553 970 2575 ex
993 2542 1134 2576 adverso
1164 2541 1282 2586 templi
1314 2541 1393 2575 ostii
1423 2540 1554 2575 foribus
1577 2540 1686 2574 obdu-

221 2586 289 2620 ctis
312 2586 431 2627 clausi‚
455 2586 609 2620 demissis
627 2587 728 2621 etiam
750 2586 785 2620 in
808 2589 931 2622 terram
953 2587 1057 2621 oculis
1082 2592 1117 2621 et
1139 2587 1256 2622 humili
1280 2587 1398 2630 babitu
1419 2585 1518 2632 quasi
1540 2597 1625 2632 prae
1647 2597 1686 2620 se

223 2633 339 2667 ferens
362 2643 548 2676 agnoscere
571 2643 609 2666 se
629 2632 706 2666 iure
727 2632 839 2667 arceri
861 2631 986 2677 quippe
1009 2632 1179 2676 indignum
1199 2645 1240 2667 ac
1263 2634 1461 2677 profanum,
1494 2635 1531 2666 et
1561 2631 1686 2666 iustam

223 2677 547 2712 animadversionem
578 2677 658 2712 boni
688 2678 871 2713 consulere.
920 2689 963 2711 ne
986 2678 1043 2723 qui
1067 2684 1179 2712 autem
1202 2678 1236 2711 in
1262 2678 1495 2723 superioribus
1524 2676 1685 2717 vestibuli

224 2724 338 2767 odeis,
369 2735 457 2769 quae
492 2723 764 2758 Catechumenea
798 2723 1020 2766 vocabantur,
1057 2724 1148 2758 forte
1178 2723 1416 2758 delitescentes
1438 2722 1572 2757 furtivis
1593 2722 1686 2756 illinc

225 2769 416 2804 delibarent
437 2770 614 2803 obtutuum
637 2769 843 2804 coniectibus
865 2779 954 2814 quae
976 2773 1056 2803 tunc
1079 2769 1114 2803 in
1134 2769 1258 2815 templo
1281 2771 1507 2814 gerebantur,
1540 2769 1685 2803 aderant

225 2814 285 2861 qui
307 2815 371 2850 hoc
392 2818 550 2852 vetarent
563 2817 798 2862 speculatores
819 2815 868 2852 ibi
888 2814 1003 2861 locati,
1026 2815 1190 2851 neminem
1213 2827 1276 2862 por
1300 2821 1412 2850 crates
1435 2819 1495 2851 aut
1516 2815 1685 2850 fenestras
