1858 3126
252 187 351 236 340
686 185 923 230 GEORGII
952 185 1307 231 PACHYMERIS

250 307 415 348 πολλῶν
445 300 652 359 ἐξέφερεν,
692 298 803 351 ὅπως
835 301 903 343 καὶ
936 298 1002 343 ὅτε
1032 301 1099 343 καὶ
1128 300 1171 343 τί
1196 300 1442 358 προσελθὼν
1486 300 1670 346 εἷ’πειενό
1701 305 1737 348 εἰ

251 371 354 416 πῶν.
424 370 525 421 τέως
546 371 591 413 δὲ
610 370 739 420 πολὺς
760 370 1052 427 προσετρίβετο
1077 370 1271 413 ἐντεῦθεν
1291 374 1462 425 μῶμος,
1511 364 1735 429 ἂμφοτέρω

251 447 327 485 θεν
347 438 761 495 ἄντιδιατεινομὲνων.
822 440 888 481 καὶ
911 439 979 481 διὰ
999 443 1132 482 ταῦτα
1150 438 1406 496 πατριάρχης
1428 441 1567 490 δεινῶς
1585 439 1730 497 ὕβριο-

251 514 404 554 παθῶν
425 504 499 565 ἦν,
539 510 607 552 καὶ
629 507 723 551 οὕτε
740 507 914 563 βασιλέα
937 507 1262 564 προσαπεδὲχετο
1290 512 1482 551 κινοῦντα
1500 509 1572 552 τὸν
1594 506 1728 565 λόγον,

203 586 232 620 Β
257 579 363 623 ἀλλὰ
383 581 449 622 καὶ
471 582 530 637 τῷ
559 575 732 634 πρώτως
754 574 906 620 εἶπόντι
935 581 1070 626 κακῶς
1095 575 1172 632 εἶχε
1185 610 1198 630 ,
1236 579 1302 620 καὶ
1321 575 1497 620 συνόδου
1517 575 1730 632 ἔζήτειὲκ-

256 650 440 705 δι’κησιν,
480 649 514 690 εἲ
535 644 737 690 πιστεύειν
764 646 924 689 θέλοιεν
953 644 1008 695 ὥς
1034 648 1101 688 καὶ
1124 646 1243 690 αὐτοὶ
1268 647 1548 703 συκοφαντίαν
1570 646 1642 690 τὸν
1660 644 1732 690 λό-

252 736 348 775 γον,
389 715 444 767 ὥς
461 716 645 773 λέγουσι,
682 716 879 772 κρίνουσι.
951 719 1010 774 τῷ
1029 733 1090 759 τοι
1111 717 1177 758 καὶ
1195 719 1254 774 τῷ
1274 715 1349 770 μέν
1368 717 1499 771 ζητεῖν
1528 713 1732 772 πατριάρ-

249 805 329 843 χην
351 787 488 829 δίκαια
526 782 754 839 ξύμπαντες
786 781 1025 841 ὡμολόγουν
1037 817 1051 837 ,
1098 784 1201 841 πρὸς
1221 785 1266 827 δὲ
1287 785 1333 828 τό
1361 782 1641 838 καταδικάζειν
1659 785 1732 828 τὸν

251 856 425 907 λέξαντοι
459 856 911 912 ὃιαμφιγνωμονοῦντες
937 849 1067 908 ἦσαν·
1104 854 1210 909 μηδὲ
1232 853 1310 911 γὰρ
1342 853 1526 897 κάκεῖνον
1551 850 1732 897 αὖτόθεν

253 926 426 982 ἐκφῆναι
449 923 521 966 τὸν
544 921 691 980 λόγον,
728 924 815 978 μηδ
823 922 836 938 '
858 920 918 973 ὥς
939 924 1186 979 κατηγορίαν
1206 927 1443 976 συνθεῖναι,
1482 922 1590 966 ἀλλὰ
1605 927 1730 977 βασι·

251 998 317 1037 λεΐ
342 997 580 1045 πιστεῦσαι,
626 990 730 1035 ὥστε
759 998 891 1046 μεῖναι
919 993 987 1034 καὶ
1018 993 1059 1034 ἐν
1090 990 1340 1049 ἀπορρήτοις
1361 992 1538 1035 οἴεσθαι.
1610 990 1664 1043 ὥς
1686 994 1732 1035 δὲ

253 1060 451 1112 πολλάκις
469 1060 490 1105 ὅ
512 1062 586 1117 μὲν
604 1058 861 1117 πατριάρχης
878 1065 1074 1103 συνιστᾶν
1084 1059 1337 1115 βουλόμενος
1355 1058 1531 1104 σύνοδον
1549 1061 1613 1103 ἐπὶ
1631 1059 1732 1104 τού-

204 1140 234 1173 C
257 1149 344 1182 τοις
365 1132 463 1182 τούς
482 1130 679 1188 ἀρχιερεῖς
699 1129 976 1184 μετεπέμπετο
991 1163 1004 1183 ,
1041 1130 1183 1172 ἐκεῖνοι
1208 1130 1252 1173 δὲ
1271 1130 1310 1173 οἶ
1329 1131 1403 1184 μὲν
1422 1127 1645 1186 συνήγοντο
1663 1132 1731 1173 καὶ

253 1202 406 1256 ἕτοιμοι
429 1196 535 1256 ἦσαν
559 1206 691 1253 κρῖναι
713 1200 780 1242 καὶ
800 1197 1081 1251 καταδικάζειν
1103 1198 1176 1242 τὸν
1196 1196 1379 1256 φάμενον
1402 1197 1458 1249 ὥς
1488 1198 1563 1242 οὐκ
1581 1198 1730 1255 εὔσχη-

251 1288 331 1325 μον
359 1269 405 1313 ὂν
437 1268 532 1312 οὐδ’
566 1269 701 1319 ἄλλως
733 1267 927 1326 εὐπρεπὲς
955 1268 1059 1326 πρὸς
1093 1268 1267 1323 βασιλέα
1296 1269 1422 1325 λέγειν
1452 1272 1653 1322 τοιαῦτα,
1691 1269 1730 1311 οἱ

251 1381 313 1414 bat
335 1390 399 1425 per
422 1390 460 1413 se
484 1377 558 1424 ipse
582 1377 823 1420 confluxisset,
855 1387 958 1411 causa
981 1375 1046 1411 suit
1069 1376 1262 1420 diligentius
1283 1378 1503 1413 asseverandi
1529 1377 1732 1413 delationem

253 1426 299 1461 ad
322 1437 360 1460 se
382 1426 522 1466 factam,
547 1436 658 1470 eoque
680 1424 788 1468 magis
810 1435 851 1459 ac
873 1424 980 1467 magis
1003 1423 1198 1467 divulgandi
1221 1425 1312 1469 quod
1335 1423 1434 1459 enixe
1455 1425 1489 1458 in
1513 1436 1637 1459 arcano
1661 1436 1732 1459 ma-

255 1483 338 1506 nere
361 1472 553 1513 studuerat,
573 1470 651 1504 dum
674 1470 808 1504 scilicet
830 1470 942 1503 multis
965 1469 1097 1504 solicite
1117 1469 1276 1512 inculcat,
1300 1470 1388 1516 quis,
1411 1471 1559 1516 quando,
1582 1482 1651 1516 qua
1674 1481 1731 1504 ra-

254 1518 347 1552 tione
372 1518 416 1551 ad
439 1529 477 1551 se
500 1517 668 1551 accedens
690 1516 774 1550 illud
798 1516 1017 1562 patriarchae
1049 1515 1176 1550 crimen
1199 1516 1380 1560 detulerit3
1414 1528 1455 1551 ac
1477 1517 1606 1551 scilicet
1630 1517 1730 1561 Sely-

253 1564 424 1599 briensem
447 1563 633 1597 delatorem
667 1562 820 1607 graviter
843 1563 1023 1604 incusans,
1058 1562 1115 1608 qui
1146 1562 1295 1597 vicissim
1319 1563 1397 1597 dum
1421 1575 1459 1597 se
1483 1563 1574 1608 apud
1597 1564 1731 1608 pleros-

252 1621 320 1656 que
344 1620 492 1655 purgare
515 1609 663 1653 satagit,
695 1611 876 1653 postquam
911 1613 986 1642 erat
1017 1612 1229 1642 contestatus
1260 1610 1349 1643 bono
1384 1620 1423 1643 se
1454 1609 1564 1643 animo
1597 1612 1634 1642 et
1657 1609 1731 1642 sine

253 1656 322 1690 ulla
347 1655 569 1689 calumniandi
593 1654 768 1689 voluntate
793 1655 946 1698 Augusto
970 1654 1033 1687 sub
1057 1654 1127 1688 fide
1149 1655 1265 1688 arcani
1288 1655 1482 1689 declarasse
1504 1654 1595 1700 quod
1618 1654 1730 1700 ipsum

256 1714 324 1736 non
356 1702 465 1736 latere
489 1701 625 1747 publice
645 1700 813 1734 interesse
835 1704 1030 1745 putaverat,
1054 1701 1255 1746 erumpebat
1276 1700 1312 1734 in
1325 1706 1484 1735 mutuam
1501 1700 1732 1746 vituperatio-

254 1760 330 1782 nem
340 1748 457 1793 ipsius,
471 1746 698 1793 quividelicet
712 1746 837 1780 secreti
849 1745 1011 1790 religione
1019 1746 1144 1780 violata
1154 1757 1225 1780 rem
1237 1746 1322 1780 clam
1332 1747 1479 1782 auditam
1495 1747 1607 1792 palam
1623 1758 1730 1781 enun-

251 1795 386 1829 tiasset.
432 1805 494 1840 per
525 1793 588 1827 has
619 1793 852 1827 contentiones
883 1792 986 1826 latius
1020 1803 1175 1837 sparsum
1207 1804 1361 1827 sermone
1397 1793 1635 1828 celebrabatur
1666 1804 1731 1838 pa—

253 1840 424 1875 triarchae
449 1839 596 1881 crimen,
619 1850 685 1873 non
708 1839 781 1874 siue
804 1838 905 1882 gravi
939 1838 1012 1872 eius
1035 1837 1194 1881 infamia;
1225 1851 1293 1884 qua
1316 1839 1372 1874 ille
1395 1840 1522 1874 acriter
1545 1842 1731 1874 commotus

253 1899 318 1922 nec
341 1887 554 1932 imperatoris
577 1885 830 1919 excusationem
853 1884 1064 1927 admittebat,
1088 1890 1241 1919 coactum
1264 1897 1302 1919 se
1334 1885 1457 1920 aientis
1479 1886 1524 1920 ad
1547 1886 1730 1931 proferen-

253 1933 331 1967 dum
357 1932 446 1978 quod
480 1937 599 1966 tenere
622 1932 790 1966 occultum
823 1930 1015 1972 debuisset,
1046 1934 1083 1965 et
1113 1931 1148 1965 in
1179 1943 1254 1966 eum
1285 1931 1430 1966 maxime
1458 1932 1519 1978 qui
1550 1931 1671 1966 falsam
1695 1930 1730 1965 ei

255 1979 455 2013 calumniam
478 1978 607 2024 primus
629 1977 814 2012 indicasset
835 1976 964 2011 infenso
985 1981 1065 2011 >erat
1088 1976 1208 2020 animo,
1236 1978 1474 2025 vindicarique
1495 1978 1606 2013 scelus
1629 1977 1730 2012 huius

254 2036 376 2059 severo
400 2024 524 2070 synodi
546 2024 673 2058 iudicio
697 2024 881 2069 poscebat;
902 2024 1131 2069 utebaturque
1149 2024 1192 2058 ad
1211 2029 1307 2059 tanto
1324 2025 1499 2059 efficacius
1518 2024 1555 2059 id
1571 2023 1729 2060 iudicium

253 2070 440 2114 urgendum
458 2070 669 2116 professione
692 2070 758 2104 sibi
780 2071 875 2104 sacta
900 2072 1079 2104 multorum
1104 2082 1124 2104 e
1147 2071 1316 2116 patribus,
1338 2071 1531 2116 singillatim
1553 2070 1728 2105 affirman—

255 2116 339 2150 tium
361 2128 426 2150 non
451 2116 607 2151 dubitare
630 2128 667 2151 se
690 2116 773 2162 quin
795 2117 914 2150 falsum
947 2121 982 2150 et
1014 2116 1216 2150 calumniose
1238 2118 1390 2152 affictum
1414 2121 1523 2152 totum
1546 2116 1581 2150 id
1603 2115 1728 2150 crimen

256 2165 368 2203 esset3
391 2163 480 2207 quod
507 2163 565 2207 qui
588 2162 751 2205 dicerent,
775 2174 834 2196 eos
858 2163 1053 2208 patriarcha
1077 2163 1306 2198 contendebat
1327 2175 1445 2198 sensus
1467 2162 1566 2197 istius
1589 2161 1642 2197 sui
1665 2172 1728 2195 ve·-

256 2208 395 2242 ritatem
419 2208 544 2242 debere
567 2209 702 2243 sancire
734 2209 922 2254 puniendo,
956 2214 994 2242 ut
1027 2210 1243 2253 merebatur,
1275 2210 1333 2244 illo
1371 2209 1430 2255 qui
1454 2213 1582 2243 temere
1604 2206 1728 2252 primus

258 2254 440 2288 effutiisset
463 2254 499 2287 id
524 2254 613 2299 quod
637 2254 703 2300 ipsi
726 2255 807 2289 nihil
830 2255 921 2289 aliud
951 2266 1052 2300 quam
1082 2258 1181 2290 atrox
1203 2255 1484 2300 falsissimumque
1513 2252 1728 2287 maledictum

255 2311 333 2334 esse
355 2299 556 2333 iudicarent.
605 2311 646 2334 ac
669 2301 759 2335 iuste
793 2301 927 2346 quidem
962 2302 1164 2336 commoveri
1185 2302 1413 2347 patriarcham
1437 2303 1473 2334 et
1498 2310 1580 2333 suae
1602 2299 1727 2332 samam

255 2345 469 2379 innocentiae
491 2345 664 2390 suffragiis
687 2347 807 2390 synodi
832 2347 977 2381 stabiliri
1000 2347 1087 2381 velle
1110 2359 1175 2381 non
1197 2347 1362 2381 immerito
1386 2346 1582 2380 fatebantur
1603 2344 1728 2390 passim

257 2402 389 2425 omnes:
421 2390 596 2433 damnari,
621 2397 723 2436 prout
747 2393 907 2437 petebat,
940 2393 1125 2438 poenisque
1147 2393 1268 2427 subiici
1291 2393 1434 2438 primum
1457 2390 1728 2425 denuntiatorem

255 2436 338 2472 salsi
361 2436 443 2470 licet
466 2436 538 2470 eius
562 2437 729 2479 criminis,
753 2438 1013 2483 haudquaquam
1037 2450 1150 2472 omnes
1172 2439 1247 2483 pari
1270 2448 1433 2472 consensu
1460 2437 1645 2471 censebant
1667 2449 1728 2471 ae—

255 2494 368 2530 quum.
419 2488 518 2517 erant
541 2482 628 2516 enim
652 2483 709 2528 qui
732 2494 826 2516 reum
849 2483 950 2518 venia
976 2485 1244 2529 prosequendum
1275 2483 1538 2525 contenderent,
1571 2482 1728 2528 quoniam

258 2540 325 2564 non
346 2528 420 2574 ipse
443 2541 464 2562 a
487 2540 526 2562 se
548 2532 718 2574 tamquam
742 2529 806 2562 sibi
831 2535 1037 2574 compertum
1070 2530 1287 2575 patriarchae
1317 2529 1475 2563 delictum
1504 2529 1631 2575 primus
1664 2539 1728 2563 au-

259 2580 334 2610 ctor
357 2574 548 2617 detulisset,
570 2586 679 2619 neque
700 2575 772 2608 eius
804 2575 1053 2609 accusationem
1076 2575 1299 2618 instituisset,
1327 2575 1388 2610 sed
1412 2587 1484 2610 rem
1510 2586 1635 2610 arcano
1661 2574 1728 2610 sibi

258 2619 430 2665 cognitam
462 2620 660 2665 imperatori
689 2619 911 2662 credidisset,
940 2622 1003 2654 sub
1031 2620 1090 2655 fidi
1120 2621 1244 2655 silentii
1277 2621 1433 2666 custodia
1453 2621 1655 2662 tenendam,
1687 2623 1728 2655 ut

259 2667 395 2713 quidem
425 2666 654 2700 existimabat.
701 2677 775 2700 cum
812 2670 925 2700 autem
956 2666 1060 2700 nihilo
1091 2666 1202 2701 secius
1234 2667 1432 2712 patriarcha
1459 2668 1670 2702 incumberet
1690 2666 1727 2700 in

258 2712 471 2759 propositum
503 2711 675 2757 synodalis
704 2711 824 2746 iudicii
853 2713 1020 2746 adversus
1044 2713 1294 2757 Selybriensem
1315 2713 1482 2758 urgendi,
1505 2715 1727 2747 convocaret-

260 2771 328 2804 que
354 2758 492 2805 saepius
517 2770 559 2793 ea
582 2758 625 2792 de
648 2769 751 2792 causa
774 2758 938 2802 synodum
962 2761 998 2792 et
1019 2759 1212 2793 nominatim
1235 2759 1412 2805 episcopos
1435 2763 1639 2801 accerseret,
1662 2758 1726 2792 ho-

256 2816 332 2838 rum
355 2805 458 2850 aliqui
480 2804 743 2848 conveniebant,
772 2810 1014 2850 promptosque
1048 2817 1086 2839 se
1110 2806 1319 2850 praebebant
1341 2805 1384 2840 ad
1405 2806 1619 2840 iudicandum
1643 2814 1725 2838 con-

257 2851 547 2898 demnandumque
568 2850 799 2894 Hilarinum,
834 2851 925 2897 quod
949 2854 1067 2887 contra
1090 2863 1189 2898 quam
1214 2852 1416 2887 conveniens
1438 2863 1480 2887 ac
1503 2851 1628 2887 decens
1648 2850 1724 2885 fue-

1740 590 1762 625 5

1744 938 1787 972 10

1743 1278 1785 1314 15
