1858 3126
227 152 324 199 318
648 153 886 198 GEORGII
920 155 1272 202 PACHYMERIS

225 265 425 311 τόπισθεν
453 265 806 321 κατασχεθέντων.
878 268 1013 326 γε’γονε
1040 275 1199 325 ταῦτα,
1236 274 1304 315 καὶ
1336 274 1430 331 περί
1455 291 1534 318 που
1557 276 1698 331 ψυχὰς

225 334 394 388 ἑκατόν,
434 333 489 385 ὥς
510 333 535 390 ἡ
560 336 695 387 πίστις
716 335 819 392 εἶχε,
856 339 1006 394 συνέβη
1032 341 1302 385 κινδυνεῦσαι.
1373 342 1493 386 αὐτοὶ
1513 345 1558 387 δὲ
1577 343 1698 398 μόλις

224 407 291 448 καὶ
322 402 587 455 ἀσυντάκτως
613 403 858 458 σπεύδοντες
883 408 958 464 τὴν
976 408 1201 467 Πέργαμον
1228 409 1441 466 αὖτονυχεὶ
1460 412 1503 455 ἐν
1520 414 1695 473 πλείστῳ

221 472 334 533 πόνῳ
359 471 764 528 καταλαμβάνουσιν.

170 555 200 590 c
365 544 444 589 21.
493 541 597 586 ςΥπὸ
617 544 757 599 μέντοι
771 546 912 601 χρείας
930 548 996 589 καὶ
1014 551 1151 591 κακῶν
1169 547 1247 591 ὅσα
1265 554 1353 599 τοῖς
1371 547 1562 606 ἀνωτέρω
1581 553 1728 607 Περ-5

218 609 352 669 γάμου
377 613 572 670 ἐφίστατο
596 613 745 670 ἀνέδην
763 613 961 658 ἐπιόντων
980 618 1096 673 σφίσι
1118 621 1316 674 Περσῶν,
1354 618 1489 669 οὐδεὶς
1516 614 1566 674 ἦν
1595 620 1697 663 ἐκεί-

219 699 301 725 νων
338 680 449 732 Saue,-
481 681 636 733 εὔελπις
663 684 726 726 ἐπὶ
754 691 841 733 τοῖς
859 686 977 735 ἰδίοις
997 690 1213 740 καθῆστο,
1252 685 1348 729 ἀλλ’
1371 687 1500 738 εὐθὺς
1518 686 1696 746 ἀνάγκης

219 749 490 807 ἐπιπεσούσης
523 750 742 810 ἀπάρσεως
769 754 993 811 ἐμέμνηντο
1026 753 1195 809 πάντες,
1235 756 1366 811 οἱμὲν
1384 756 1502 814 μέχρι
1528 759 1595 800 καὶ
1617 757 1694 801 αὗ-

219 825 295 877 τῆς
313 820 538 878 Περγάμου
568 823 635 864 καὶ
664 823 864 879 ἐνδοτέρω
885 825 980 880 περί
999 842 1078 868 που
1105 825 1181 879 τὴν
1200 829 1276 868 τοῦ
1290 825 1565 882 Ἀτραμυτίου
1579 829 1694 884 περί-

215 907 374 947 χωρον,
424 890 464 933 οἳ
493 891 538 933 δὲ
567 892 634 934 καὶ
661 892 776 949 ἔγγὺς
799 891 1019 949 θαλάσσης
1043 896 1133 951 περὶ
1159 894 1234 949 τὴν
1264 892 1538 949 Λάμψακον·
1583 895 1624 938 οἱ
1649 896 1695 939 δέ
1707 903 1750 938 10

165 969 198 1004 D
222 961 382 1010 πλείους
401 959 475 1014 τὴν
495 959 760 1018 ἇντιπεραίαν
779 960 1102 1017 κατελάμβανον,
1141 961 1496 1019 διαπεραιούμενοι
1513 963 1586 1007 τὸν
1601 962 1695 1008 Ἑλ-

221 1027 468 1083 λήσποντον.
538 1029 656 1073 ἄλλοι
676 1032 720 1074 δὲ
738 1033 805 1074 καὶ
828 1032 1051 1089 περαιτέρω
1079 1031 1431 1088 προεληλύθεισαν
1457 1033 1525 1076 διὰ
1543 1033 1591 1077 τὸ
1614 1031 1695 1091 φό-

221 1103 314 1152 βοις
340 1103 664 1155 κατασεισθῆναι
691 1101 898 1157 μεγίστοις
923 1103 990 1144 καὶ
1019 1101 1094 1158 τὴν
1117 1100 1387 1159 ὗποστροφὴν
1423 1101 1695 1158 ἀπεγνωκέναι

221 1167 369 1212 τέλεον.
441 1169 508 1211 καὶ
531 1171 891 1225 προαπανίσταντο
915 1171 1070 1222 παντὸς
1097 1168 1283 1227 βράδους
1304 1173 1361 1221 εἷς
1378 1171 1564 1215 κίνδυνον
1586 1169 1693 1215 ὖπο-

219 1237 444 1293 νοουμένου
469 1239 591 1293 μείζω
617 1237 754 1295 πάσης
777 1239 1018 1297 ἀσφαλείας.
1088 1243 1155 1283 καὶ
1173 1240 1220 1283 τὸ
1239 1240 1464 1297 χείριστον,
1501 1239 1564 1283 ὅτι
1593 1240 1690 1291 τοὺς
1702 1247 1745 1283 15

217 1311 301 1358 τῶν
322 1306 665 1364 προαπαιρόντων
686 1310 804 1363 βίους
822 1309 861 1352 οἱ
879 1310 923 1352 ἐκ
943 1306 1130 1367 παρόδου
1150 1307 1560 1364 καταλαμβάνοντες,
1596 1307 1691 1353 dei·-

219 1393 329 1433 τεροι
352 1374 510 1420 τούτων
531 1379 586 1427 εἷς
605 1378 738 1435 φυγὴν
755 1375 1016 1435 τρεπόμενοι,
1053 1378 1172 1422 οὐδὲν
1202 1373 1328 1434 ἦττον
1354 1380 1420 1421 καὶ
1441 1376 1610 1436 ἀπόρως
1633 1377 1690 1422 εἶ-

73 1456 102 1490 Ρ
128 1457 196 1492 920
215 1463 292 1501 χον
330 1450 413 1490 τῶν
453 1446 567 1490 ἰδίων
602 1445 877 1505 στερούμενοι.
949 1450 1016 1491 καὶ
1043 1448 1091 1491 τὸ
1126 1452 1294 1506 πρᾶγμα
1325 1451 1522 1503 ποταμῶν
1552 1447 1688 1500 ἔδοξεν

213 1582 330 1615 mutua
353 1578 504 1613 detrusio
529 1591 571 1613 ac
598 1580 808 1615 conculcatio
831 1581 909 1616 neci
931 1581 1082 1623 dederit,
1116 1585 1177 1616 aut
1198 1586 1292 1616 retro
1314 1581 1475 1624 relictas,
1511 1580 1603 1626 quod
1626 1591 1687 1615 ae-

214 1637 323 1671 quare
346 1625 579 1660 festinantium
602 1626 766 1671 impetum
788 1627 988 1672 nequirent,
1021 1629 1232 1664 incurrentes
1265 1627 1404 1662 barbari
1426 1626 1582 1661 servituti
1604 1627 1687 1661 sub-

214 1672 373 1706 iecerint.
419 1673 594 1716 Augustus
617 1684 690 1706 cum
710 1673 779 1707 suis
802 1674 940 1719 reliquis
963 1673 1229 1708 concitatissimo
1254 1678 1290 1708 et
1311 1672 1547 1708 confusissimo
1571 1683 1686 1717 cursu,

213 1719 332 1753 labore
354 1718 515 1764 plurimo,
539 1719 597 1753 vix
620 1719 756 1753 tandem
779 1719 855 1764 ipsa
878 1724 979 1754 nocte
1001 1720 1202 1764 Pergamum
1223 1720 1346 1754 tenuit.

306 1767 364 1800 21.
411 1764 556 1799 Assidue
590 1764 698 1810 igitur
732 1766 965 1810 ingruentibus
998 1765 1092 1800 malis
1114 1777 1176 1811 per
1199 1766 1289 1800 nullo
1311 1766 1492 1800 iammetu
1517 1763 1685 1799 cohibitas

215 1811 426 1846 incursiones
451 1812 629 1846 Persarum
652 1813 688 1846 in
711 1823 824 1846 omnes
847 1812 1012 1856 Pergamo
1047 1812 1242 1857 superiores
1266 1811 1455 1846 Orientalis
1475 1809 1589 1845 limitis
1611 1815 1686 1845 tra-

219 1862 312 1901 ctus,
347 1869 443 1892 nemo
474 1857 545 1892 illic
570 1858 638 1892 suit
660 1858 719 1904 qui
743 1858 932 1893 confideret
953 1870 991 1892 se
1013 1863 1123 1893 tutum
1146 1858 1234 1893 domi
1257 1870 1340 1892 suae
1363 1869 1465 1903 posse
1487 1857 1686 1899 consistere,

217 1905 279 1938 sed
302 1916 418 1938 omnes
442 1904 608 1950 procincti
631 1905 676 1938 ad
698 1905 814 1950 fugam
837 1905 998 1948 stabant,
1032 1908 1068 1939 et
1090 1908 1130 1939 ut
1151 1905 1261 1950 prima
1285 1915 1441 1950 quaeque
1464 1914 1550 1937 aura
1571 1902 1687 1937 incre-

217 1954 340 1995 puerat
370 1951 588 1988 adventantis
613 1962 731 1985 manus
763 1951 916 1993 hostilis,
949 1951 1065 1986 statim
1088 1951 1218 1985 relictis
1238 1951 1368 1985 laribus
1392 1949 1554 1992 abibant,
1587 1960 1687 1984 rece-

217 1997 339 2031 dentes
362 1997 421 2031 alii
442 1997 645 2042 Pergamum
668 2003 729 2032 aut
751 1997 932 2032 interiores
954 2009 995 2032 eo
1018 2002 1132 2032 terras
1165 2009 1272 2043 usque
1294 1997 1339 2032 ad
1363 1995 1522 2031 viciniam
1545 1997 1686 2031 Atram-

217 2043 333 2086 myfii,
370 2043 506 2088 quidam
535 2049 571 2078 et
597 2055 706 2090 usque
729 2044 774 2078 ad
796 2055 891 2078 mare
920 2043 1010 2078 circa
1034 2044 1269 2090 Lampsacum.
1316 2046 1352 2078 at
1374 2042 1528 2088 plerique
1549 2041 1683 2076 omuino

218 2088 324 2122 diffisi
358 2090 544 2124 continenti
575 2090 610 2124 in
641 2091 818 2125 adversam
849 2090 1010 2136 Europae
1043 2102 1152 2134 oram,
1187 2091 1333 2125 traiecto
1363 2089 1606 2133 Hellesponto,
1639 2098 1684 2122 ex

216 2135 301 2169 Asia
333 2136 535 2170 transibant.
585 2138 665 2182 quin
696 2149 760 2171 nec
791 2137 841 2171 ibi
873 2137 929 2171 alii
952 2148 990 2170 se
1013 2148 1151 2172 securos
1177 2137 1247 2171 rati
1277 2134 1421 2171 ulterius
1468 2146 1579 2180 uoque
1602 2144 1684 2180 pro-

217 2186 411 2223 cesserunt,
449 2182 592 2218 maximo
623 2195 691 2229 quo
722 2183 942 2228 agitabantur
964 2190 1056 2218 metu
1079 2189 1274 2229 suspectum
1297 2182 1364 2216 illis
1386 2147 1551 2216 reddente
1573 2179 1684 2225 quod-

217 2238 360 2272 cumque
383 2232 564 2262 tenuerant
588 2229 789 2275 perfugium.
836 2241 900 2264 nec
922 2230 1123 2264 retardabat
1142 2234 1319 2275 respectus
1341 2227 1494 2274 patriae,
1523 2225 1558 2260 in
1579 2235 1682 2270 quam

215 2273 362 2307 reditum
389 2273 489 2318 plane
520 2275 797 2319 desperaverant.
842 2276 949 2311 fiebat
969 2281 1082 2311 autem
1104 2277 1172 2310 ista
1195 2277 1278 2320 fuga
1301 2271 1562 2309 concitatissima
1582 2270 1682 2304 festi-

215 2319 351 2354 natione
382 2331 523 2362 cursus‚
558 2321 602 2354 ad
633 2333 731 2367 quem
763 2322 876 2356 calcar
902 2323 1051 2357 addebat
1072 2323 1183 2367 imago
1204 2321 1353 2356 insidens
1376 2317 1518 2365 periculi
1539 2320 1576 2351 et
1595 2316 1682 2351 vici·-

214 2365 320 2400 nioris
354 2370 391 2399 et
424 2366 559 2400 maioris
586 2379 687 2412 quam
718 2372 757 2402 ut
790 2368 891 2402 ullam
926 2369 1132 2414 relinqueret
1162 2367 1295 2402 territis
1317 2362 1511 2399 securitatis
1532 2367 1678 2408 partem.

213 2415 290 2446 erat
323 2415 435 2446 autem
466 2412 689 2447 miserrimum
725 2414 976 2458 spectaculum,
1011 2415 1150 2456 videre,
1184 2425 1259 2447 cum
1290 2411 1349 2446 alii
1371 2414 1450 2455 post
1471 2409 1558 2444 alios
1578 2410 1679 2454 fuge-

212 2462 312 2502 rent,
335 2458 510 2492 incurrere
533 2458 664 2498 obiter,
688 2459 745 2512 qui
768 2460 937 2504 posterius
958 2460 1172 2501 transibant,
1192 2458 1235 2497 jn
1258 2458 1412 2492 desertas
1435 2467 1456 2490 a
1480 2455 1595 2502 primis
1615 2457 1680 2490 do-

212 2515 284 2538 mos
307 2505 439 2539 cunctis
462 2505 608 2538 refertas
632 2505 750 2546 bon1s3
786 2505 908 2549 quibus
932 2511 1046 2540 tamen
1069 2505 1137 2540 frui
1158 2504 1365 2550 nequibant,
1398 2502 1528 2536 extrusi
1557 2513 1679 2536 neces-

211 2551 317 2585 sitate
339 2550 492 2595 fugiendi
515 2555 551 2584 et
574 2551 718 2596 appulsu
741 2549 899 2584 continuo
924 2552 1063 2586 aliorum
1087 2550 1282 2584 diversoriis
1303 2550 1421 2583 iisdem
1445 2548 1611 2583 utentium
1634 2548 1679 2583 ad

210 2598 349 2632 brevem
384 2597 561 2631 dumtaxat
591 2597 761 2642 requiem,
803 2607 872 2640 qua
911 2597 1006 2631 vires
1037 2597 1222 2631 reficerent
1253 2595 1296 2630 ad
1326 2598 1443 2640 fugam
1474 2594 1679 2629 ulteriorem.

211 2655 280 2689 qua
312 2642 400 2678 enim
431 2643 637 2678 necessitate
670 2654 749 2677 suas
780 2641 875 2687 prius
905 2642 1022 2677 domos
1045 2646 1207 2687 congesta
1227 2642 1454 2676 redundantes
1477 2641 1575 2685 copia
1595 2641 1679 2675 reli-

212 2694 381 2735 querant,
417 2690 519 2725 etiam
536 2690 628 2724 *istas
651 2689 763 2724 obiter
794 2693 952 2734 repertas
974 2694 1011 2723 et
1031 2689 1164 2734 pariter
1194 2688 1379 2723 instructas
1402 2687 1594 2732 relinquere
1619 2698 1679 2721 co-

211 2737 404 2780 gebantur,
435 2736 525 2771 inter
549 2736 687 2770 divitias
709 2735 828 2781 inopes
853 2739 888 2768 et
909 2735 1047 2779 saepius
1070 2735 1208 2776 miseri,
1240 2734 1374 2780 quoties
1397 2733 1555 2768 videlicet
1577 2744 1678 2778 prae-

211 2783 365 2817 sentibus
390 2782 622 2818 avellebantur
646 2783 742 2816 bonis
766 2787 802 2815 et
824 2781 914 2816 ultro
936 2780 1154 2816 dimittebant
1176 2786 1315 2827 paratas
1333 2790 1436 2825 opes,
1459 2785 1552 2814 metu
1570 2789 1677 2813 saevo

211 2828 375 2873 perniciei
405 2828 534 2865 atrocis
565 2828 633 2863 frui
665 2828 880 2874 prohibente.
928 2830 1071 2873 eratque
1103 2838 1160 2862 res
1191 2838 1259 2862 non
1290 2825 1451 2862 absimilis
1480 2826 1515 2860 in
1537 2835 1678 2871 pronum
