1858 3126
287 155 384 202 448
704 155 937 200 GEORGII
969 156 1322 204 PACHYMERIS

289 273 513 321 διεστῶτα,
561 270 628 311 καὶ
657 265 814 324 τόλμαν
842 268 971 320 ὅντως
999 271 1176 323 εἰκαίαν,
1221 271 1253 315 εἰ
1283 272 1400 315 τοῦτ’
1430 271 1646 331 ἐπράχθη,
1677 277 1744 319 καὶ

288 340 474 382 κίνδυνον
507 336 729 394 ἀναγκαῖον
755 345 842 388 τοῖς
873 340 1128 398 εἰσελθοῦσαι
1154 337 1210 390 ὥς
1241 339 1288 383 τὸ
1317 339 1421 390 εἰκὸς
1446 339 1744 398 ὕπελᾶμβανεν.

286 404 336 462 ἦν
358 406 404 449 δὲ
420 405 501 463 ἄρα
514 440 525 458 ,
556 406 577 448 ὃ
599 408 666 449 καὶ
686 408 730 450 ἐκ
760 411 836 450 τοῦ
858 405 1118 464 παρασχεδὸν
1137 405 1307 463 ἠκούετο
1318 441 1331 461 ,
1369 407 1487 465 ἑτέρα
1502 427 1565 462 τις
1582 409 1743 465 ὁμωνυ-

281 475 465 530 μουμένη
488 472 722 531 Ῥεὰχουβις
742 508 755 528 ,
802 474 855 531 ἢν
882 478 948 518 καὶ
985 475 1314 534 ὑποκοριζόμενοι
1343 477 1559 536 ἅνθρωποι
1580 476 1743 535 Ῥεαχο-

281 546 424 598 βίτζαν
446 542 628 588 ἐκάλουν.
700 546 766 587 καὶ
786 543 893 588 οὕτω
914 542 1101 601 θόρυβος
1119 547 1193 600 μὲν
1212 546 1431 600 ἐπέπαυτο,
1467 546 1516 590 τὸ
1537 545 1582 589 δ’
1605 546 1775 605 doma-5

231 622 263 655 E
287 614 353 664 λές
382 617 464 656 τῶν
500 610 753 670 γραμμάτων
783 612 1126 668 κατελαμβάνετο.
1196 614 1310 659 οὔπω
1344 616 1389 658 δὲ
1415 617 1483 658 καὶ
1511 615 1743 659 Ποσειδεὼν

283 684 509 739 ἐπληροῦτο
521 714 534 734 ,
571 683 636 725 καὶ
665 683 831 732 ἐντελεῖς
860 687 1018 739 φῆμαι,
1056 681 1245 739 μήνυτρα
1266 683 1436 740 καθαρὰ
1456 684 1501 726 ἐκ
1517 689 1599 728 τῶν
1623 682 1744 728 ὑστέ-

284 769 367 809 ρων
388 750 732 804 ἔπαναζεύξαντος
744 784 756 803 ,
790 753 881 793 λίαν
903 754 1158 806 διεβεβαίουν
1179 750 1235 803 ὥς
1260 753 1300 795 οἳ
1323 751 1555 810 Βούλγαροι
1577 751 1743 807 ἔκαμον.

146 828 174 861 Ρ
196 828 263 863 310
423 821 502 866 29.
574 823 661 862 Τοῦ
693 821 718 862 δ
725 819 737 836 ’
764 819 893 863 αὐτοῦ
925 819 1040 870 ξ’τους
1065 823 1132 863 καὶ
1164 819 1186 864 ὅ
1207 825 1288 864 τῶν
1302 822 1462 874 Λαζῶν
1480 821 1657 882 ἀρχηγὸς
1675 823 1743 864 καὶ

283 894 360 945 τῆς
378 887 580 943 βασιλέως
596 887 855 945 αὐταδὲλφης
882 896 980 938 παῖς
993 889 1165 941 Ἀλέξιος
1178 922 1191 943 ,
1227 895 1279 947 τῇ
1299 891 1517 948 δεσποτικῇ
1545 887 1740 945 σεμνυνὸ-
1754 902 1799 938 10
1816 945 1823 948 ‚

283 975 404 1014 μενος
430 959 556 1017 μοίρᾳ
589 959 655 999 καὶ
680 956 726 1000 τὸ
758 956 1012 1014 Τραπεζήῖον
1034 957 1138 1002 ἄστυ
1165 959 1370 1014 κατέχων,
1405 962 1447 1003 Γ
1443 962 1664 1009 εννουΐταις
1680 959 1744 1015 γί-
1776 988 1781 989 ⁷

283 1045 395 1071 νεται
419 1025 485 1069 διὰ
511 1023 647 1081 μάχης
668 1027 711 1077 ἐξ
746 1028 880 1076 αἰτίας
906 1029 1078 1077 τοιᾶςδε.
1149 1031 1190 1070 Γ
1187 1030 1407 1078 εννουί’·ταις
1427 1022 1478 1083 ἦν
1502 1025 1680 1083 σύνηθες
1699 1029 1744 1079 ἐξ

282 1096 456 1151 ἀρχαίου
487 1098 719 1138 κατοικοῦσι
748 1095 822 1150 τὴν
840 1093 979 1151 χώραν
1008 1095 1259 1152 ἀπομερίζειν
1281 1097 1332 1139 τοὶ
1351 1096 1473 1152 κέρδη
1492 1091 1549 1139 ὧν
1565 1097 1742 1151 μετεχεί-
1815 1101 1818 1105 ’

283 1167 394 1221 ριζον
414 1166 457 1206 ἐκ
479 1164 723 1221 κομμερκίου
744 1164 960 1220 λεγομένου
978 1162 1213 1217 Ῥωμαϊκῶς
1232 1171 1318 1214 τοῖς
1336 1168 1410 1220 τῆς
1423 1161 1566 1220 χώρας
1587 1164 1741 1221 ἄρχου-

281 1251 358 1277 σιν.
432 1232 514 1275 ἐπεὶ
541 1234 566 1275 δ
572 1232 584 1248 '
607 1229 831 1289 ηὖξάνοντο
867 1231 970 1275 κατὰ
1005 1231 1123 1277 πόλιν
1140 1234 1207 1275 καὶ
1227 1239 1316 1282 ταῖς
1332 1232 1527 1283 ἆτελείαις
1544 1230 1740 1289 ἓμεγαλῦ-
1751 1235 1795 1272 15

279 1319 396 1345 νοντο
408 1334 421 1354 ,
456 1300 560 1344 ὥστε
579 1303 645 1344 καὶ
663 1301 739 1356 τὴν
759 1300 1021 1358 ἅντιπεραίαν
1041 1306 1116 1358 τῆς
1135 1303 1385 1354 Βυζαντίδος
1405 1294 1756 1358 ἀποχαρισθὴίιαιΙ

230 1379 257 1412 Β
280 1372 419 1428 σφίσιν
439 1371 495 1420 εἰς
518 1369 701 1425 οἰκισμὸν
719 1367 806 1424 ἅμα
821 1371 894 1424 μὲν
913 1369 1080 1427 ἀσφαλῆ
1099 1368 1186 1423 ἅμα
1206 1371 1250 1412 δὲ
1269 1371 1335 1412 καὶ
1349 1374 1634 1426 μεγαλοπρεπῆ
1654 1375 1742 1421 τοῖς

278 1437 621 1493 οἰκοδομήμασιν,
659 1436 834 1493 ἠδόξουν
865 1439 1052 1482 ἐντεῦθεν
1081 1438 1155 1493 τὴν
1177 1439 1260 1482 ἐκεῖ
1273 1442 1355 1482 τῶν
1375 1439 1556 1495 φορτίων
1571 1437 1740 1493 ἇναψη-

278 1506 457 1564 λάφησιν
475 1539 489 1560 ,
538 1509 605 1549 καὶ
634 1507 796 1564 βαρέως
821 1506 966 1565 ἔφερον
989 1507 1064 1558 τὰς
1092 1505 1271 1557 εὐθύνας
1279 1539 1293 1560 ,
1337 1508 1373 1550 εἰ
1401 1507 1513 1565 παρὰ
1538 1507 1740 1562 βασιλέως

276 1639 387 1675 eaque
409 1627 584 1662 metuebat
609 1638 671 1668 ne.
696 1626 727 1662 si
751 1639 834 1662 vera
856 1630 1096 1670 narrarentur,
1127 1627 1150 1662 ii
1173 1627 1309 1662 nimium
1330 1627 1419 1662 intra
1442 1625 1585 1661 hostium
1607 1625 1739 1672 praesi-

276 1675 335 1709 dia
358 1674 529 1720 progressi
553 1673 694 1707 audacia
716 1673 905 1708 inconsulta
927 1674 1035 1708 locum
1059 1673 1147 1708 cladi
1170 1673 1351 1716 dedissent,
1375 1672 1409 1707 ni
1433 1684 1578 1718 propere
1600 1683 1739 1707 succur-

276 1724 432 1761 reretur,
455 1731 532 1754 mox
554 1718 769 1764 accipiendae
792 1720 1009 1765 deprehensis
1030 1719 1101 1753 iilic
1125 1719 1213 1753 unde
1235 1723 1393 1764 receptus
1413 1730 1480 1752 non
1502 1719 1653 1753 daretur.
1698 1729 1738 1753 re

276 1772 389 1802 autem
411 1777 494 1801 vera
515 1764 597 1800 nihii
619 1767 691 1800 tale
707 1770 909 1810 peccaverat
930 1765 1089 1805 Michaffl,
1112 1764 1298 1811 procuique
1320 1775 1342 1799 a
1365 1763 1656 1800 circumventionis
1676 1775 1738 1810 pe-

276 1812 382 1847 riculo
413 1813 544 1847 aberat.
590 1822 656 1845 non
687 1811 906 1866 enim-usque
921 1810 1374 1867 ’ad-Reachubin·Ternobo
1397 1810 1539 1844 vicinam
1562 1820 1740 1855 processe-

271 1857 1137 1947 ffirzrssffiass?‡ei‘iii¹¹szsszffssndffi⁰‘iafili‘ffi
1154 1856 1595 1937 12'35033‘232'·1:0.3.:22¹¹
1604 1854 1746 1936 1113:ss-

276 1955 448 1985 tractuum
485 1948 683 2004 diminutiva
720 1950 828 1983 forma
865 1948 1130 2004 Reachubitzann
1170 1948 1375 1983 vocitabant.
1431 1948 1502 2002 hoq
1530 1947 1738 1994 postmodum

275 2003 453 2076 5332}ae
474 1998 877 2086 xffffix'ffez'fflssze.
902 2000 1078 2075 Ἓοῖῗίἰζῖ
1097 1993 1563 2075 &tzfflnssffsffififfl
1608 1991 1740 2080 ‘⁰⁸32

276 2099 352 2121 cum
383 2089 448 2122 iam
480 2089 570 2122 sama
599 2087 681 2121 facti
711 2091 868 2122 constans
899 2091 937 2121 et
966 2087 1088 2123 indicia
1117 2087 1250 2122 sincera
1281 2085 1416 2131 perlata
1440 2085 1477 2119 in
1498 2085 1615 2119 urbem
1637 2085 1738 2130 plene

275 2133 507 2213 iilichcunctis
538 2144 756 2180 persuasere,
787 2132 943 2178 graviter
973 2146 996 2169 a
1026 2133 1151 2169 nostris
1177 2132 1344 2177 Bulgaros
1375 2129 1484 2177 premi
1511 2130 1747 2175 laborareque⁴

275 2190 331 2214 res
377 2190 483 2213 orum.

367 2226 423 2259 29.
471 2224 599 2260 Eodem
622 2236 709 2260 anno
730 2226 898 2260 Lazorum
920 2225 1100 2271 princeps,
1131 2235 1249 2259 sorore
1270 2224 1313 2258 im
1338 2223 1482 2258 eratoris
1502 2224 1620 2261 natus,
1654 2219 1734 2254 Alo-

275 2271 370 2311 xius,
403 2271 580 2316 despotica
607 2271 748 2314 insignis
780 2277 952 2316 potestate
982 2276 1018 2306 et
1049 2272 1165 2305 urbem
1195 2270 1264 2304 iuic
1287 2234 1536 2314 T'i-apeznntem
1568 2264 1737 2319 obtinens,

275 2327 422 2361 pugnam
453 2317 536 2350 fecit
568 2328 643 2351 cum
667 2317 930 2360 Genucnsibus,
952 2317 1014 2352 tali
1035 2317 1179 2362 quadam
1203 2327 1245 2350 ex
1268 2325 1383 2349 causa.
1429 2311 1668 2346 Genuensibus
1691 2322 1735 2365 ex

274 2362 415 2407 antiquo
443 2361 614 2407 inquiiinis
647 2363 796 2407 regionis
826 2363 898 2397 eius
932 2366 1007 2397 erat
1031 2362 1166 2397 solitum
1199 2360 1284 2395 lucri
1317 2363 1447 2404 partem
1471 2367 1515 2391 ex
1536 2367 1737 2391 commetclo

275 2407 421 2452 quaesiti
444 2406 612 2452 impertiri
634 2408 698 2442 loci
731 2409 949 2453 principibus.
997 2413 1033 2442 at
1056 2410 1230 2452 postquam
1253 2405 1279 2439 ii
1311 2403 1401 2438 aucti
1421 2402 1542 2447 opibus
1566 2402 1736 2436 Constan-

274 2453 415 2499 tinopoli
436 2464 642 2497 numeroque
672 2459 770 2495 sunt,
802 2458 838 2487 et
869 2453 938 2488 iuic
972 2452 1236 2488 immunitatibus
1258 2448 1373 2483 donati
1395 2448 1597 2482 tributorum
1620 2449 1735 2493 splen-

274 2500 358 2534 dore
380 2502 484 2544 atque
507 2498 679 2543 opulentia
701 2502 937 2540 excreverant,
961 2510 1001 2533 eo
1024 2498 1159 2543 quidem
1180 2506 1288 2540 usque
1309 2498 1348 2528 ut
1362 2493 1535 2535 Galatam,
1557 2494 1735 2528 adversum

274 2545 310 2580 in
333 2543 503 2579 Orientali
525 2544 716 2578 continente
739 2544 905 2588 Byzantio
929 2543 1144 2583 suburbium,
1166 2551 1327 2575 concessu
1350 2539 1574 2584 Augustorum
1595 2539 1630 2573 in
1652 2550 1735 2584 pro-

274 2591 384 2637 prium
413 2588 479 2624 sibi
512 2589 713 2624 domicilium
745 2589 927 2630 haberent,
956 2589 1054 2622 simul
1087 2586 1225 2642 egregie
1253 2584 1413 2620 munitum
1437 2585 1481 2619 ad
1503 2585 1753 2627 securitatem,

275 2638 374 2672 simul
404 2634 590 2682 magnificis
623 2635 769 2679 superbe
805 2640 956 2668 ornatum
987 2633 1170 2673 aedificiis,
1200 2630 1450 2676 ignominiosum
1483 2630 1641 2675 deinceps
1670 2629 1735 2665 sibi

275 2686 442 2728 putarunt
460 2681 531 2728 pati
554 2680 696 2726 amplius
719 2679 1022 2726 perscrutationem
1055 2677 1262 2713 sarcinarum
1296 2687 1430 2711 suarum
1444 2701 1454 2720 ,
1487 2687 1576 2723 qnae
1597 2676 1736 2721 'rr-pe·-

276 2734 379 2763 zunte
399 2728 499 2763 fieret
519 2726 563 2761 ad
594 2726 825 2771 excipiendam
850 2725 929 2759 inde
965 2723 1110 2770 principi
1140 2722 1289 2757 debitam
1320 2727 1469 2768 partem;
1499 2733 1540 2757 ac
1571 2721 1754 2763 eoErceri„

275 2774 355 2808 dum
378 2774 414 2808 in
437 2772 558 2808 fraude
579 2772 934 2818 deprehendebantur,
970 2769 1123 2815 graviter
1152 2769 1327 2812 ferebant,
1360 2767 1531 2820 indignum
1555 2779 1631 2802 esse
1652 2769 1735 2801 c'au-

275 2825 411 2863 santes,
440 2819 499 2866 qui
531 2825 600 2854 tam
632 2817 823 2867 honorificis
852 2815 1040 2864 privilegiis
1069 2814 1289 2851 immunitatis
1322 2814 1434 2850 ornati
1456 2815 1500 2850 ab
1531 2814 1734 2860 imperatore
