1774 3120
239 178 305 224 16
660 177 897 223 GEORGII
929 177 1284 224 Pacnmms

233 292 313 348 τὴν
344 291 544 348 μυστικὴν
572 291 616 335 ἓν
655 287 899 348 ἀνακτόροις
934 290 1164 350 ἱερουργίαν
1194 296 1425 348 τελεῖσθαι,
1473 295 1543 338 καὶ
1575 293 1606 352 ἦ
1632 296 1708 351 μέν

232 362 469 419 προέλευσις
491 360 598 403 κατὰ
618 361 764 418 δεῖγμα
787 358 944 417 λύπης,
975 358 1089 405 κάτω
1108 365 1287 421 nov-‘tob'
1307 362 1511 416 βασιλέως
1534 364 1708 419 ἱσταμέ-

230 448 330 484 νου,
365 429 442 473 οὐκ
461 426 628 486 ἐγεγόνει
637 462 653 483 ,
689 429 744 488 τὰ
767 430 814 473 δὲ
833 434 908 486 τῆς
928 434 1130 486 μυστικῆς
1149 431 1378 488 ἱερουργίας
1393 429 1590 487 ἦπράκτει
1601 465 1615 486 ,
1643 430 1705 489 μή

231 516 320 549 πως
344 500 410 541 καὶ
431 496 452 541 ὃ
474 495 809 555 εἶς’πατριᾶρχην
838 497 897 542 ἔτι
913 502 1041 542 τελῶν
1071 497 1382 555 μνημονεύοιτο.
1452 499 1475 544 ὃ
1494 501 1546 557 δὴ
1569 501 1705 544 κάκεῖ-

226 585 291 611 νοι
310 568 384 622 μὲν
403 567 586 610 ἓπείλυον
615 566 717 617 τέως
749 566 883 617 αἰτίας
914 564 1201 623 πλαττόμενοι,
1233 570 1352 624 δῆλοι
1369 567 1414 612 δ’
1435 562 1544 625 ἦσαν
1562 567 1736 621 ἄλλοιςᾶ

178 653 210 688 Β
233 637 286 680 τὰ
302 636 361 691 μὴ
381 634 482 679 ὅντα
501 633 859 693 προφασιζόμενοι.
927 634 956 691 ἢ
985 635 1065 693 γὰρ
1091 636 1272 694 Edi-ayla
1297 634 1411 697 νόμῳ
1433 638 1509 692 μὲν
1537 655 1708 694 συμπα-

226 707 348 755 θείας
368 701 534 760 ἐθρήνει
551 703 623 747 τὸν
642 702 924 760 ἀποιχόμενον,
957 705 1003 748 τὸ
1025 706 1070 748 δὲ
1081 705 1213 749 πλέων
1233 709 1404 762 θρηνεῖν
1425 713 1705 763 προσεποιεῖτο

228 774 306 830 τὴν
326 777 401 816 τοῦ
421 773 604 831 ἀδελφοῦ
626 772 694 816 διὰ
712 773 760 817 τὸ
783 774 889 829 χθὲς
915 773 1079 830 γεγονὸς
1107 771 1375 828 ἔξαπώλειαν,
1415 777 1483 818 καὶ
1505 774 1580 832 τὴν
1607 774 1707 819 Αὖ-

230 847 411 900 γοῧσταν
430 845 674 899 θρηνοῦσαν
694 842 767 885 τὸν
798 840 971 898 σύζυγον
1001 843 1044 886 ἐν
1064 842 1113 886 οὔ
1134 847 1279 894 καλαῖς
1301 844 1392 900 περὶ
1421 844 1572 888 ἐκεῖνον
1592 845 1706 887 ἐλπί-

231 929 298 955 σιν
317 912 464 964 ἐποίει,
502 908 558 960 ὡς
575 909 695 954 οὐδὲν
726 910 918 954 ἐντεῦθεν
938 914 1012 954 τοῦ
1040 909 1142 968 ὑπὲρ
1161 912 1313 956 ἐκείνου
1335 912 1700 970 πραχθησομένου,
1716 925 1761 960 10

234 979 310 1024 κᾶν
332 979 353 1023 ὅ
373 997 413 1023 τι
430 980 497 1022 καὶ
517 975 544 1037 ᾖ
558 1011 571 1032 ,
599 977 905 1035 βοηθήσοντος.
952 977 1052 1023 ὅθεν
1071 982 1138 1023 καὶ
1161 987 1248 1031 τοῖς
1268 978 1540 1038 πατριάρχαις
1559 985 1705 1025 συνελ-

230 1053 360 1092 θοῦσι
382 1047 487 1091 κατὰ
504 1049 779 1105 παραμυθίαν
797 1048 924 1104 ἐκείνη
945 1047 1180 1099 κατώδυνος
1203 1044 1308 1093 οὖσα
1323 1049 1372 1093 τὸ
1394 1049 1583 1105 ποιητέον
1597 1047 1703 1107 ὑπὲρ

234 1122 311 1174 τῆς
354 1118 504 1160 ἐκείνου
548 1121 687 1172 ψυχῆς
729 1115 995 1162 ἐπυνθάνετο.
1074 1118 1142 1160 καὶ
1179 1115 1353 1174 πρώτως
1389 1117 1537 1170 ἔδειξεν
1573 1119 1703 1175 ἐκείνη

181 1197 214 1233 c
236 1185 404 1230 τοιαῦτ’
450 1187 647 1242 ἓρωτῶσα
685 1184 733 1228 τὸ
771 1185 886 1242 παρὰ
925 1189 999 1229 τοῦ
1040 1185 1244 1238 βασιλέως
1277 1184 1702 1242 βυσσοδομευόμενον.

233 1257 384 1306 ἐκεῖνος
399 1254 478 1310 γὰρ
498 1255 565 1297 καὶ
586 1251 736 1304 νύκτας
759 1252 860 1304 ὅλας
878 1254 992 1310 παρὰ
1006 1253 1158 1312 Ἰωσὴφ
1181 1254 1285 1307 iove,
1323 1256 1391 1298 καὶ
1411 1253 1573 1310 ἀνάγειν
1594 1256 1702 1298 ε’πει-
1713 1264 1758 1300 15

232 1328 335 1383 ρᾶτο
365 1322 511 1368 οὕνεκα
540 1327 716 1382 σμικρᾶς
745 1327 873 1379 πνοῆς
897 1323 1015 1366 νέκυν
1042 1323 1089 1367 τὸ
1127 1321 1301 1368 σύνολον
1331 1322 1446 1368 ὄντα.
1516 1322 1573 1375 ὥς
1592 1323 1639 1367 δ’
1662 1324 1704 1368 οἱ

229 1512 330 1537 sacra
349 1500 433 1536 aede
456 1497 608 1547 palatina
629 1498 699 1535 ritu
722 1498 861 1535 solemni
873 1498 1051 1542 celebrari,
1077 1502 1234 1535 neutrum
1255 1499 1376 1535 horum
1400 1501 1455 1535 est
1471 1500 1612 1535 factum.
1656 1505 1701 1534 ac

226 1548 338 1582 exitus
350 1547 485 1592 quidem
495 1547 593 1581 domo
614 1549 650 1579 et
666 1557 867 1591 progressus
881 1547 914 1581 in
922 1547 1093 1592 publicum
1100 1547 1163 1582 tali
1180 1546 1238 1580 die
1249 1546 1363 1581 omissi
1379 1546 1422 1581 ab
1433 1547 1586 1591 Augusto
1596 1555 1702 1580 causa

228 1598 410 1639 utcumque
433 1592 621 1638 plausibilis
643 1592 822 1627 ferebatur
840 1593 951 1628 luctus
971 1593 1044 1628 eius
1061 1604 1104 1627 ex
1121 1592 1251 1627 recenti
1267 1592 1376 1638 patris
1393 1598 1515 1636 morte,
1537 1592 1582 1626 ob
1597 1602 1702 1637 quam

227 1639 338 1673 adhuc
371 1642 606 1673 consternatus
637 1637 773 1672 sederet
797 1650 952 1673 moerens
974 1645 1011 1673 et.
1041 1639 1126 1673 lucis
1147 1639 1297 1683 fugitans
1320 1637 1395 1672 imis
1417 1637 1453 1672 in
1477 1635 1700 1672 conclavibus

225 1685 346 1719 domus
377 1687 554 1729 augustae.
601 1683 747 1718 omissae
778 1685 942 1730 mysticae
973 1684 1156 1719 oblationis
1186 1695 1269 1718 vera
1291 1687 1367 1719 erat
1388 1683 1477 1718 ratio
1499 1683 1701 1730 (utcumque

225 1730 318 1765 illam
342 1730 369 1764 ii
390 1741 476 1776 quos
499 1730 642 1776 petebat
663 1729 822 1775 suspicio,
849 1731 1032 1775 negabant,
1055 1741 1160 1764 vanos
1182 1730 1268 1764 alios
1285 1729 1576 1764 comminiscentes
1597 1740 1719 1775 prae-1

226 1779 362 1821 textus)
385 1787 489 1818 vera,
510 1777 667 1821 inquam,
699 1780 777 1810 erat
809 1776 920 1819 ratio,
944 1787 988 1810 ne
1010 1776 1248 1822 patriarchae,
1271 1787 1370 1822 quem
1393 1785 1503 1810 novus
1524 1777 1701 1821 Augustus

227 1822 447 1857 exauctorari
468 1822 620 1865 volebat,
642 1833 784 1856 necesse
807 1826 899 1856 esset
919 1821 956 1857 in
981 1822 1132 1868 palatino
1156 1821 1280 1868 templo
1301 1820 1444 1856 recitari
1463 1832 1585 1856 nomen
1605 1821 1701 1856 inter

229 1879 352 1910 sacra,
384 1871 421 1903 et
450 1867 500 1902 sic
542 1879 620 1902 eum
650 1868 684 1902 in
706 1879 794 1903 novo
817 1878 954 1914 quoque
976 1867 1168 1914 principatu
1189 1873 1309 1902 tenere
1331 1867 1575 1912 possessionem
1597 1865 1702 1913 primi

230 1915 380 1949 honoris.
425 1921 502 1949 erat
519 1918 555 1948 et
575 1913 667 1948 aliud
689 1913 781 1960 quod
804 1914 1049 1949 contrariarum
1064 1915 1218 1958 Augusto
1241 1913 1402 1948 defuncto
1427 1912 1597 1959 principes
1618 1923 1702 1959 par-

230 1961 314 1994 tium
337 1961 405 1994 ista
427 1959 643 2005 liturgiarum
663 1959 699 1994 in
722 1959 808 1994 aede
829 1971 931 1995 sacra
952 1959 1105 2006 palatina
1124 1958 1374 1994 intermissione
1392 1958 1640 2013 sequebantur,
1662 1957 1701 1994 id

229 2006 392 2040 videlicet
424 2013 565 2051 agentes
596 2009 636 2040 ut
669 2005 890 2041 fraudaretur
921 2005 1058 2040 interim
1094 2005 1322 2051 piacularibus
1340 2004 1482 2039 ‘officfis
1513 2016 1556 2039 ac
1590 2003 1700 2040 sacris

230 2053 343 2086 anima
366 2052 540 2097 principis,
564 2055 601 2086 et
623 2051 674 2086 sic
697 2051 730 2086 ei
759 2051 860 2099 quasi
882 2057 1015 2087 mortuo
1044 2052 1082 2086 in
1104 2050 1241 2086 haeresi
1261 2054 1367 2096 atque
1387 2050 1603 2085 anathemate
1624 2051 1700 2085 suf-

229 2098 342 2142 fragia
364 2098 549 2139 ecclesiae,
570 2102 610 2132 ut
632 2097 764 2133 inutilia
793 2097 1069 2133 irrevocabiliter
1091 2097 1268 2140 damnato,
1294 2095 1457 2142 denegari
1487 2099 1700 2142 putarentur.

229 2143 318 2178 hanc
348 2143 434 2177 enim
464 2144 573 2189 palam
601 2143 738 2179 inurere
764 2144 950 2179 conabatur
978 2143 1194 2188 ignominiam
1214 2142 1361 2187 Eulogia
1381 2142 1560 2177 memoriae
1579 2141 1700 2177 fratri:

230 2189 347 2233 exosi,
372 2190 498 2224 artifici
520 2189 652 2235 pietate
685 2190 834 2236 speciem
857 2190 1023 2225 affectans
1045 2189 1206 2224 moeroris
1227 2188 1318 2224 ultra
1339 2187 1490 2223 sororiae
1509 2188 1700 2223 necessitu-

230 2235 318 2269 dinis
342 2235 474 2269 modum
497 2237 708 2280 exaggerati,
733 2236 832 2282 quasi
856 2247 945 2282 quae
966 2245 1032 2271 non
1055 2234 1294 2281 temporarium
1318 2233 1469 2280 corporis
1492 2234 1610 2274 solum,
1631 2233 1698 2268 sed

230 2286 407 2316 aeternum
431 2285 611 2335 praeterea
631 2281 804 2316 interitum
827 2282 932 2317 animi
945 2282 1095 2317 Tartaro
1115 2280 1384 2326 irreparabiliter
1405 2279 1533 2314 addicti
1553 2278 1639 2313 flere
1659 2278 1696 2313 in

229 2339 390 2371 germano
411 2326 521 2361 videri
541 2326 656 2362 vellet.
677 2339 779 2373 quem
801 2328 903 2363 etiam
925 2328 961 2363 in
981 2339 1114 2363 sensum
1136 2327 1335 2372 pertrahere
1348 2324 1481 2359 viduam
1497 2325 1696 2369 Augustam,

231 2377 270 2407 et
293 2374 341 2407 nil
362 2372 393 2407 ei
414 2372 617 2418 sperandum
645 2371 690 2407 de
721 2373 929 2419 sempiterna
957 2375 1067 2408 salute
1095 2373 1163 2408 viri
1188 2371 1242 2408 sui
1263 2369 1386 2406 mortui
1408 2371 1615 2416 persuadere
1635 2382 1698 2405 co-

230 2422 315 2454 nata
337 2423 410 2462 est,
434 2420 630 2464 praefracte
652 2418 877 2462 denuntians,
899 2419 1063 2465 quidquid
1086 2429 1223 2465 precum
1246 2421 1307 2451 aut
1329 2415 1536 2461 piaculorum
1557 2416 1612 2451 vel
1633 2416 1700 2451 ad-

231 2464 367 2499 hiberet
399 2465 477 2511 ipsa
508 2466 565 2499 vel
586 2464 737 2510 impendi
760 2465 804 2499 ab
827 2465 905 2499 aliis
928 2470 1066 2500 curaret
1087 2465 1131 2499 ad
1154 2461 1362 2509 purgandam
1383 2461 1527 2496 animam
1547 2461 1698 2507 impera-

231 2511 318 2546 toris
340 2510 514 2552 defuncti,
538 2512 669 2545 frustra
688 2510 822 2545 omnino
844 2511 930 2545 fore.
975 2522 1039 2545 nec
1060 2519 1204 2555 parvam
1225 2519 1268 2542 ea
1289 2517 1359 2541 vox
1381 2518 1485 2541 curae
1505 2519 1547 2542 ac
1569 2507 1699 2542 doloris

232 2558 462 2592 accessionem
494 2556 705 2602 imperatrici
734 2556 866 2591 scilicet
895 2556 1030 2590 obtulit.
1075 2554 1164 2589 unde
1190 2553 1250 2588 illa
1281 2551 1401 2594 anxia,
1435 2564 1510 2587 cum
1535 2552 1698 2588 decessor

232 2614 475 2648 successorque
498 2602 749 2648 patriarchatus
773 2602 818 2637 ad
841 2613 914 2636 eam
936 2601 1036 2637 simul
1053 2599 1289 2635 consolandam
1303 2598 1548 2640 convenissent,
1564 2603 1698 2633 utrum-

229 2661 298 2695 que
321 2649 543 2684 moestissima
564 2648 794 2694 interrogavit
814 2648 895 2694 quid
917 2647 984 2682 sibi
1003 2646 1188 2681 faciendum
1207 2644 1482 2690 praescriberent
1521 2655 1564 2678 uo
1586 2643 1700 2678 iuvari

230 2695 342 2730 anima
366 2695 519 2739 coniugis
540 2699 671 2740 posset.
718 2699 823 2740 atque
845 2694 930 2728 haec
950 2691 1164 2739 percontatio
1186 2691 1362 2734 Augustae
1383 2700 1449 2724 non
1470 2701 1490 2724 a
1536 2689 1697 2724 Ioannem

231 2741 399 2776 duntaxat
421 2745 502 2775 tunc
525 2752 627 2775 unum
649 2740 900 2786 patriarcham,
935 2749 1052 2774 verum
1081 2737 1126 2772 ad
1154 2736 1335 2781 Iosephum
1355 2735 1459 2770 etiam
1481 2735 1605 2770 dudum
1626 2735 1698 2772 ista

231 2787 399 2831 dignitate
421 2787 615 2822 defunctum
638 2786 773 2821 directa
794 2786 936 2832 primum
957 2783 1118 2819 indicium
1134 2781 1249 2817 extitit
1264 2781 1546 2815 machinationum
1561 2781 1697 2817 Andro-

233 2833 301 2867 nici
324 2845 549 2877 arcanarum,
570 2832 756 2870 restituere
776 2830 999 2880 patriarchali
1019 2830 1142 2866 throno
1164 2827 1345 2874 Iosephum
1363 2827 1546 2872 molientis,
1567 2827 1598 2863 si
1617 2825 1697 2874 qui-
