1820 3112
331 144 407 187 DE
440 142 771 187 ANDRONICO
796 135 1168 188 PA‘LAEOLOGO
1205 145 1251 187 L.
1272 143 1345 187 111.
1484 144 1582 191 219

122 275 196 302 τον
220 257 298 312 οὔχ
319 251 445 313 ἦττον
465 257 537 300 τὸν
556 252 713 310 ἆθλον,
749 257 816 300 καὶ
845 261 982 312 κοινῆς
1011 261 1087 313 τῆς
1107 256 1191 301 ἀπὸ
1211 256 1376 303 πάντων
1395 256 1584 314 δεόμενον

124 325 230 370 κατὰ
247 325 295 369 τὸ
316 329 525 382 προσῆκον
544 323 781 376 ἒνστοῖσεως.
849 330 983 369 ταῦτα
998 324 1197 381 λεγόντων
1216 344 1258 370 τε
1277 329 1346 370 καὶ
1374 332 1433 387 τῷ
1453 333 1583 386 πιστῷ

124 394 228 438 κατὰ
251 398 362 451 σφᾶς
380 392 530 451 θάρρει
551 392 773 448 διδόντων,
810 392 903 437 εἴκει
922 392 1040 448 μόλις
1062 395 1211 445 ἐκεῖνος
1239 398 1306 439 καὶ
1326 396 1373 440 τδ
1397 402 1472 452 τῆς
1489 396 1583 455 ἦγε-

121 463 268 517 μονίας
289 462 526 518 ἀναδέχεται
543 461 687 517 ὄνομα.
755 463 823 505 καὶ
850 464 976 517 δῆλος
990 458 1042 518 ἦν
1063 464 1254 507 ἐντεῦθεν
1277 465 1322 508 ἐκ
1337 470 1500 510 πολλῶν
1520 461 1578 510 ὧν
1602 472 1632 507 Ε

92 540 115 574 5
124 530 296 588 ἔπραττε
318 532 567 588 στρατηγίαν
596 531 732 588 φέρων
760 532 827 573 καὶ
847 531 977 588 ἀρχὴν
1002 530 1288 576 ἀνυπεύθυνον
1297 567 1311 586 ,
1347 533 1463 579 οὗπω
1494 537 1541 579 δὲ
1555 536 1582 592 ἢ

122 596 386 655 παρασήμοις
414 599 441 653 ἢ
467 599 551 655 μὴν
581 597 752 654 ὀνόματι
784 597 1012 656 ἀπεθάρρει
1040 602 1269 653 κλεΐζεσθαι
1281 635 1296 655 ,
1343 605 1416 645 καί
1438 621 1502 647 τοι
1528 605 1582 648 τὰ

120 667 254 710 πολλὰ
273 667 387 724 παρὰ
415 672 498 712 τῶν
527 666 789 724 προυχόντων
812 669 854 710 ἔν
882 673 941 727 τῷ
957 674 1124 728 στρατῷ
1142 668 1397 726 βιαζόμενος.
1465 674 1583 723 ἔξου-

120 734 434 793 σιαστικώτερον
461 738 507 779 δὲ
532 741 615 780 τῶν
653 735 904 794 πραγμάτων
934 739 1172 794 ἐπείληπτο,
1218 742 1286 783 καὶ
1314 741 1433 785 οὐδὲν
1452 739 1581 784 ἐδόκει

121 804 162 847 οἱ
180 806 224 855 ἐξ
241 798 367 861 οὗπερ
386 804 438 848 ἂν
457 806 523 848 καὶ
542 803 746 862 ὠρρώδει,
781 805 877 849 οὐδ’
896 805 1037 857 ἄλλοις
1066 805 1286 852 ὑπακούειν
1307 808 1414 860 ὅλως
1431 811 1481 854 τὸ
1499 809 1580 854 ἀπὸ
1670 867 1679 877 ¹

66 883 110 916 10
121 874 242 916 τοῦδε
259 871 460 930 ὖφίστατο
470 906 484 926 ,
516 873 614 917 ἀλλ’
644 873 770 924 αὒτός
791 872 950 930 ἡγεμὼν
975 876 1018 917 ἓν
1034 880 1134 919 πᾶσι
1154 879 1221 919 καὶ
1243 878 1357 934 παρὰ
1372 881 1489 936 σφίσι
1510 881 1578 923 καὶ
1600 885 1630 920 Ρ
1654 888 1718 923 148

118 940 200 999 ὅπῃ
217 939 375 998 παρῄει.
446 942 614 999 ἕφριξαν
632 942 711 998 γὰρ
728 941 821 986 τότε
837 945 904 986 καὶ
926 944 966 987 οἱ
983 945 1178 1000 περίοικοι
1205 946 1281 1001 τῆν
1301 946 1578 1001 ε’πισύστασιν,

117 1011 185 1052 καὶ
202 1014 360 1064 μᾶλλον
380 1008 443 1053 ὅτι
464 1011 512 1054 τὸ
530 1011 735 1067 Περσικὸν
750 1012 854 1054 πολὺ
874 1007 950 1067 ἦν,
988 1011 1051 1063 οἷς
1072 1014 1125 1069 δὴ
1155 1017 1222 1057 καὶ
1245 1022 1403 1066 πιστοῖς
1430 1018 1577 1073 ἐχρῆτο

116 1079 185 1120 καὶ
201 1080 523 1135 παρασπίζουσιν
538 1078 763 1137 ἀπεθάρρει
772 1114 786 1133 ,
823 1082 890 1123 καὶ
908 1078 1036 1135 μόνον
1057 1081 1227 1127 κελεύειν
1245 1079 1296 1137 ἦν
1317 1082 1374 1135 ὥς
1396 1088 1579 1142 συνδρα-

113 1146 333 1202 μουμένοις
348 1148 494 1191 αὐτίκα
515 1149 582 1191 καὶ
601 1148 705 1191 κατὰ
724 1149 771 1193 τὸ
790 1149 941 1192 ἐκείνου
960 1152 1196 1206 δρασείουσι
1227 1153 1406 1208 θέλημα.
1476 1154 1578 1198 ἀπέ-

62 1225 106 1260 15
116 1219 266 1267 σβεστο
291 1221 510 1274 τοιγαροῦν
533 1217 657 1259 ἐκεῖσε
691 1219 737 1260 τὸ
753 1218 956 1270 βασιλέων
986 1219 1115 1274 ὄνομα
1125 1254 1140 1273 ,
1176 1220 1433 1277 παρὰμόνον
1453 1223 1501 1266 τὸ
1520 1225 1575 1273 εἷς

114 1283 362 1340 περισυρμὸν
379 1289 618 1341 μεμνῆσθαι
635 1287 701 1328 καὶ
722 1288 944 1343 λοιδορίαν.
1014 1287 1138 1339 αὐτὸς
1169 1291 1194 1332 δ
1202 1289 1214 1305 '
1249 1285 1299 1344 ἦν
1327 1291 1490 1342 ἐκείνοις
1508 1295 1577 1335 καὶ

113 1350 251 1406 ἅρχων
274 1354 340 1395 καὶ
364 1352 524 1409 ἡγεμών
550 1356 618 1396 καὶ
644 1356 845 1407 βασιλέως
870 1355 1029 1412 φέρων,
1066 1358 1101 1399 εἲ
1119 1359 1185 1400 καὶ
1216 1358 1273 1413 μὴ
1293 1357 1448 1413 ὄνομα,
1477 1359 1573 1404 ἀλλ’

114 1419 298 1474 ἀξίωμω
359 1423 427 1464 καὶ
459 1421 567 1465 ὅσων
594 1426 679 1465 τῶν
710 1424 794 1466 ἐκεῖ·
818 1425 1028 1480 φρουρίων
1065 1423 1122 1476 ὥς
1156 1424 1342 1483 ὕπαρχος
1371 1430 1573 1482 βασιλέως
1595 1436 1625 1472 Β

114 1489 330 1545 ἐπείληπτο
359 1489 577 1548 πρότερον,
625 1492 752 1535 ταῦτ’
794 1492 1039 1544 ἀποστείλας
1069 1494 1167 1544 τούς
1205 1496 1459 1548 καθέξοντας
1491 1496 1573 1555 ὑφ’,

109 1689 253 1735 proponi
267 1715 278 1733 ,
300 1690 360 1725 sed
383 1704 472 1738 quae
493 1704 615 1739 magno
638 1698 674 1729 et
694 1696 847 1741 perfecte
870 1696 1017 1732 unanimi
1041 1698 1106 1732 nisi
1127 1703 1248 1734 conatu
1270 1702 1451 1746 petantur,
1481 1699 1572 1734 haud

109 1741 317 1780 proventura
350 1738 426 1774 sint.
471 1741 553 1774 talia
581 1741 845 1776 vociferantibus
882 1747 918 1777 et
947 1743 1190 1780 instantissime
1220 1746 1420 1791 urgentibus
1450 1746 1572 1780 cedens

108 1780 432 1829 Philanthropenus‚
461 1787 597 1820 tandem
627 1799 747 1821 nomen
779 1788 915 1834 imperii
945 1790 1095 1826 assumit.
1140 1792 1260 1837 itaque
1290 1791 1403 1835 coepit
1431 1802 1475 1825 ex
1505 1791 1571 1825 hoc

109 1837 224 1871 agere,
245 1834 285 1862 ut
308 1831 443 1876 proprio
467 1843 530 1866 nec
551 1844 595 1866 ex
616 1833 684 1867 ullo
706 1833 775 1868 iam
799 1835 938 1868 alterius
962 1842 1047 1870 nutu
1071 1848 1233 1882 suspenso
1256 1837 1406 1881 regimen
1427 1836 1571 1870 admini-

110 1879 224 1907 strare
244 1875 388 1910 arbitrio
418 1887 503 1922 prae
534 1890 572 1913 se
600 1880 719 1914 ferret.
765 1881 911 1915 nondum
934 1885 1047 1916 tamen
1067 1882 1203 1916 titulum
1224 1885 1369 1926 Augusti
1402 1881 1457 1915 vel
1483 1882 1570 1916 insi-

110 1918 191 1962 gnia
210 1919 346 1965 imperii
366 1922 519 1965 admisit,
553 1924 766 1969 quantumvis
794 1927 858 1960 hoc
880 1938 956 1961 eum
986 1934 1028 1961 ut
1060 1929 1190 1963 faceret
1211 1927 1387 1973 praecipui
1408 1927 1569 1962 ductores

109 1964 263 1998 ordinum
285 1966 373 1999 omni
393 1979 458 2012 ope
480 1980 602 2014 cogere
624 1971 797 2006 tentarint.
843 1976 975 2015 tamen,
996 1978 1035 2007 ut
1056 1973 1150 2015 dixi,
1171 1974 1329 2018 auspiciis
1352 1979 1474 2007 cuncta
1496 1974 1567 2008 suis

109 2009 208 2043 unius
228 2021 350 2054 gerere
371 2012 529 2059 deinceps
550 2015 688 2058 institit,
714 2029 824 2062 eaque
844 2018 951 2052 libere
974 2030 1016 2052 ac
1037 2019 1147 2064 palam
1169 2031 1247 2052 sese
1267 2024 1447 2053 auctorare
1468 2025 1566 2064 pote-

108 2059 221 2095 state,
243 2067 342 2100 quam
355 2082 365 2099 ,
399 2064 439 2092 ut
461 2060 544 2093 nulli
564 2060 730 2096 hominnm
754 2067 927 2108 acceptam
949 2065 1073 2108 ferret,
1106 2065 1154 2098 ita
1176 2065 1248 2099 eius
1270 2076 1351 2099 usus
1372 2065 1567 2101 reddendae

108 2100 275 2146 cuiquam>
289 2103 410 2137 rationi
431 2104 565 2140 minime
597 2108 759 2142 obnoxius
787 2109 895 2143 videri
927 2109 1041 2143 vellet.
1087 2110 1173 2144 haec
1194 2122 1257 2155 per
1277 2111 1356 2146 illos
1377 2110 1567 2146 limitaneos

107 2151 239 2181 tractus
261 2151 333 2181 tum
354 2149 489 2184 novitas
519 2151 659 2196 vulgata
680 2165 833 2198 magnam
860 2155 985 2200 passim
1008 2157 1319 2200 consternationem·
1343 2157 1467 2191 attulit.
1508 2169 1567 2192 co-

106 2192 352 2228 horrescebant
374 2195 464 2230 haud
487 2196 589 2232 dubie
612 2199 717 2242 periti
740 2211 850 2234 rerum
873 2212 1009 2242 omnes,
1043 2206 1079 2235 et
1108 2201 1201 2236 minis
1230 2202 1390 2237 malorum
1411 2215 1501 2248 quae
1522 2214 1566 2238 ex

107 2243 179 2272 tam
200 2241 334 2284 potenti
355 2242 587 2277 coniuratione
608 2244 643 2278 in
666 2245 851 2279 Romanum
877 2246 1050 2291 imperium
1071 2254 1236 2293 eruptura
1257 2249 1335 2283 iure
1353 2249 1565 2292 timerentur,

106 2295 215 2330 usque
237 2287 280 2320 ad
304 2287 574 2332 desperationem
595 2290 714 2324 salutis
735 2292 892 2336 publicae
912 2293 1218 2339 conturbabantur,
1242 2295 1385 2329 maxime
1410 2306 1484 2330 cum
1506 2307 1565 2330 re-

105 2336 268 2410 putarent
289 2338 428 2378 praeter
449 2335 635 2370 exercitum
664 2341 734 2371 tam
765 2348 975 2372 numerosum
1006 2350 1047 2372 ac
1075 2340 1194 2374 fortem
1223 2345 1361 2386 praesto
1385 2352 1461 2375 esse
1480 2342 1565 2376 Phi-

120 2376 327 2422 anthropeno
349 2384 490 2424 paratas
511 2382 555 2416 ad
577 2386 715 2425 nutum,
738 2387 775 2417 et
795 2383 928 2428 signum
949 2384 1048 2418 modo
1070 2385 1226 2421 veniendi
1247 2391 1478 2432 expectantes,
1501 2399 1564 2422 va-

106 2421 287 2458 lidissimas
317 2437 338 2459 e
367 2426 509 2461 Perside
539 2427 676 2473 copias;
707 2428 831 2474 quibus
864 2429 908 2463 ad
939 2430 1113 2465 rebellium
1143 2431 1323 2467 factionem
1354 2434 1563 2478 aggregatis,

106 2468 164 2502 ubi
187 2475 397 2516 reperturus,
419 2473 509 2507 unde
530 2475 702 2519 petiturus
724 2480 919 2520 speraretur
939 2475 1123 2521 imperator
1144 2483 1304 2522 quantum
1327 2485 1403 2513 emt
1424 2490 1564 2514 necesse

105 2513 223 2548 virium
246 2515 453 2561 idonearum,
476 2524 516 2553 ut
537 2526 655 2565 posset
675 2520 711 2554 in
733 2524 885 2566 tempore
906 2521 1053 2556 obsisti?
1084 2523 1233 2558 extincta
1262 2524 1297 2558 in
1319 2524 1363 2559 iis
1383 2525 1465 2559 locis
1488 2529 1564 2558 erat

105 2561 294 2595 auctoritas
315 2564 422 2598 omnis
442 2564 598 2611 imperii,
628 2577 814 2612 nomenque
834 2567 1064 2611 Augustorum
1096 2570 1226 2604 nonnisi
1255 2570 1301 2604 ad
1325 2570 1504 2605 ludibrium
1527 2574 1564 2603 et

107 2606 340 2642 contumeliam
363 2613 621 2647 memorabatur.
667 2623 753 2646 unus
775 2613 864 2654 dux,
886 2623 972 2646 unus
993 2613 1152 2660 princeps
1174 2615 1479 2661 Philanthropeuus
1504 2626 1562 2648 ce-

106 2649 321 2695 lebrabatur,
342 2665 447 2699 penes
468 2669 567 2702 quem
590 2669 718 2693 summa
738 2658 871 2703 imperii
897 2669 960 2692 usu
981 2658 1056 2703 ipso
1078 2661 1269 2704 residebat,
1300 2665 1481 2706 utcumque
1502 2659 1562 2713 ille

106 2696 250 2731 nondum
281 2699 414 2734 titulum
446 2707 508 2737 aut
537 2703 685 2748 insignia
712 2703 930 2749 imperatoris
958 2706 1205 2751 assumpsisset,
1251 2719 1348 2742 arces
1379 2706 1497 2740 limitis
1518 2706 1562 2740 11-

103 2741 190 2786 lius,
223 2754 308 2788 quas
334 2745 512 2782 fiduciario
545 2749 708 2784 hactenus
736 2749 812 2784 iure
843 2749 894 2783 uti
924 2749 968 2783 ab
990 2751 1144 2797 Augusto
1175 2753 1368 2788 commissas
1390 2755 1560 2793 tenuerat,

105 2798 173 2833 quo
195 2787 261 2824 iam
283 2789 347 2825 sibi
367 2793 507 2838 proprie
537 2798 726 2836 assereret,
759 2794 917 2829 deductis
946 2793 1027 2831 inde
1054 2797 1227 2834 veteribus
1255 2797 1437 2845 praesidiis
1457 2808 1562 2832 novos
