1858 3126
263 516 1714 601 ΡΕΤΒΙΡΟΞΞΙΝΙΕξὶι

544 640 1451 703 OBSERVATIONUM
1705 669 1707 671 -

392 752 1597 813 PACHYMERIANARUM

599 863 668 901 An
698 863 1032 901 HISTORIAM
1061 862 1388 901 ANnnomcl

794 944 827 986 L
847 942 868 987 1
886 943 922 986 Β
943 942 977 984 Ε
995 943 1034 987 R
1089 943 1192 996 111,

327 1046 430 1079 QUAE
451 1046 504 1074 AD
525 1047 711 1075 ‘remon
732 1047 783 1074 ΕΤ
802 1049 854 1075 ΔΙ)
877 1047 1197 1074 cuRONonoouM
1215 1048 1435 1075 rnnrmnx'r
1452 1049 1663 1078 ruerus,

769 1314 1126 1364 CAPUT
1194 1315 1231 1364 1.

387 1407 452 1445 De
491 1418 654 1444 numero
696 1420 918 1457 annorum,
955 1421 1057 1459 quos
1093 1406 1192 1446 haec
1223 1420 1356 1446 rerum
1383 1404 1615 1446 Andronici

329 1460 504 1499 historia
528 1463 814 1514 complectitur.
868 1463 996 1502 liuius
1006 1465 1112 1515 finis
1134 1471 1333 1516 quantum
1352 1463 1459 1502 absit
1476 1463 1529 1503 ab
1550 1464 1667 1503 mitio

750 1519 896 1558 his-tor
873 1534 945 1557 ἰαε
972 1521 1254 1559 Cantacuzeni.

136 1614 163 1648 P
186 1615 250 1652 561
273 1614 304 1654 Ι.
361 1595 493 1667 Ante
515 1622 647 1661 omnia
668 1636 808 1675 operae
826 1625 999 1676 pretium
1018 1624 1121 1664 duco
1140 1625 1260 1690 figere
1276 1624 1477 1676 utrimque
1492 1629 1614 1665 metas
1630 1623 1727 1664 huic

277 1677 486 1728 historiae,
516 1685 556 1716 et
574 1692 625 1717 ex
644 1693 721 1730 quo
742 1680 878 1718 limine
900 1681 1148 1733 procedens
1137 1696 1180 1720 m
1202 1694 1316 1732 quem
1337 1686 1523 1719 excurrat
1547 1680 1725 1730 limitem,

282 1734 447 1775 definire
470 1735 683 1775 metiendo.
740 1735 877 1775 scribit
893 1743 1027 1776 noster
1046 1752 1086 1790 p.
1104 1740 1156 1780 12
1176 1751 1215 1777 v.
1234 1738 1261 1781 4
1279 1736 1551 1776 Andronicum
1568 1737 1727 1776 Palaeo-

280 1791 414 1841 logum
444 1797 712 1843 capessentem
743 1792 871 1830 solum
905 1793 1086 1832 extincto
1114 1794 1191 1832 iam
1218 1799 1330 1846 patre
1358 1792 1529 1833 habenas
1557 1792 1727 1845 imperii,

282 1861 410 1886 annos
443 1854 587 1885 natum
609 1849 748 1898 fuisse
778 1855 956 1900 quatuor
975 1863 1103 1901 supra
1125 1851 1299 1902 viginti5
1329 1862 1376 1887 ac
1403 1862 1438 1887 c.
1456 1852 1510 1892 36
1529 1854 1569 1888 et
1585 1848 1728 1888 ultimo

280 1903 374 1942 libri
391 1906 440 1953 7,
467 1902 586 1942 huius
615 1903 745 1956 operis
770 1905 983 1956 postremi,
1013 1905 1183 1946 affirmat
1203 1905 1379 1945 desinere
1399 1904 1504 1944 hanc
1520 1904 1730 1946 historiam

283 1959 326 1997 in
346 1973 449 1997 anno
470 1960 900 2012 undequinquagesimo
917 1962 1054 2002 aetatis
1074 1961 1294 2002 Andronici
1305 1961 1491 2000 eiusdem.
1546 1960 1678 2010 unde
1664 1974 1730 2004 m-

283 2016 430 2066 fertur,
463 2029 524 2054 res
549 2022 673 2067 gestas
708 2016 822 2056 annis
840 2031 910 2057 sex
928 2024 967 2056 et
983 2018 1122 2069 viginti
1138 2018 1255 2057 huius
1275 2017 1440 2057 secundi
1459 2015 1731 2069 Pachymeria-

283 2084 359 2110 nae
378 2071 565 2111 historiae
582 2073 796 2112 voluminis
812 2081 1085 2126 argumentum
1106 2075 1247 2115 facere.
1303 2087 1425 2112 annos
1446 2072 1592 2126 quippe
1607 2072 1731 2111 sumi-

283 2140 373 2166 mus
394 2128 571 2179 expletos
591 2129 639 2166 ad
660 2129 945 2182 expeditiorem
965 2131 1181 2180 calculum;
1210 2130 1253 2169 id
1276 2130 1383 2182 quod
1398 2129 1496 2169 citra
1513 2128 1644 2180 magni
1660 2128 1731 2166 de-

286 2183 463 2223 trimenti
489 2184 708 2236 periculum
735 2199 851 2238 posse
877 2200 950 2225 nos
981 2188 1132 2238 facere,
1162 2200 1212 2225 ex
1239 2186 1290 2225 iis
1319 2199 1416 2237 quae
1441 2198 1605 2224 numero
1635 2196 1733 2223 mox

286 2240 405 2278 tertio
433 2239 482 2333 ge
511 2246 605 2281 nato
635 2241 739 2282 circa
768 2241 910 2282 Iuliani
936 2243 1030 2283 anui
1051 2217 1290 2298 principium
1310 2241 1538 2283 Andronico
1555 2240 1731 2280 dicemus

286 2307 430 2347 appare
459 2302 504 2334 1t.

401 2384 453 2422 11.
508 2384 643 2424 Restat
673 2385 961 2438 explorandum
992 2388 1104 2439 quoti
1131 2393 1388 2426 numerentur
1407 2385 1450 2424 in
1471 2396 1558 2423 aera
1574 2383 1733 2434 vulgari

292 2438 513 2478 Christiana
529 2441 609 2478 duo
627 2439 671 2478 hi
690 2442 795 2492 anni,
826 2443 894 2494 qui
917 2446 1087 2494 spatium
1105 2443 1308 2495 temporis,
1334 2443 1378 2480 in
1397 2455 1474 2492 quo
1494 2438 1733 2492 explicando

290 2494 388 2534 haec
417 2495 585 2534 historia
612 2504 816 2547 versatur,
844 2499 1044 2550 utrimque
1065 2500 1291 2541 terminant.
1347 2510 1482 2536 eorum
1510 2495 1622 2548 prior
1644 2495 1735 2546 qui-

295 2552 407 2602 dem,
435 2552 540 2591 unde
565 2551 810 2605 principium
841 2554 1021 2604 ducitur,
1049 2568 1140 2593 cum
1161 2554 1292 2592 statim
1314 2566 1336 2591 a
1354 2551 1556 2591 Michaelis
1577 2551 1734 2591 Palaeo-

293 2608 372 2659 logi
404 2608 567 2659 Augusti
598 2614 724 2647 morte
754 2608 982 2658 inchoetur,
1021 2616 1059 2648 et
1098 2609 1219 2658 haec,
1259 2615 1306 2647 ut
1335 2609 1645 2647 demonstratum
1673 2612 1736 2645 est

293 2664 375 2702 vol.
400 2664 419 2702 Ι
450 2678 492 2716 p.
520 2662 621 2713 747,
663 2663 727 2703 die
760 2667 789 2706 2
817 2664 1038 2703 Decembris
1070 2678 1173 2703 anno
1199 2664 1346 2703 Christi
1373 2666 1481 2707 1282
1511 2662 1734 2714 contigerit,

294 2721 372 2758 fuit
398 2720 482 2759 sine
513 2719 633 2760 dubio
667 2733 794 2759 annus
818 2720 923 2759 idem
954 2733 1065 2759 aeiae
1091 2720 1263 2771 vulgaris
1294 2723 1421 2772 1282,
1450 2719 1519 2758 sed
1539 2724 1737 2781 postrema

294 2777 502 2816 dumtaxat
539 2775 600 2816 sui
634 2782 776 2829 parte,
821 2776 960 2817 diebus
997 2776 1183 2817 videlicet
1214 2776 1369 2829 viginti.
1434 2775 1528 2815 huic
1563 2788 1666 2815 anno
1701 2772 1736 2814 si
