1858 3126
301 176 399 224 854
696 176 1017 221 OBSERVAT.
1050 175 1370 221 PAGHYMER.

317 283 396 345 2¹1:ss
436 281 600 343 rffigfnss'gss‘
625 281 790 346 ¹¹¹¹¹¹J¹¹g¹ffffi
838 292 878 326 et
897 287 1232 340 Solymampaxim
1249 286 1391 327 ducem
1406 289 1601 328 exercitus
1615 289 1763 328 barba-

451 348 583 411 ῧὲξξιίεὲο
628 383 792 413 Andronici
837 358 975 383 rorum
994 344 1244 383 Nicomediae
1260 345 1457 395 minantis,
1486 358 1642 385 servare
1657 347 1763 385 illam

484 417 559 445 vm
585 405 593 413 ‘
838 402 976 441 urbem
1007 403 1170 454 satagit,
1203 407 1244 440 et
1272 402 1448 441 minuere
1478 402 1765 453 aliquantulum

303 458 409 498 1303
518 458 544 497 9
682 459 733 498 21
838 459 928 497 belli
949 459 1094 497 atrocis
1116 461 1239 508 mala3
1268 472 1350 510 qua·
1365 459 1408 498 in
1430 471 1476 498 re
1496 473 1578 498 non
1595 459 1766 499 multum

634 507 783 538 *ssew-⁶¹·
839 515 1009 568 proficit.
1067 515 1094 556 1.
1112 514 1139 556 4
1158 529 1191 556 c.
1213 519 1281 558 30.

685 550 737 591 ¹⁰
894 573 990 610 Post
1006 572 1214 624 synodicas
1225 571 1522 611 deliberationes
1537 571 1639 610 circa
1649 571 1767 610 Ioan-

839 629 899 667 nis
921 630 1082 667 cosmae
1101 628 1349 681 patriarchae
1372 629 1603 678 cessionem,
1632 634 1674 667 et
1695 641 1767 667 va-

837 686 917 724 rias
946 686 1146 738 utrimque
1171 686 1247 725 ista
1277 685 1480 725 occasione
1509 685 1627 724 tricas
1656 699 1690 724 c.
1712 687 1762 726 31

839 745 893 785 32
914 749 1162 793 memoratas,
1192 755 1235 781 re
1257 742 1390 781 adhuc
1407 741 1578 781 indecisa
1596 742 1768 794 impera-

840 805 923 849 tor,
952 813 1020 853 spe
1044 798 1374 838 attrahendorum
1396 798 1703 838 Arsenianomm
1725 797 1769 835 in

837 869 928 895 suas
954 862 1086 909 partes
1113 856 1288 896 ostendit
1314 869 1354 894 se
1386 870 1467 894 non
1498 855 1712 894 abhorrere
1746 868 1769 892 a

838 914 1088 964 promotione
1117 914 1288 966 episcopi
1315 912 1681 959 Marmaritziensis,
1719 911 1769 950 ab

836 970 884 1008 iis
892 970 943 1008 ad
953 970 1030 1008 hoc
1038 970 1241 1020 nominati,
1250 971 1293 1008 in
1302 968 1581 1022 patriarcham.
1592 969 1618 1008 l.
1628 968 1655 1010 4
1666 972 1768 1012 αδδ,

892 1037 1060 1077 Michaffl
1089 1038 1288 1089 Augustus
1311 1037 1444 1076 iunior
1470 1037 1770 1076 vehementissi-

838 1095 910 1133 mis
930 1095 1140 1135 insultibus
1160 1096 1367 1133 Persarum
1391 1094 1609 1133 resistendo
1627 1094 1770 1146 impar,

837 1153 1024 1204 Pergamo
1045 1152 1230 1203 Cyzicum
1250 1151 1420 1200 recedit3
1449 1165 1495 1188 ac
1516 1164 1565 1190 ne
1582 1150 1664 1189 illic
1681 1150 1772 1202 qui-

839 1208 930 1247 dem
950 1223 990 1247 se
1017 1215 1152 1248 tutum
1173 1209 1356 1256 sentiens,
1394 1208 1534 1259 Pegas,
1564 1220 1664 1258 quae
1687 1212 1771 1246 erat

838 1267 935 1305 urbs
973 1266 1170 1306 maritima
1211 1265 1495 1315 munitissima,
1539 1276 1579 1302 se
1615 1264 1770 1317 recipit.

838 1324 866 1363 l.
890 1324 917 1366 5
936 1337 969 1362 c.
993 1326 1058 1366 10.

894 1391 1118 1429 Bonifacius
1137 1388 1225 1430 v111
1247 1403 1424 1428 summus
1444 1389 1627 1441 pontifex
1647 1387 1772 1429 mori-

838 1453 908 1487 tur
927 1448 1075 1486 Romae
1095 1448 1122 1491 5
1140 1447 1234 1486 idus
1255 1446 1459 1495 Octobris,
1497 1459 1588 1485 cum
1613 1445 1774 1484 sedisset

839 1518 963 1543 annos
991 1508 1040 1554 8,
1070 1517 1221 1542 menses
1253 1507 1302 1552 9,
1333 1503 1418 1545 dies
1439 1504 1504 1544 18.
1560 1502 1715 1554 eligitur
1737 1504 1771 1540 ei

421 1547 425 1582 ι
838 1574 1038 1600 successor
1065 1564 1108 1601 11
1138 1561 1217 1599 kal.
1241 1560 1338 1598 Nov.
1357 1560 1425 1598 Fr.
1442 1559 1624 1597 Nicolaus
1643 1559 1773 1596 Boea-

839 1618 947 1656 sinus
969 1617 1066 1655 Ord.
1088 1617 1422 1664 praedicatorum,
1448 1615 1666 1653 cardinalis
1687 1615 1773 1666 epi-

840 1687 981 1725 scopus
998 1674 1206 1721 Ostiensis,
1237 1672 1303 1722 qui
1333 1671 1528 1710 dominica
1548 1672 1729 1722 sequenti
1747 1674 1774 1713 6

840 1729 922 1772 kal.
941 1730 1059 1779 Nov.,
1089 1730 1222 1781 vigilia
1242 1728 1377 1780 Apost.
1394 1727 1564 1766 Simonis
1580 1734 1620 1775 et
1638 1728 1774 1778 Iudae,

841 1791 1052 1824 coronatus
1083 1785 1190 1838 apud
1219 1787 1260 1825 S.
1282 1786 1443 1823 Petrum
1470 1784 1669 1823 Benedicti
1695 1798 1774 1823 no-

840 1856 931 1881 men
955 1842 1176 1894 assumpsit.
1234 1841 1345 1880 hunc
1365 1841 1424 1879 IX
1450 1841 1555 1880 inter
1576 1842 1774 1880 Romanos

841 1899 1045 1952 pontifices
1065 1899 1120 1937 sic
1143 1899 1361 1951 appellatos
1378 1897 1615 1950 Spondanus
1632 1911 1775 1939 nume-

841 1962 915 2007 rat,
948 1955 1022 1995 etsi
1038 1955 1214 2008 plerique
1234 1956 1291 1994 XI
1315 1961 1512 1998 censeant,

898 2024 1121 2076 Septembri
1142 2022 1261 2062 huius
1284 2023 1398 2073 anni,
1427 2028 1566 2074 coepta
1587 2022 1667 2061 iam
1694 2035 1774 2062 nu-

842 2081 986 2120 merari
999 2093 1109 2119 more
1120 2081 1364 2119 Graecorum
1378 2079 1592 2118 indictione
1606 2083 1645 2127 2,
1662 2080 1776 2117 Ron-

842 2138 988 2176 tzerius
1012 2151 1103 2176 cum
1134 2137 1314 2176 exercitu
1342 2136 1523 2175 auxiliari
1545 2135 1775 2174 Constanti-

842 2195 1018 2246 nopolim
1047 2194 1221 2246 appellit.
1278 2199 1437 2232 creatur
1463 2192 1513 2231 ab
1537 2193 1775 2245 imperatore

843 2251 929 2290 dux
951 2265 1134 2302 magnus,
1164 2257 1204 2289 et
1235 2250 1356 2288 filiam
1375 2249 1511 2288 Asanis
1539 2262 1589 2287 ex
1608 2248 1775 2299 Augusti

844 2321 979 2347 sorore
1014 2313 1148 2346 natam
1180 2320 1347 2346 uxorem
1385 2305 1538 2357 accipit.
1601 2304 1776 2343 mittitur

844 2364 1043 2416 Cyzicum.
1098 2365 1140 2402 in
1171 2364 1345 2415 digressu
1373 2367 1623 2414 oppugnatur
1648 2374 1672 2398 a
1695 2361 1776 2398 Ge-

846 2422 1067 2460 nuensibus.
1126 2420 1360 2471 drungarius
1379 2418 1532 2456 Muzalo
1561 2417 1701 2456 missus
1726 2417 1775 2455 ab

844 2479 1080 2530 imperatore
1101 2477 1151 2515 ad
1177 2477 1306 2515 rixam
1332 2473 1597 2514 dirimendam
1616 2473 1776 2512 interfi-

845 2535 963 2572 citur.
1021 2534 1047 2572 l.
1071 2534 1097 2576 5
1116 2547 1152 2576 c.
1176 2532 1242 2576 14.
1767 2542 1770 2546 '

312 2682 418 2724 1304
451 2670 608 2733 Benggict·
650 2671 780 2700 Andron·
902 2667 1034 2706 Menas
1059 2665 1277 2706 monachus
1305 2670 1563 2717 cognomento
1588 2663 1776 2721 Scoleces,

645 2713 782 2792 Μίἓὲω
849 2722 1064 2788 disciputus
1086 2722 1291 2787 Athanasii
1312 2719 1620 2774 expatriarchae,
1642 2720 1706 2785 die
1721 2720 1776 2762 25

696 2802 745 2840 11
784 2781 793 2791 '
850 2781 1021 2820 Ianuarii
1060 2780 1132 2819 sub
1171 2780 1263 2818 solis
1297 2783 1478 2818 oecasum
1506 2777 1777 2816 Andronicum

850 2838 1128 2890 imperatorem
1165 2835 1323 2886 adiens,
1365 2847 1478 2888 aegre
1514 2833 1673 2872 tandem
1703 2845 1777 2871 au-
