1858 3126
239 159 337 208 342
661 159 901 204 GEORGII
936 160 1289 207 PACHYMERIS

235 293 317 320 τειν
327 308 341 328 ,
373 272 487 318 οὕτω
501 274 568 316 καὶ
586 269 711 316 πάλιν
728 269 1059 328 ὖπελαμβάνετο.
1130 273 1259 325 αὐτὸς
1273 275 1323 321 δὲ
1350 273 1633 333 μεθ’.ἡιιε’ρας
1651 278 1721 320 καὶ

237 345 485 401 παραίτησιν
513 340 734 398 σχεδιάσας
763 341 909 398 πέμπει
939 342 1045 401 πρὸς
1075 343 1252 398 βασιλέα
1291 341 1424 395 οὕτως
1453 343 1630 400 ἔχουσαν
1654 346 1720 389 ἐπὶ

238 414 394 466 λέξεων.

189 483 218 516 C
379 481 459 527 29.
517 477 746 524 “Ae'onotci
763 497 846 536 μου
867 477 953 536 ἅγιε
968 484 1141 535 βασιλεῦ
1153 513 1166 534 ,
1204 482 1271 524 καὶ
1289 478 1406 536 ὑμεῖς
1424 477 1619 525 δεσπόται
1636 500 1720 537 μου

238 548 344 607 ἅγιοι
363 549 588 608 ἀρχιερεῖς,
626 549 704 606 ἐγὼ
719 549 767 593 τὸ
793 553 958 607 πρῶτον
979 548 1227 607 ἁμαρτωλὸν
1246 550 1364 601 εἰδὼς
1385 549 1565 606 ἐμαυτὸν
1585 549 1720 595 πάντα
1733 556 1755 592 5

239 619 442 676 ἔπραττον
472 617 574 675 ὑπὲρ
615 622 690 662 τοῦ
731 623 807 674 τῆς
847 616 1054 676 ἁμαρτίας
1098 619 1313 676 ῥυσθῆναί
1348 636 1414 674 με.
1481 623 1644 674 μᾶλλον
1677 621 1724 664 δὲ

238 688 444 745 ἔπραττον
469 688 544 743 μὲν
564 686 706 744 ὀλίγα,
745 687 792 732 τὸ
819 687 940 731 πλέον
964 687 1010 730 δ’
1034 685 1245 746 ἐθάρρουν
1272 691 1331 739 εἰς
1352 688 1400 733 τὸ
1422 686 1724 745 ἆνεξᾶντλητον

239 758 414 814 πέλαγος
445 761 520 812 τῆς
546 760 622 799 τοῦ
653 761 757 800 θεοῦ
787 757 1132 814 φιλανθρωπίας,
1179 756 1279 815 ὅπερ
1307 757 1514 808 πλουσίως
1534 757 1663 813 ἐξίχεέ
1679 775 1723 802 τε

241 829 308 870 καὶ
334 829 530 882 διηνεκῶς
561 824 684 880 ἐκχέει
711 823 816 883 πρός
840 843 883 870 τε
911 827 1095 877 δικαίους
1126 828 1195 870 καὶ
1220 825 1496 884 ἁμαρτωλοὺς
1520 828 1588 870 καὶ
1619 826 1725 883 πρὸς

241 901 382 940 πᾶσαν
401 895 476 951 τὴν
495 892 573 938 ὑπ’
598 894 726 938 αὐτὸν
752 896 897 943 κτίσιν.
967 897 1035 939 καὶ
1065 893 1204 956 τούτῳ
1225 893 1338 956 μόνῳ
1364 899 1541 953 θαρρῶν
1559 892 1724 951 διήνυον
1737 900 1781 936 10

101 969 126 1003 Ρ
149 972 219 1008 236
245 964 374 1021 ἡδέως
393 964 466 1008 τὸν
484 963 583 1019 ἕμὸν
603 964 714 1017 βίον.
787 963 873 1008 εἶτα
897 963 1177 1022 ἀναγκασθεὶς
1202 963 1284 1009 ὅσα
1308 963 1393 1009 οἶδε
1413 962 1537 1019 θεός,
1574 966 1727 1022 κρίμα-

241 1052 306 1078 σιν
338 1032 401 1085 οἷς
428 1031 536 1078 οἶδεν
570 1030 728 1087 αὐτός,
774 1030 967 1089 ἀνήχθην
1007 1035 1064 1084 εἷς
1103 1034 1176 1078 τὸν
1219 1033 1516 1092 πατριαρχικόν
1552 1031 1724 1091 θρόνον.

240 1102 452 1161 ὑβρίσθην
482 1101 588 1158 μετὰ
619 1106 754 1146 ταῦτα
781 1101 861 1146 ὅσα
895 1101 980 1149 οἶδε
1008 1107 1092 1154 πᾶς
1118 1101 1140 1147 ὃ
1177 1104 1365 1147 ἐνταῦθα
1389 1105 1458 1146 καὶ
1476 1102 1592 1154 ἐκτὸς
1609 1100 1724 1154 λαός.

242 1170 460 1228 ἐλυπήθην
479 1171 549 1215 διὰ
566 1174 702 1214 ταῦτα
719 1169 878 1224 πολλά,
913 1171 1004 1227 οὐχὶ
1028 1171 1096 1215 διὰ
1129 1172 1205 1227 τὴν
1225 1172 1326 1228 ἐμὴν
1350 1169 1604 1226 ὖπόστασιν,
1640 1170 1726 1215 οἶδε

242 1240 368 1295 θεός,
406 1241 512 1284 ἀλλὰ
544 1239 614 1283 διὰ
646 1240 694 1284 τὸ
722 1244 796 1296 τῆς
829 1241 1045 1297 ἐκκλησίας
1064 1239 1177 1285 ἅπαν
1204 1239 1436 1298 πλήρωμα,
1470 1234 1519 1296 ἧς
1539 1240 1726 1298 Χριστὸς
1738 1243 1781 1282 15

243 1313 313 1354 καὶ
345 1310 414 1354 διὰ
437 1314 513 1366 τῆς
541 1307 712 1366 χάριτος
739 1310 891 1354 ἐκείνου
921 1310 999 1366 ἐγὼ
1028 1308 1199 1368 κεφαλή.
1283 1310 1402 1361 εἰδώς
1431 1310 1571 1354 τοίνυν
1601 1307 1658 1360 ὥς
1677 1309 1726 1354 οὔ

245 1384 328 1423 τῶν
349 1377 616 1438 πρεπόντων,
653 1378 702 1422 οὐ
732 1383 817 1422 τῶν
839 1380 1007 1423 δικαίων
1038 1379 1085 1423 ι’ίν
1096 1413 1109 1433 ,
1145 1378 1277 1430 οὕτως
1299 1378 1549 1437 ὑβρισμένον
1567 1377 1729 1437 ἀποφέ-

194 1457 221 1491 Β
249 1453 399 1507 ρεσθαι
418 1445 675 1507 πατριάρχου
696 1447 874 1503 ἀξίωμα,
911 1448 1187 1505 ἀναγκασθεὶς
1208 1448 1355 1504 ὤμοσα
1373 1449 1449 1506 τὴν
1468 1447 1598 1492 αὐτοῦ
1621 1447 1730 1492 ἄπο-

246 1516 390 1572 βολήν.
459 1520 528 1561 καὶ
551 1518 697 1572 ἰ’στημι
725 1522 802 1560 τοῦ
834 1515 1015 1575 φυλάξαι
1041 1518 1140 1568 τούς
1169 1516 1317 1575 λόγους
1347 1535 1454 1574 μου,
1491 1519 1560 1561 καὶ
1579 1517 1729 1560 ἀποδί-

247 1589 355 1642 δωμι
378 1586 470 1630 ῗδοῦ
495 1585 572 1635 τὰς
595 1583 715 1640 εὐχάς
734 1604 841 1640 μου,
880 1586 931 1636 ἃς
950 1586 1174 1630 διέστειλαν
1191 1587 1245 1630 τὰ
1263 1589 1377 1643 χείλη
1395 1604 1477 1642 μου
1499 1587 1542 1628 ἐν
1558 1590 1609 1643 τῇ
1627 1586 1784 1629 &at-20

245 1668 318 1710 ψει
339 1673 436 1711 μου.
507 1658 789 1712 παραιτοῦμαι
807 1654 886 1713 γὰρ
906 1655 977 1699 τὸν
997 1655 1291 1714 πατριαρχικόν
1310 1654 1489 1714 θρόνον·
1525 1653 1582 1706 ὥς
1603 1653 1655 1699 ἂν
1683 1656 1730 1699 δὲ

246 1813 307 1854 let,
330 1812 390 1848 ubi
413 1823 480 1847 non
504 1811 572 1846 alia
594 1811 790 1846 conditione
813 1822 1028 1847 assensurum
1052 1823 1090 1847 se
1113 1815 1320 1848 monstraret
1344 1824 1445 1859 quam
1469 1812 1500 1847 si
1522 1822 1611 1858 quae
1627 1814 1731 1858 opta-

246 1860 309 1893 bat
332 1859 477 1902 fierent,
508 1859 584 1892 fore
614 1865 654 1892 ut
685 1859 757 1893 voti
789 1870 925 1904 compos
955 1863 1144 1893 resumeret
1167 1871 1263 1894 usum
1286 1859 1480 1905 potestatis.
1527 1859 1565 1893 in
1586 1859 1652 1893 hac
1674 1863 1730 1893 ta-

247 1917 324 1940 men
358 1904 573 1940 simulatione
605 1904 815 1939 recusandae
845 1904 936 1940 sedis
968 1917 1032 1939 uno
1064 1905 1174 1950 gradu
1208 1918 1297 1941 nunc
1328 1906 1463 1951 longius
1493 1916 1594 1951 quam
1628 1908 1730 1940 antea

247 1962 470 1997 progressus,
502 1955 584 1997 post
607 1951 679 1985 dies
703 1951 831 1997 aliquot
853 1951 1077 1986 abdicationis
1098 1952 1275 1987 formulam
1299 1952 1526 1999 conscriptam
1555 1950 1600 1986 ad
1621 1950 1732 1997 impe-

249 2002 398 2032 ratorem
420 1997 525 2040 misit,
550 1996 603 2031 his
627 1997 728 2043 plane
752 2002 949 2042 conceptam
973 1998 1101 2032 verbis.

341 2045 399 2078 29.
446 2043 620 2078 “Domine
643 2043 689 2078 mi
712 2049 832 2079 sancte
854 2043 1051 2090 imperator,
1078 2055 1209 2091 vosque
1232 2044 1357 2080 domini
1379 2043 1445 2078 mei
1468 2055 1511 2079 ac
1533 2042 1646 2079 sancti
1667 2053 1733 2078 an-

250 2088 400 2132 tiststes,
436 2101 500 2134 ego
534 2090 679 2135 primum
711 2094 926 2135 peccatorem
959 2102 1012 2125 me
1043 2091 1155 2126 sciens
1186 2091 1270 2125 nihil
1292 2102 1358 2125 non
1383 2090 1437 2135 egi
1460 2102 1528 2136 quo
1550 2090 1732 2124 liberarem

251 2147 303 2169 me
326 2139 467 2180 peccato
482 2159 491 2176 ,
521 2141 583 2170 aut
606 2136 720 2181 potius
734 2162 744 2181 ,
770 2148 845 2171 cum
868 2137 912 2171 ad
935 2137 999 2172 hoc
1021 2137 1126 2172 multa
1150 2149 1213 2184 pro
1236 2149 1313 2172 mea
1335 2135 1568 2172 imbecillitate
1591 2135 1732 2180 egerim,

250 2192 313 2226 pro
338 2181 389 2215 rei
412 2182 533 2216 merito
558 2193 599 2216 ac
626 2183 832 2218 difficultate
862 2194 971 2228 pauca
1003 2184 1070 2229 egi.
1117 2184 1334 2230 praecipuam
1361 2194 1443 2218 vero
1468 2181 1626 2216 fiduciam
1650 2192 1733 2215 con-

252 2228 398 2261 stituens
420 2227 456 2260 in
479 2228 601 2272 pelago
623 2228 824 2264 inexhausto
849 2229 984 2264 divinae
1007 2229 1240 2275 benignitatis,
1260 2229 1353 2276 quod
1374 2228 1563 2264 liberaliter
1584 2230 1621 2262 et
1642 2226 1732 2261 effu-

186 2307 198 2322 „
252 2273 302 2307 dit
325 2274 487 2307 hactenus
511 2279 547 2308 et
570 2274 715 2309 effundit
738 2275 969 2310 indesinenter
999 2277 1084 2311 deus
1112 2277 1147 2311 in
1171 2283 1372 2323 peccatores
1393 2274 1524 2320 pariter
1547 2284 1588 2307 ac
1611 2272 1733 2315 iustos,

251 2319 406 2364 adeoque
428 2319 462 2352 in
486 2319 663 2354 universas
685 2321 973 2356 indiscriminatim
998 2327 1174 2358 creaturas
1196 2334 1288 2364 suas,
1310 2323 1375 2355 hac
1396 2321 1507 2354 fretus
1528 2318 1601 2353 sola
1626 2318 1732 2353 vitam

251 2365 404 2399 suaviter
431 2376 538 2399 meam
563 2367 672 2411 exegi.
721 2367 843 2402 deinde
877 2372 1036 2410 coactus,
1074 2373 1177 2414 prout
1209 2370 1294 2402 deus
1326 2366 1444 2406 novit,
1477 2364 1612 2399 iudiciis
1642 2376 1733 2410 qnae

251 2411 328 2456 ipse
363 2411 449 2451 scit,
485 2415 626 2446 evectus
658 2423 732 2446 sum
764 2413 800 2446 in
832 2414 1094 2459 patriarchalem
1127 2411 1299 2448 thronum.
1344 2410 1476 2446 iniuriis
1501 2411 1666 2456 posthaec
1689 2423 1732 2446 ac

253 2456 467 2491 contumeliis
489 2468 561 2491 sum
586 2457 734 2492 affectus
757 2459 848 2493 notis
870 2460 1040 2503 universo,
1059 2460 1117 2504 qui
1139 2461 1231 2494 intra
1254 2458 1380 2504 quique
1403 2462 1502 2492 extra
1523 2458 1642 2492 urbem
1665 2461 1731 2500 est,

253 2504 391 2549 populo.
437 2513 481 2536 ex
503 2503 627 2548 quibus
650 2515 771 2548 magno
795 2505 911 2539 dolore
934 2517 1007 2539 sum
1030 2506 1198 2547 afflictus,
1228 2517 1295 2539 non
1319 2504 1480 2549 privatae
1502 2515 1598 2538 meae
1619 2503 1732 2538 iactu-

253 2561 315 2584 rae
338 2551 398 2584 aut
419 2548 624 2593 ignominiae
648 2561 753 2584 causa
776 2550 877 2595 (deus
900 2551 1024 2595 novit),
1048 2552 1109 2586 sed
1130 2555 1270 2597 propter
1294 2551 1416 2584 (lamna
1437 2549 1516 2584 inde
1538 2550 1734 2584 redundan-

254 2595 306 2630 tia
327 2595 362 2629 in
385 2594 576 2629 universum
602 2595 768 2630 ecclesiae
791 2607 926 2641 corpus,
951 2597 1044 2631 cuius
1067 2597 1212 2642 primum
1232 2597 1401 2638 Christus,
1426 2596 1548 2630 deinde
1571 2608 1634 2642 per
1657 2596 1732 2631 eius

255 2641 405 2686 gratiam
428 2652 492 2686 ego
517 2645 620 2686 caput
643 2653 726 2676 sum.
773 2642 883 2676 sciens
905 2642 1012 2687 igitur
1034 2654 1099 2677 nec
1115 2644 1239 2678 decens
1262 2655 1325 2677 nec
1347 2643 1470 2677 iustum
1497 2654 1574 2677 esse
1596 2642 1648 2677 sic
1671 2643 1733 2676 de-

257 2691 438 2723 formatam
470 2687 683 2722 contumeliis
715 2687 934 2723 circumferre
963 2689 1182 2734 patriarchae
1205 2689 1425 2735 dignitatem,
1457 2692 1598 2724 coactus
1618 2687 1733 2723 iuravi

257 2746 311 2768 me
334 2735 424 2768 illam
447 2734 693 2769 abdicaturum.
739 2739 775 2769 et
797 2739 936 2780 praesto
960 2747 1033 2770 sum
1056 2739 1198 2782 paratus
1221 2736 1346 2781 exequi
1370 2736 1460 2781 quod
1485 2735 1578 2779 dixi3
1608 2734 1734 2770 reddo-

257 2792 324 2824 que
348 2792 390 2815 en
413 2785 497 2815 vota
519 2791 612 2822 mea,
645 2791 734 2826 quae
769 2781 995 2816 distinxerunt
1025 2781 1116 2817 labia
1140 2794 1215 2817 mea
1239 2782 1273 2816 in
1295 2781 1516 2816 tribulatione
1538 2793 1624 2816 mea.
1670 2781 1735 2816 ab·

258 2826 334 2861 dico
366 2827 455 2863 enim
485 2827 744 2875 patriarchalem
776 2827 959 2873 thronum3
992 2831 1028 2863 et
1057 2839 1100 2863 ne
1134 2832 1348 2874 praetextum
1381 2828 1415 2863 in
1438 2832 1611 2875 posterum
1630 2827 1732 2863 ullum
