1858 3126
253 158 354 204 386
681 157 919 202 GEORGII
951 157 1306 205 PACHYMERIS

251 268 454 326 συλλέγων
474 264 666 324 ἓξῆντλει.
738 270 806 312 καὶ
829 263 881 325 ἦν
906 267 1042 328 ἐκείνῳ
1065 268 1113 312 τὸ
1137 269 1212 323 μὲν
1233 271 1436 328 συλλέγειν
1455 272 1548 316 λίαν
1565 273 1719 328 ἔπίμω-

252 357 356 393 μον,
395 337 441 380 τὸ
472 336 518 379 δ’
551 339 755 388 ἐξαντλεῖν
787 337 926 380 ἱκανὸν
958 336 1231 395 ἀποκρύπτειν
1259 341 1327 383 καὶ
1355 340 1496 396 τὸτῆς
1519 346 1721 398 συλλογῆς

254 408 464 461 αἴσχιστον
484 405 531 448 οὗ
551 410 711 459 μᾶλλον
733 405 1048 465 κατανοουμε-’νῳ
1071 406 1140 449 διὰ
1158 406 1230 451 τὸν
1249 405 1405 464 τρόπον
1424 413 1498 453 τοῦ
1514 415 1718 468 πορισμοῦ

251 474 350 519 ὅσον
379 475 654 533 ἐπαινουμένῳ
690 475 758 518 διὰ
777 475 825 519 τὸ
848 480 923 530 τῆς
949 475 1222 533 προαιρέσεως
1239 474 1525 530 εὖμετάδοτον.
1593 484 1717 523 τοῦτο

250 544 356 588 πολὺ
384 549 608 600 προβαῖνον
644 545 757 601 ἐξῇρε
788 543 863 598 τὴν
891 541 1055 599 γνώμην
1091 546 1149 594 εἷς
1169 542 1392 588 ἀλλόκοτον
1421 546 1614 603 ἔπαρσιν,
1651 549 1750 592 καὶὸ

252 614 395 662 οἲκίαις
420 612 568 667 ἤθελεν
598 610 960 669 ἐλλαμπρύνεσθαι
991 614 1058 655 καὶ
1089 617 1174 671 ναῷ
1197 613 1292 656 κατ’
1319 616 1427 658 ι’δίαν
1442 619 1632 672 χρᾶσθαι
1651 618 1719 660 καὶ

249 681 507 737 λειτουργοὺς
536 680 637 735 ἔχειν
670 683 738 724 καὶ
766 679 1076 738 φιλοτιμότερον
1107 680 1351 738 ἐνεορτάζειν
1377 690 1464 733 ταῖς
1483 683 1720 740 περιφανέσι

203 761 233 795 C
256 755 338 794 τῶν
355 747 631 806 πανηγύρεων.
696 747 859 800 τούτοις
883 749 925 792 δ’
952 749 1030 793 ἔδει
1049 748 1213 800 πάντως
1234 752 1301 793 καὶ
1320 749 1532 808 ἀναλόγων
1549 750 1715 807 ἐξόδων,

249 826 340 870 ταῖς
373 818 421 862 δ’
455 813 581 868 αὖθις
608 819 729 874 ἐχρῆν
755 823 968 874 πορισμῶν
994 819 1188 863 ἄλλοθεν.
1267 819 1307 862 οἶ
1335 819 1379 863 δ’
1410 820 1484 865 οὐκ
1509 816 1639 876 ἦσαν·
1683 823 1719 865 εἷ

251 888 296 932 δ’
326 883 454 942 ἦσαν,
503 886 598 929 ἀλλ’
630 887 704 929 οὐκ
742 885 976 943 ηὖτάρκουν
1006 888 1048 939 ἐν
1076 895 1166 938 ταῖς
1191 890 1359 944 χρείαις.
1379 893 1395 903 ”
1439 890 1590 946 γίνεται
1617 893 1773 946 γοῦν10

249 954 428 1013 ἀγύρτης
448 953 663 1012 φιλότιμος
684 958 751 998 καὶ
770 956 968 1012 ποριστὴς
988 955 1267 1012 ἀνελεύθερος.
1327 958 1395 1001 καὶ
1417 962 1475 1017 τῷ
1491 958 1594 1015 πρὸς
1614 963 1718 1002 πολ-

250 1025 349 1075 λοὺς
371 1026 525 1074 οἰκείως
546 1023 646 1078 ἔχειν
664 1026 730 1077 καὶ
752 1028 921 1081 φιλικῶς
949 1025 991 1075 ἐξ
1020 1019 1077 1068 ὧν
1102 1025 1274 1082 ἔπραττε
1287 1058 1300 1078 ,
1338 1026 1479 1084 σφίσιν
1494 1023 1718 1084 ἐπιφυόμε-

248 1111 319 1144 νος
351 1094 536 1149 ἒκιχρᾶτο
568 1091 625 1142 ὥς
651 1092 790 1136 αὐτίκ’
828 1092 1025 1150 ἀφέξουσι
1055 1093 1108 1137 τὰ
1138 1091 1344 1149 διδόμενα.
1414 1097 1482 1138 καὶ
1519 1093 1541 1138 ὁ
1570 1096 1646 1150 μὲν
1673 1095 1716 1138 ἐν

249 1163 459 1217 ἓλπισμοΐς
472 1157 522 1217 ἧν
541 1162 732 1218 ματαίοις
744 1161 787 1204 ἔκ
805 1178 926 1204 τινων
945 1159 1153 1217 οἶημάτων
1169 1165 1383 1219 χειρίστων
1402 1161 1458 1213 ὥς
1475 1161 1715 1220 εὐπορήσων

248 1231 353 1289 πρὸς
384 1231 459 1285 τὴν
487 1227 696 1283 ἀπότισιν,
742 1237 829 1280 τοῖς
856 1229 899 1273 δ’
934 1231 975 1273 ἐν
1006 1230 1136 1275 ἀνέσει
1170 1232 1214 1274 αἱ
1245 1231 1315 1274 ἐπ’
1351 1231 1464 1291 αὐτῷ
1500 1234 1769 1290 φροντίδες15

196 1311 228 1346 D
252 1298 455 1359 ᾐώρηντο.
527 1297 626 1356 ὅπερ
650 1302 747 1356 γοῦν
768 1300 867 1342 ἰδεῖν
883 1298 992 1343 ἔστιν
1014 1300 1078 1342 ἐπὶ
1105 1304 1329 1355 ποταμῶν,
1373 1299 1466 1344 κατ’
1489 1300 1621 1358 ὀλίγον
1639 1301 1714 1356 μὲν

246 1432 362 1467 dorem
385 1430 475 1466 haud
498 1441 581 1470 suae
603 1429 714 1465 adhuc
735 1431 894 1466 fortunae
915 1430 1131 1477 adaptatum,
1155 1431 1255 1467 laeva
1278 1432 1460 1478 colligebat
1480 1443 1570 1479 quae
1592 1431 1716 1467 dextra

247 1479 459 1520 effunderet3
492 1477 526 1510 in
558 1488 625 1522 quo
661 1488 735 1510 cum
767 1482 950 1523 usurparet
972 1478 1280 1512 clam-corradendi
1303 1478 1476 1513 licentiam
1500 1478 1600 1514 valde
1621 1478 1716 1512 vitu-

244 1524 443 1570 perabilem,
458 1527 571 1556 tamen
595 1522 682 1556 adeo
705 1523 913 1567 plausibilem
936 1525 1179 1569 frequentabat
1200 1525 1427 1569 erogationem
1450 1525 1502 1559 sic
1523 1523 1610 1558 male
1632 1535 1715 1577 par-

245 1575 378 1612 torum,
409 1572 447 1603 ut
481 1567 644 1601 invidiam
675 1579 801 1602 avarae
831 1569 1031 1613 rapacitatis
1061 1570 1232 1614 popularis
1261 1572 1358 1605 favor
1379 1570 1513 1604 liberali
1532 1570 1585 1603 lar
1609 1569 1714 1604 'tione

244 1615 348 1659 vulgo
371 1613 543 1659 quaesitus
565 1614 808 1657 absconderet,
842 1615 972 1649 nemine
1003 1615 1057 1649 vel
1090 1615 1326 1660 accipientium
1355 1615 1521 1650 beneficia
1543 1626 1587 1649 ve
1622 1615 1715 1650 acci-

243 1673 329 1708 pere
350 1660 433 1694 alios
457 1659 672 1705 gaudentium
695 1665 825 1693 tantum
857 1660 1146 1695 animadvertente
1176 1662 1264 1695 unde
1293 1673 1403 1706 quove
1423 1667 1525 1706 pacto
1549 1672 1714 1706 congere-

244 1710 364 1742 rentur
386 1717 476 1751 quae
498 1705 689 1747 dabantur,
711 1708 872 1750 quantum
896 1707 986 1751 quod
1007 1712 1163 1752 prompte
1186 1707 1397 1752 benigneque
1418 1708 1626 1742 donarentur
1646 1706 1714 1742 im-

243 1764 350 1800 pense
370 1751 542 1786 laudabat.
588 1751 653 1784 boc
683 1750 742 1785 ille
774 1751 865 1786 vitae
897 1758 1036 1794 tenore,
1065 1765 1225 1788 successu
1257 1753 1357 1797 longo
1379 1753 1578 1789 mirabiliter
1599 1753 1636 1788 in
1658 1753 1714 1787 fa-

242 1810 332 1834 mam
355 1797 556 1843 proficiens,
586 1808 627 1831 ea
647 1796 806 1831 intumuit
828 1798 1046 1842 arrogantia,
1078 1810 1167 1844 quae
1189 1798 1255 1832 iam
1277 1810 1353 1834 sese
1375 1810 1442 1833 non
1465 1802 1628 1844 caperet,
1650 1798 1712 1834 sed

241 1845 350 1880 oblita
381 1855 462 1878 suae
494 1842 598 1877 sortis
629 1845 665 1876 et
692 1843 795 1877 aedes
826 1844 884 1878 ubi
913 1844 1145 1878 diversaretur
1176 1844 1303 1878 habere
1341 1844 1499 1890 proprias
1527 1845 1563 1878 in
1594 1844 1712 1890 primis

243 1889 440 1936 splendidas
460 1889 582 1930 vellet,
605 1893 641 1922 et
662 1889 787 1934 templo
811 1889 971 1934 privatim
995 1890 1046 1924 uti
1067 1891 1132 1924 sibi
1155 1890 1211 1924 uni
1234 1890 1392 1932 addicto,
1416 1895 1452 1927 et
1472 1890 1645 1925 ministros
1667 1890 1710 1924 il-

242 1937 288 1971 lic
311 1937 437 1970 habere
459 1935 502 1969 ad
523 1938 640 1969 nutum
661 1935 910 1980 obsequentes3
945 1947 987 1970 ac
1011 1947 1086 1970 cum
1108 1936 1164 1970 hic
1185 1942 1319 1982 sumptu
1341 1940 1579 1982 apparatuque
1601 1936 1711 1972 ambi-

241 1982 333 2017 tioso
357 1983 446 2015 festa
470 1980 672 2023 celebraret,
691 1980 890 2017 illustriores
909 1993 1093 2016 annuarum
1114 1982 1360 2017 solemnitatum
1382 1993 1574 2028 panegyres
1592 1993 1711 2017 aeum-

243 2028 330 2062 lans.
377 2028 420 2062 ad
444 2027 529 2061 baec
550 2026 679 2070 magnis
702 2027 834 2062 omnino
857 2033 933 2062 erat
954 2039 1039 2072 opus
1069 2029 1312 2073 proventibus;
1345 2039 1433 2074 quos
1463 2039 1538 2063 cum
1566 2027 1634 2073 ipsi
1654 2027 1711 2063 fa-

244 2073 390 2108 miliares
411 2072 588 2116 angustiae
611 2078 788 2117 negarent,
815 2085 857 2107 ac
879 2085 988 2119 neque
1010 2074 1267 2109 nundinationes
1288 2074 1366 2109 illae
1388 2078 1544 2109 secretae
1564 2073 1711 2118 illauda-

244 2125 370 2163 taeque
404 2119 489 2152 clam
519 2118 707 2152 suffurandi
737 2123 829 2153 artes
859 2124 991 2154 tantum
1020 2124 1160 2164 possent
1189 2121 1334 2155 reficere
1355 2124 1518 2166 quantum
1549 2119 1710 2155 immanes

243 2164 303 2198 isti
327 2167 476 2208 sumptus
499 2164 734 2207 absumebant,
757 2166 921 2199 haerebat
941 2166 1063 2200 nebulo
1086 2166 1256 2202 videlicet.
1302 2178 1365 2200 nec
1387 2172 1502 2201 tamen
1522 2176 1624 2203 sensu
1646 2165 1709 2199 do-

243 2210 375 2243 mestici
396 2211 550 2243 defectus
574 2210 780 2245 descendere
802 2211 846 2245 de
874 2218 994 2256 partae
1027 2213 1131 2246 semel
1154 2211 1412 2247 existimationis
1431 2211 1505 2246 loco
1527 2210 1708 2252 sustinens,

241 2255 412 2289 obstinate
439 2267 513 2288 cum
536 2256 677 2290 maxime
700 2258 956 2301 perseverabat,
975 2262 1119 2311 utroque
1139 2258 1173 2292 in
1197 2258 1360 2292 exercitio
1382 2255 1572 2293 furacitatis
1593 2255 1711 2290 occul-

240 2305 301 2335 tae
323 2312 364 2335 ac
387 2300 601 2335 liberalitatis
633 2302 787 2347 speciose
816 2308 1010 2339 ostentatae
1041 2303 1140 2339 simul
1161 2308 1301 2348 agyrtes
1323 2302 1519 2338 ambitiosus
1542 2304 1579 2335 et
1600 2313 1709 2346 quae-

241 2346 326 2381 sitor
358 2346 543 2380 illiberalis.
590 2347 651 2380 sed
682 2352 717 2381 et
748 2359 846 2393 quam
881 2350 912 2383 ei
942 2361 1094 2394 magnam
1126 2350 1215 2394 apud
1239 2348 1438 2395 pecuniosos
1459 2346 1620 2392 plurimos
1640 2347 1708 2382 iste

239 2393 340 2426 fucus
372 2392 496 2426 insoliti
528 2391 718 2436 splendoris
748 2395 891 2437 gratiam
915 2399 1089 2440 parasset,
1113 2406 1154 2428 ea
1177 2394 1227 2428 uti
1249 2405 1314 2428 non
1337 2393 1504 2438 parcebat
1525 2392 1707 2438 poscendis

238 2437 320 2474 inde
341 2437 482 2472 nummis
505 2442 630 2478 mutuo,
648 2449 734 2483 quos
758 2440 852 2474 brevi
867 2441 998 2474 scilicet
1019 2452 1058 2474 se
1079 2440 1289 2475 redditurum
1309 2438 1538 2484 promittebat.
1583 2437 1618 2473 in
1636 2450 1705 2484 quo

239 2495 308 2518 non
331 2486 407 2518 erat
430 2482 548 2517 mirum
570 2483 655 2517 adeo
677 2483 779 2518 fidem
801 2484 951 2519 invenire
972 2485 1062 2520 illum
1087 2485 1178 2529 apud
1199 2489 1465 2530 praeoccupatos
1488 2495 1610 2528 magna
1630 2483 1707 2530 upi—

239 2530 339 2564 nione
372 2528 542 2573 copiarum
574 2528 646 2562 eius
660 2552 669 2570 ,
709 2540 809 2574 quam
840 2541 940 2575 posse
971 2531 1178 2575 persuadere
1210 2530 1319 2574 ipsum
1349 2531 1417 2564 sibi
1447 2530 1604 2565 alicunde
1626 2541 1704 2565 mox

237 2578 376 2620 praesto
399 2574 575 2608 adfuturos
599 2584 720 2608 aureos
745 2580 876 2609 montes
889 2601 899 2617 ,
923 2577 1013 2611 unde
1034 2580 1088 2611 tot
1110 2575 1243 2610 uomina
1265 2576 1477 2611 dissolveret.
1523 2577 1603 2612 dum
1623 2587 1704 2622 spe-

238 2621 302 2655 bus
319 2621 376 2655 ille
399 2619 491 2656 hisce
511 2619 715 2661 vanissimis,
739 2621 924 2655 creditores
946 2625 1058 2655 autem
1080 2632 1146 2655 non
1169 2622 1277 2656 miuus
1299 2622 1393 2656 inani
1414 2621 1541 2657 fiducia
1561 2632 1704 2667 respon-

237 2678 339 2701 surae
362 2665 408 2702 ad
428 2665 515 2702 diem
537 2665 714 2700 solutionis
737 2665 832 2700 varie
855 2666 973 2701 lactati
994 2667 1174 2703 securitati
1197 2668 1338 2712 supinae
1358 2667 1586 2709 indormiunt,
1621 2679 1703 2702 ecce

238 2712 376 2746 interim
399 2710 552 2757 quotidie
578 2710 732 2745 defluunt
762 2712 853 2746 haud
874 2713 1086 2747 cessantibus
1117 2712 1260 2748 iacturis
1282 2714 1455 2749 solitarum
1478 2723 1703 2759 expensarum

234 2757 324 2792 istae
345 2758 441 2803 ipsae
461 2756 616 2803 precario
638 2761 838 2802 corrogatae
862 2769 965 2804 opes3
987 2762 1092 2804 atque
1114 2763 1154 2794 ut
1175 2759 1295 2804 rapido
1319 2772 1339 2794 e
1359 2759 1527 2795 montibus
1543 2757 1702 2799 confluxu

228 2804 429 2839 torrentium
452 2807 651 2849 stagnantes
674 2803 842 2841 interdum
865 2803 996 2851 campi,
1023 2804 1131 2840 imbre
1159 2815 1238 2840 mox
1260 2805 1402 2841 inhibito
1423 2817 1466 2842 ac
1488 2804 1582 2845 coelo
1604 2815 1700 2843 sete-
