1820 3112
227 173 320 220 148
645 174 882 218 GEORGII
915 175 1269 219 PACHYMERIS

223 307 291 331 ποι
317 305 402 339 τις,
445 286 544 336 τέως
574 286 617 328 δ’
645 285 884 344 ἀνθρώπιον
911 290 978 331 καὶ
999 289 1174 344 μετρίων
1206 287 1253 332 τὸ
1274 286 1470 345 παράπαν
1490 285 1597 345 ἦσαν
1617 289 1693 334 οὒκ

224 357 333 408 ι’ίξια.
406 360 572 404 πολλοῖς
597 354 700 410 γάρ,
747 365 944 412 μοναχοῖς
970 359 1017 400 δὲ
1049 356 1230 411 μάλιστα
1249 390 1263 410 ,
1311 361 1377 400 καὶ
1403 361 1494 400 λίαν
1519 361 1689 414 ἐπεῖχον.

222 428 288 468 καὶ
316 424 342 479 ἡ
374 422 584 479 πρόφασις
619 425 804 481 εὔλογος,
842 425 897 475 ὥς
925 426 1224 483 ἀδιαᾳιοροῦσιν
1257 427 1300 476 ἐξ
1326 427 1474 479 ἔθους,
1519 430 1585 470 καὶ
1616 429 1692 478 τὰς

220 499 295 549 τῆς
318 491 551 546 ἑβδομάδος
574 496 795 547 νηστίμους
816 494 1065 537 καταλύουσι
1081 497 1154 548 μὲν
1172 497 1227 545 εἷς
1248 497 1442 552 διφαγίαν
1460 495 1691 540 καταλύου-

171 575 198 609 Β
224 580 263 605 σι
285 564 329 605 δὲ
349 564 414 605 καὶ
438 562 493 612 εἷς
513 560 622 604 οἶνον
644 562 837 613 πολλάκις
864 565 930 606 καὶ
961 564 1119 616 ἔλαιον,
1155 566 1222 606 καὶ
1249 562 1542 620 παραρτῦμασι
1554 570 1724 621 χιτῶν’-5

221 650 312 685 ται,
356 634 422 674 καὶ
455 631 568 686 παρὰ
597 631 694 680 τοὺς
714 632 891 681 πολλοὺς
921 633 1163 688 τρέφονται,
1200 634 1266 674 καὶ
1295 631 1351 683 ὥς
1369 631 1565 688 χρήματά
1587 651 1691 684 τινες

219 701 359 756 ἔχοιεν.
430 701 496 742 καὶ
528 704 728 742 τοσοῦτον
761 701 1054 757 ἕφυλοκρίνουν
1084 706 1217 744 ταῦτα
1239 703 1305 743 καὶ
1323 709 1482 751 ποιναῖς
1502 701 1690 752 ἐξεκόλα-

222 773 311 823 ζον,
343 768 398 819 ὡς
427 768 484 823 μὴ
513 766 641 822 μόνον
673 769 769 818 τούς
798 769 1131 826 ἆδιαφοροῦντας
1161 771 1332 812 δεδιέναι
1351 772 1418 813 καὶ
1438 770 1596 827 τρέμειν
1611 771 1688 827 τὴν

220 842 378 882 ἐκείνων
412 839 672 889 ἐπιστασίαν,
719 836 774 887 ὡς
804 840 838 880 εἴ
865 838 990 892 μόνον
1011 843 1351 894 προσαγγελθεΐεν
1370 840 1706 895 κολασθησομέ-,

219 925 316 957 νους
338 907 389 950 τὰ
419 907 607 962 μέγιστα,
646 905 750 948 ἀλλὰ
773 909 839 948 καὶ
862 907 934 950 τὸν
953 909 1155 950 δοκοῦντα
1177 906 1566 963 προσεκτικώτατον.
1619 910 1687 952 καὶ
1700 919 1744 954 10

220 976 321 1031 ὅπερ
355 978 419 1018 ἐπὶ
450 980 524 1017 τοῦ
548 978 747 1030 σκορπίου
775 977 925 1031 φασίν,
964 979 1006 1018 ἐκ
1032 981 1107 1031 τῆς
1127 976 1231 1031 ὀπῆς
1254 975 1413 1027 ἐξιόντα
1433 979 1563 1033 μηδὲν
1584 978 1688 1020 εἶδέ-

215 1065 282 1088 ναι
315 1044 394 1102 ὅπῃ
421 1044 468 1086 τὸ
498 1044 661 1099 κέντρον
695 1043 950 1098 προσβάλοι,
1001 1045 1096 1087 ἀλλ’
1128 1045 1255 1094 εὐθὺς
1285 1045 1429 1088 ἐνιέναι
1457 1051 1584 1099 πᾶσι,
1618 1048 1687 1090 καὶ

168 1128 198 1161 c
222 1121 368 1171 φυτοῖς
387 1116 452 1155 καὶ
473 1113 639 1167 πέτραις
660 1114 726 1154 καὶ
746 1112 861 1165 ζώοις
878 1116 943 1155 καὶ
968 1118 1032 1171 γῇ,
1068 1113 1120 1156 τὰ
1143 1112 1272 1156 αὐτοῦ
1291 1112 1541 1169 πράττοντα,
1577 1113 1687 1158 οὕτω

215 1183 410 1231 κάκείνοις
429 1182 620 1236 ἄντικρυς
641 1176 691 1236 ἦν
709 1181 1028 1237 τούπιτήδευμα,
1067 1183 1201 1224 ἔνιεῒσι
1219 1185 1382 1238 πικρίαν
1402 1181 1465 1233 οἷς
1481 1185 1685 1226 {mutarn

216 1253 283 1295 διὰ
311 1252 386 1307 τὴν
416 1255 490 1293 τοῦ
518 1255 871 1306 πατριαρχοῦντος
900 1252 965 1293 ἐπὶ
993 1256 1142 1303 πᾶσιν,
1181 1249 1237 1300 ὥς
1267 1249 1420 1304 ἐδόκει,
1456 1252 1679 1308 ἀκρίβειαν.
1695 1258 1739 1294 15

215 1322 350 1379 ἐκείνῳ
379 1320 426 1362 τὸ
460 1317 626 1374 εὗρεθὲν
649 1320 821 1374 χρυσίον
854 1317 1127 1375 κατάγνωσις,
1174 1317 1311 1379 τούτῳ
1332 1320 1378 1363 τὸ
1406 1325 1490 1364 τῶν
1510 1321 1683 1375 ἱματίων

215 1388 381 1442 καινόν,
422 1388 532 1444 ἄλλῳ
560 1387 607 1430 τὸ
640 1390 733 1429 δυσὶ
761 1390 1016 1442 χιτωνίσκοις
1050 1388 1076 1444 ἢ
1108 1389 1174 1431 καὶ
1192 1391 1299 1445 τρισὶ
1316 1393 1531 1444 χρῆσθαι,
1570 1389 1684 1449 ἄλλῳ

215 1457 276 1502 ὅτι
298 1457 318 1501 ὃ
339 1457 519 1514 σταυρὸς
539 1457 580 1507 ἐξ
603 1455 783 1514 ἀργύρου
804 1456 830 1513 ἢ
860 1457 942 1513 μὴν
969 1459 1034 1501 καὶ
1056 1459 1230 1514 χρυσίου
1241 1490 1255 1510 ,
1291 1460 1358 1501 καὶ
1378 1457 1440 1501 ὅτι
1459 1458 1684 1514 πολυτελὴς

212 1614 300 1648 quae
325 1614 367 1636 ne
389 1601 431 1635 iis
455 1601 589 1646 quidem
623 1602 680 1645 qui
714 1601 922 1637 tolerabilem
954 1602 1133 1637 dumtaxat
1162 1601 1426 1637 mediocritatem
1448 1601 1484 1636 in
1505 1601 1577 1637 vita
1600 1611 1683 1648 pro-

209 1650 352 1683 fitentur
375 1648 492 1689 officii,
514 1654 550 1682 et
573 1648 782 1694 aliquatenus
806 1649 999 1690 moderatis,
1019 1649 1087 1682 ulla
1111 1648 1242 1683 ratione
1263 1648 1491 1682 convenirent.
1535 1647 1570 1682 in
1593 1647 1682 1681 mul-

209 1701 284 1739 tos,
321 1694 519 1740 praesertim
555 1695 755 1737 monachos,
788 1706 890 1728 saeve
921 1695 1184 1739 grassabantur,
1219 1706 1259 1729 eo
1281 1693 1452 1739 plausibili
1484 1696 1680 1739 praetextu,

209 1741 301 1786 quod
326 1752 383 1774 eos
404 1747 627 1774 causarentur
656 1741 791 1775 licentia
821 1741 994 1775 relaxasse
1028 1740 1240 1786 disciplinam
1271 1740 1421 1774 aeciam
1449 1751 1542 1774 more
1563 1750 1681 1774 mona-

210 1787 347 1820 chorum
380 1786 520 1830 antiquo
552 1787 678 1820 vivere.
734 1787 856 1822 etenim
886 1787 1008 1833 quibus
1045 1786 1163 1832 quavis
1194 1785 1403 1820 hebdomade
1437 1785 1556 1820 diebus
1589 1785 1681 1819 indi-

210 1836 300 1867 ctum
331 1832 406 1866 olim
438 1832 486 1867 sit
517 1832 696 1874 ieiunium,
728 1833 773 1867 iis
806 1835 867 1868 hos
900 1833 1002 1867 nihilo
1025 1832 1136 1867 secius
1167 1833 1219 1866 bis
1243 1831 1441 1876 comedere,
1474 1835 1512 1865 et
1541 1831 1680 1877 quidem

208 1891 313 1925 saepe
335 1878 413 1912 vino
438 1885 474 1912 et
497 1879 570 1912 oleo
595 1878 775 1921 adhibitis3
799 1884 979 1924 praeterea
1001 1878 1224 1912 condimentis
1247 1879 1298 1913 uti
1323 1889 1365 1912 ac
1391 1878 1461 1912 ritu
1482 1877 1578 1911 vesci
1601 1888 1681 1912 sae·-

209 1925 392 1966 cularium3
426 1925 587 1970 quosdam
619 1925 722 1958 etiam
749 1937 790 1959 ex
813 1926 896 1970 ipsis
926 1924 1086 1971 pecunias
1117 1925 1254 1958 habere.
1299 1923 1334 1958 in
1356 1923 1442 1958 haec
1463 1928 1532 1958 tam
1558 1933 1679 1958 severe

207 1971 433 2005 odiosissimas
455 1969 691 2016 inquisitiones
725 1976 760 2006 et·
777 1971 904 2016 ·rigida
935 1970 1060 2005 iudicia
1083 1970 1276 2004 scrutandis
1298 1969 1467 2004 inhianter
1490 1981 1533 2004 ac
1554 1968 1678 2015 cupide

205 2017 330 2050 libellis
353 2016 555 2062 indiciisque
578 2017 765 2052 delatorum
789 2017 1013 2058 exercebant,
1037 2020 1076 2050 ut
1105 2027 1170 2049 non
1193 2021 1323 2050 tantum
1347 2015 1405 2062 qui
1427 2027 1464 2050 re
1485 2026 1571 2050 vera
1591 2014 1679 2049 mol-

205 2062 298 2096 lioris
322 2074 421 2107 quam
444 2069 555 2096 status
577 2069 735 2107 posceret
758 2063 961 2098 monasticus
983 2063 1046 2096 sibi
1069 2066 1184 2096 essent
1207 2062 1345 2096 diaetae
1369 2061 1504 2104 conscii,
1519 2061 1679 2096 timerent

206 2108 451 2152 horrerentque
472 2109 602 2142 illorum
626 2109 961 2149 animadversionem,
983 2108 1087 2151 certi,
1111 2108 1141 2142 si
1162 2108 1268 2142 solum
1290 2108 1603 2154 quomodocumque
1623 2107 1678 2141 in-

207 2153 446 2188 simularentur
470 2165 489 2187 a
513 2166 702 2199 quoquam,
732 2157 775 2190 ab
802 2155 853 2189 his
875 2155 990 2189 statim
1012 2166 1088 2189 sese
1110 2154 1259 2200 pessime
1283 2154 1494 2197 multandos,
1527 2153 1590 2188 sed
1612 2163 1678 2187 nec

207 2199 236 2233 si
259 2200 334 2245 quis
358 2199 532 2232 videretur
566 2200 600 2234 in
637 2214 675 2234 eo
700 2214 826 2246 genere
850 2201 905 2235 vel
928 2201 1266 2246 circumspectissime
1288 2212 1326 2234 se
1349 2211 1491 2244 gerere,
1518 2209 1675 2233 securum

207 2257 245 2279 se
268 2248 425 2291 putaret,
458 2245 574 2278 horum
610 2246 774 2291 siquidem
807 2247 1096 2282 indiscriminatim
1127 2246 1281 2280 omnibus
1311 2245 1529 2290 intemperies
1549 2243 1676 2278 infesta

206 2291 417 2331 minabatur,
446 2291 544 2335 plane
567 2297 606 2324 ut
629 2294 799 2338 scorpium
824 2294 918 2327 aiunt
942 2305 961 2327 e
985 2304 1069 2326 cavo
1094 2293 1333 2338 prodeuntem,
1368 2294 1519 2324 exertum
1545 2289 1676 2323 caudae

205 2336 316 2371 letalis
339 2337 491 2370 aculeum
513 2348 622 2381 aeque
646 2340 777 2373 cunctis
799 2340 967 2373 intentare
990 2339 1093 2372 rebus
1116 2338 1237 2378 obviis,
1264 2335 1388 2382 plantis
1409 2337 1499 2370 saxis
1521 2334 1675 2370 animan-

206 2383 310 2426 tibus,
334 2383 427 2416 nullo
451 2382 585 2415 delectu
610 2390 824 2428 respectuve,
847 2386 937 2430 quod
961 2396 1056 2418 suum
1081 2389 1134 2417 est
1157 2386 1325 2426 agentem,
1347 2382 1411 2416 hoc
1434 2386 1508 2424 est,
1533 2381 1675 2416 innatae

206 2429 447 2474 obsequentem
473 2427 603 2462 libidini
625 2430 890 2475 quibuscumque
912 2442 1011 2475 quam
1035 2433 1149 2474 potest
1171 2428 1314 2462 maxime
1335 2427 1486 2462 nocendi.
1531 2427 1582 2461 sic
1595 2426 1674 2461 istis

206 2474 271 2508 boc
293 2475 452 2515 studium,
478 2475 562 2507 haec
585 2475 762 2519 occupatio
787 2488 826 2509 ac
850 2477 948 2520 quasi
972 2474 1136 2520 professio
1158 2485 1227 2507 una
1249 2477 1348 2516 erat,
1370 2472 1553 2507 immittere
1574 2483 1674 2506 acer—

205 2521 322 2554 bitatis
351 2532 432 2554 suae
463 2520 558 2553 virus
589 2519 625 2553 in
659 2532 773 2554 omnes
803 2522 926 2565 quibus
958 2524 1139 2565 praeerant
1161 2522 1332 2565 potestate
1353 2529 1452 2564 quam
1474 2518 1558 2563 ipsis
1580 2529 1673 2552 com-

205 2567 397 2600 municabat
418 2565 634 2612 patriarcha,
657 2577 756 2611 quem
790 2577 863 2600 cum
887 2569 1071 2612 appareret
1093 2577 1253 2599 summam
1277 2565 1381 2598 omnis
1404 2564 1508 2598 officii
1529 2564 1673 2608 diligen-

204 2613 287 2647 tiam
310 2613 396 2646 velle
419 2613 461 2646 ab
485 2623 687 2657 unoquoque
710 2612 819 2656 exigi,
854 2624 894 2645 eo
918 2613 993 2656 plus
1017 2623 1055 2644 se
1085 2612 1127 2644 ab
1151 2611 1206 2644 illo
1229 2610 1316 2644 inire
1337 2610 1469 2654 gratiae
1490 2610 1671 2655 putabant,

204 2671 271 2705 quo
294 2658 455 2692 immitius
475 2658 711 2691 desaevissent
733 2659 768 2692 in
791 2658 923 2692 delatos
945 2660 1005 2691 aut
1027 2657 1241 2690 mediocrium
1265 2656 1438 2700 culparum
1461 2660 1522 2690 aut
1543 2666 1671 2699 rerum,

202 2706 231 2740 si
257 2705 411 2740 clementi
433 2703 574 2738 arbitrio
597 2710 833 2745 censerentur,
867 2716 910 2738 ne
941 2703 1061 2747 cnlpae
1083 2702 1218 2748 quidem
1241 2701 1406 2737 affinium.
1452 2702 1677 2747 quotidiana—²

201 2763 275 2785 rum
298 2751 362 2786 hae
384 2751 581 2785 ferebantur
604 2750 851 2784 damnationum
874 2761 1012 2791 causae,
1037 2759 1161 2782 aureus
1183 2747 1219 2781 in
1242 2747 1340 2781 huius
1363 2747 1515 2782 monachi
1538 2746 1669 2793 peculio

200 2803 370 2842 repertus,
395 2807 518 2831 novum
540 2796 628 2830 alter
649 2796 878 2841 deprehensus
900 2796 1049 2830 induisse
1073 2794 1221 2839 pallium,
1246 2794 1379 2827 duabus
1403 2793 1489 2827 alius
1512 2793 1668 2828 tribusve

201 2844 251 2878 uti
269 2844 393 2878 tunicis
416 2846 619 2888 compertus.
663 2842 744 2888 quin
777 2845 813 2877 et
842 2841 873 2876 si
898 2842 1140 2877 observaretur
1170 2843 1309 2886 gestare
1341 2838 1511 2886 quispiam
1545 2849 1670 2884 argen-
