1898 3126
391 159 471 202 DE
506 157 702 201 ANDRO
714 151 1246 206 leCOPALAEOLOGo
1284 152 1331 194 L.
1362 152 1438 195 IV.
1537 150 1635 197 285

169 278 246 320 τοῦ
278 272 463 330 Σέρβου,
499 273 567 315 καὶ
593 265 764 325 πὲμπων
791 265 1053 323 ἅνελᾶμβανέ
1078 284 1121 311 τε
1140 266 1216 317 τὰς
1237 265 1376 316 κοινὰς
1396 264 1636 316 συνθεσίας,

167 345 237 388 καὶ
262 340 558 398 κατηνάγκαζεν
589 340 811 395 ἐγχειρίζειν
840 338 915 393 μὲν
942 335 1157 391 Ῥωμαίοις
1181 336 1250 378 καὶ
1278 334 1534 389 Κοτανίτζην
1566 334 1634 376 καὶ
1658 342 1688 377 C

170 412 246 468 τὴν
266 411 367 460 τέως
386 412 443 460 εἷς
462 408 640 465 γαμετὴν
658 403 788 452 οὖσαν
797 438 812 459 ,
848 402 1164 459 ἀντιλαμβάνειν
1184 403 1226 446 δ’
1252 405 1308 453 εἷς
1330 409 1501 459 γυναῖκα
1521 399 1640 456 νόμι-

168 498 251 535 μον
268 479 340 522 τὸν
362 482 437 521 τοῦ
456 476 659 531 βασιλέως
675 472 915 532 θυγάτριον.
976 472 1064 532 (4)
1093 471 1188 515 ἀλλ’
1211 472 1358 522 ἐκεῖνος
1375 469 1519 521 δεδιὼς
1535 470 1636 521 ἴσως
1658 477 1692 513 D

137 565 160 600 5
171 546 229 604 μή
253 564 340 598 πως
353 545 677 604 παραλογισθείη
691 544 767 594 τὰς
786 541 1005 598 ὁμολογίας
1014 574 1028 595 ,
1065 542 1134 584 καὶ
1156 542 1216 598 δῷ
1235 541 1310 595 μὲν
1329 540 1404 583 οὐκ
1436 537 1640 597 ἂντιλᾶβῃ

170 617 238 670 δέ,
273 615 301 672 ἢ
325 617 391 659 καὶ
413 614 537 664 αὐτὸς
562 613 727 668 ἐμπέσοι
742 629 785 669 γε
805 613 860 662 εἷς
878 608 1141 668 ἄρκιῖστατα,
1174 607 1257 652 ὕπὸ
1279 615 1438 658 πιστοῖς
1468 606 1639 665 ὅμῆροις

170 683 298 741 ἐζήτει
316 683 392 734 τὰς
409 681 573 738 πράξεις
590 683 776 738 γίνεσθαι
787 694 798 706 ·
835 679 945 723 οὕτω
959 679 1039 736 γὰρ
1056 680 1124 722 καὶ
1150 677 1303 737 ῥαδίως
1319 685 1447 720 ποιεῖν
1465 677 1516 720 τὰ
1537 694 1638 733 συγ-

169 755 345 808 κείμενα,
367 754 403 796 εἷ
419 751 542 800 αὐτὸς
561 750 684 801 ἀξίως
701 746 991 806 προσλῆψαιτο
1010 747 1110 798 τούς
1127 744 1323 803 ὁμήρους,
1352 745 1434 804 ὑφ’
1455 743 1517 796 οἷς
1535 762 1633 789 συν-

172 821 402 878 ισχημένοις
428 819 599 875 ἑτοίμως
625 820 693 863 καὶ
712 818 837 868 αὐτὸς
861 817 1062 861 ἀπαντᾶν.
1133 813 1223 865 ἑνὸς
1243 815 1322 872 γὰρ
1342 820 1417 859 τοῦ
1437 814 1514 870 τὴν
1532 821 1632 857 παῖ’-

115 906 162 940 10
172 893 225 935 δα
243 894 316 934 τοῦ
333 888 535 944 βασιλέως
552 894 722 944 γυναῖκα
740 893 850 943 σχεῖν
868 886 921 929 τὰ
943 883 1077 928 πάντα
1098 887 1262 941 προίετο
1274 897 1284 908 ·
1322 885 1356 927 εἲ
1372 886 1398 926 δ
1404 884 1416 900 ³
1439 883 1636 940 ἂστοχοίη

169 956 318 1003 τούτου
353 957 398 1001 ἔκ
428 973 537 1007 τινος
569 954 752 1011 ἀπάτης,
798 953 855 1005 ὥς
880 953 1104 1012 ὖφωρᾶτο,
1143 954 1206 996 ἐπὶ
1230 954 1439 1012 κεφαλαίῳ
1465 955 1635 1008 ζημιοῦ-

168 1031 275 1071 σθαι
295 1026 462 1076 δικαίως
480 1025 594 1085 ᾤετο.
666 1024 766 1068 ὅθεν
784 1025 851 1067 καὶ
872 1021 928 1074 ὥς
948 1021 1026 1078 εἶχε
1053 1024 1375 1079 κατησφαλίζετο
1385 1054 1400 1075 ,
1437 1023 1506 1064 καὶ
1525 1026 1636 1076 λαμ-

167 1093 307 1151 fiotum
325 1092 506 1150 ὁμήρους
525 1093 593 1137 διὰ
612 1093 709 1143 τοὺς
729 1091 858 1137 αὐτοῦ
868 1125 883 1146 ,
920 1088 1172 1135 ἀντιδιδόναι
1193 1092 1217 1133 δ
1224 1090 1238 1106 ²
1264 1088 1446 1147 ὁμήρους
1463 1090 1533 1134 διὰ
1550 1090 1626 1146 τὴν
1648 1097 1681 1133 Β

167 1168 243 1208 τοῦ
264 1163 466 1218 βασιλέως
488 1163 616 1205 παῖδα
640 1161 756 1217 ἠξίου
777 1178 821 1204 τε
841 1163 908 1204 καὶ
930 1161 1172 1216 ἀπηξιοῦτο
1183 1193 1198 1213 ,
1231 1159 1435 1212 βασιλέως
1451 1159 1515 1202 ἐπὶ
1533 1157 1634 1203 τοῦ-

115 1246 158 1283 15
170 1249 255 1283 τοις
273 1229 504 1282 νεῦσαντος.
563 1230 792 1285 πέμπονται
808 1231 945 1274 τοίνυν
966 1227 1221 1286 ἑκατέρωθεν
1241 1226 1404 1285 ὅμηροι,
1438 1230 1506 1271 καὶ
1526 1228 1633 1272 κατὰ

167 1301 293 1356 μέσον
310 1300 383 1344 τὸν
399 1298 587 1355 ποταμὸν
606 1296 846 1356 Βαρδάριον
864 1295 1228 1350 ἀπαλλάττονται,
1256 1300 1331 1340 τοῦ
1353 1296 1515 1352 Σέρβου
1536 1294 1635 1340 δόν-

169 1387 241 1420 τος
268 1369 344 1425 μὲν
373 1370 440 1411 καὶ
470 1369 724 1423 Κοτανίτζην
754 1369 822 1410 καὶ
842 1367 916 1422 τὴν
935 1371 1009 1410 τοῦ
1035 1370 1238 1423 Τερτερῆ,
1274 1363 1570 1419 ἇντιλαβόντος
1589 1366 1635 1409 δὲ

168 1437 244 1494 τὴν
275 1441 352 1481 τοῦ
379 1437 582 1491 βασιλέως
615 1438 770 1488 παῖδα,
806 1434 911 1490 μεθ’
945 1433 1010 1478 ὅτι
1035 1435 1229 1490 πλείστης
1251 1438 1328 1489 τῆς
1355 1432 1570 1490 σπατάλης
1588 1452 1633 1478 τε

169 1508 236 1550 καὶ
267 1507 521 1563 δορυφορίας
549 1509 824 1562 πεμφθεῖσαν.
901 1505 970 1547 καὶ
1011 1502 1062 1558 δὴ
1090 1504 1158 1546 καὶ
1195 1503 1309 1559 παρὰ
1337 1507 1413 1546 τοῦ
1433 1502 1634 1559 Ἀχριδῶν

112 1575 399 1630 ΞΟΜακαρίου
439 1577 707 1617 τελεσθεισῶν
752 1576 835 1616 τῶν
881 1568 1077 1627 συνήθων
1116 1571 1349 1628 ἱερολογιῶν
1389 1571 1464 1622 τὰς
1509 1572 1633 1626 τιμὰς

167 1641 455 1702 προσηκούσας
484 1642 667 1698 ἐδέχετο,
710 1639 772 1684 ὅτι
810 1641 878 1684 καὶ
908 1640 1035 1691 αὐτὸς
1062 1638 1084 1684 ὃ
1114 1638 1268 1698 κράλης
1294 1641 1431 1695 μεῖζον
1460 1639 1487 1695 ἢ
1524 1641 1632 1684 κατὰ

166 1763 257 1810 quod
280 1766 355 1798 erat
376 1762 497 1798 foedus
519 1766 555 1797 et
577 1762 727 1797 affinitas
746 1773 821 1797 cum
844 1762 975 1805 Serbo,
1006 1764 1102 1797 recte
1124 1761 1336 1796 succederet.
1379 1761 1414 1795 in
1436 1761 1502 1796 hoc
1522 1761 1629 1806 igitur

165 1809 374 1854 potissimum
396 1808 569 1849 incubuit;
590 1809 769 1854 missisque
790 1809 848 1855 qui
870 1808 993 1843 cralem
1014 1814 1190 1853 urgerent,
1211 1809 1255 1842 ab
1279 1819 1320 1841 eo
1348 1807 1527 1851 expressit,
1551 1808 1630 1842 iux-

164 1860 201 1888 ta
214 1861 390 1896 conventa,
410 1861 448 1889 ut
467 1859 503 1889 et
517 1854 729 1889 Cotanitzam
747 1859 783 1889 et
803 1866 903 1900 quam
921 1858 1061 1888 eatenus
1080 1854 1195 1888 uxoris
1217 1856 1292 1887 loco
1309 1852 1476 1886 mulierem
1496 1853 1629 1887 habue-

168 1905 226 1934 rat
245 1901 411 1942 traderet,
430 1907 533 1946 atque
554 1901 653 1934 huius
670 1900 706 1934 in
728 1901 838 1935 locum
858 1900 1040 1944 legitimam
1058 1911 1196 1933 uxorem
1213 1898 1357 1941 Augusti
1380 1898 1518 1932 filiolam
1532 1899 1627 1933 acci-

170 1950 276 1989 peret.
323 1946 383 1988 (4)
406 1946 486 1980 Non
506 1953 619 1980 tamen
640 1947 725 1980 haec
746 1946 857 1980 orales
885 1947 959 1980 sine
980 1945 1121 1990 pignore
1141 1945 1320 1978 relaxavit.
1363 1948 1516 1978 metuens
1537 1944 1625 1980 enim

169 2001 234 2031 ne,
255 1990 286 2024 si
308 1991 487 2025 festinaret
506 1991 590 2025 dare
611 2004 699 2036 quae
722 1992 927 2037 poscebatur
939 2017 948 2031 ,
961 1990 1264 2025 circumveniretur
1285 1988 1485 2024 credulitate
1506 1990 1627 2025 incon-

166 2035 269 2077 sulta,
291 2036 424 2079 negatis
445 2041 564 2081 postea
586 2048 674 2082 quae
691 2049 730 2071 se
752 2037 902 2071 vicissim
924 2042 1142 2082 accepturum
1165 2038 1256 2069 esset
1276 2041 1417 2080 pactus,
1439 2041 1500 2070 ant
1520 2037 1623 2072 etiam

167 2081 204 2116 in
227 2092 341 2115 casses
363 2093 402 2115 se
426 2081 581 2115 indueret
602 2082 725 2127 quibus
751 2093 854 2126 aegre
882 2088 1003 2127 postea
1030 2082 1275 2124 extricaretur,
1308 2081 1486 2126 respondit
1506 2090 1624 2118 mutua

163 2126 350 2162 traditione
360 2127 511 2161 obsidum
522 2127 649 2161 firmari
659 2127 896 2172 promissorum
909 2127 1051 2161 invicem
1060 2126 1161 2160 fidem
1172 2132 1348 2172 oportere:
1360 2127 1410 2161 sic
1426 2128 1512 2162 enim
1521 2140 1626 2163 secu-

166 2172 239 2207 rius
259 2173 430 2217 negotium
451 2172 619 2218 utrimque
641 2184 887 2225 processurum.
933 2184 975 2206 ac
1004 2173 1144 2206 tenebat
1174 2172 1339 2207 hominem
1357 2172 1480 2218 cupido
1501 2186 1627 2219 magna

165 2217 259 2252 filiae
281 2218 494 2264 imperatoris
516 2222 608 2252 certo
630 2218 692 2252 sibi
714 2218 878 2253 connubio
899 2218 1106 2262 iungenda,
1141 2228 1183 2251 ex
1218 2230 1287 2264 quo
1316 2223 1477 2264 quantum
1499 2226 1536 2254 et
1559 2221 1625 2255 ho-

164 2264 259 2298 noris
280 2268 317 2298 et
336 2263 499 2298 commodi
521 2267 612 2298 esset
633 2263 670 2298 in
691 2275 730 2298 se
751 2263 1016 2298 redundaturum
1038 2263 1270 2308 intelligebat3
1291 2263 1461 2310 indeque,
1484 2271 1522 2300 ut
1548 2278 1624 2301 ma-

165 2321 316 2356 gnopere
338 2309 539 2344 desideratis
562 2309 660 2344 anxie
681 2309 838 2352 timetur,
866 2309 1020 2355 inquieta
1040 2309 1251 2344 solicitudine
1271 2313 1496 2356 pungebatur,
1519 2323 1623 2358 repu-

164 2361 244 2390 tans
272 2367 317 2390 ne
346 2357 437 2390 forte
458 2367 547 2390 vana
576 2367 619 2390 ea
639 2367 720 2401 spes
741 2355 978 2390 ostenderetur
999 2366 1021 2389 a
1042 2355 1223 2398 Romanis,
1250 2356 1381 2391 resilire
1401 2368 1444 2391 ac
1466 2358 1625 2393 frustrari

164 2411 204 2435 se
227 2401 367 2446 paratis,
389 2401 488 2436 simul
510 2412 599 2447 quae
622 2413 665 2436 ex
687 2402 762 2447 ipso
785 2401 1038 2447 concupierant,
1053 2406 1222 2436 tenerent.
1267 2413 1309 2436 ea
1331 2414 1433 2448 porro
1456 2404 1500 2438 de
1521 2416 1625 2439 causa

164 2447 298 2492 petenti
328 2447 433 2491 crali,
466 2451 502 2482 et
533 2447 679 2482 vicissim
700 2447 879 2491 offerenti,
910 2447 1033 2492 quibus
1063 2446 1148 2481 fidei
1170 2452 1408 2483 conventorum
1431 2455 1624 2493 caveretur,

163 2498 298 2527 mutuos
329 2493 484 2534 obsides,
515 2494 633 2528 annuit
654 2494 844 2538 Augustus3
876 2504 1020 2538 moxque
1049 2492 1083 2526 in
1115 2493 1223 2528 medio
1244 2493 1411 2529 Bardario
1434 2507 1532 2530 amne
1553 2495 1625 2530 rite

163 2537 261 2582 prius
282 2537 455 2573 celebrata
501 2539 726 2574 ermutatione
745 2539 900 2574 obsidum
922 2539 1091 2584 utrimque
1111 2539 1295 2584 missorum,
1310 2540 1412 2575 etiam
1433 2541 1507 2576 sine
1529 2552 1624 2576 mora

190 2594 359 2618 recessum
379 2584 422 2618 ad
493 2591 569 2620 ecta
590 2590 654 2627 est,
675 2585 786 2620 Serbo
808 2585 942 2631 quidem
966 2583 1179 2619 Cotanitzam
1202 2588 1238 2619 et
1256 2586 1360 2621 filiam
1382 2587 1540 2621 Terteris
1561 2586 1624 2621 de-

188 2633 284 2672 ente,
313 2629 529 2676 vicissimque
558 2631 747 2676 accipiente
777 2631 821 2665 ab
849 2630 1055 2675 imperatore
1076 2629 1184 2676 ipsius
1204 2630 1307 2666 filiam
1329 2632 1410 2667 luxu
1432 2636 1623 2677 ornatuque

164 2673 289 2716 regiis,
308 2674 469 2710 satellitio
489 2676 663 2721 splendido
685 2677 884 2720 deductam,
906 2676 1088 2721 statimque
1112 2680 1208 2721 post,
1236 2677 1335 2712 simul
1356 2678 1400 2712 ab
1422 2677 1623 2712 Achridensi

166 2717 318 2771 Macerio
338 2720 568 2756 ecclesiastica
587 2721 723 2768 sponsis
743 2722 865 2756 fuisset
885 2721 954 2755 rite
973 2720 1146 2765 impertita
1166 2723 1376 2765 benedictio,
1396 2722 1534 2757 summis
1557 2722 1622 2757 ho-

165 2764 303 2815 ponbus
322 2765 493 2801 affectam.
537 2779 604 2802 non
631 2767 718 2802 enim
738 2768 829 2803 illam
861 2768 973 2801 crales
1001 2772 1041 2800 ut
1070 2768 1240 2813 propriam
1263 2769 1463 2813 coniugem,
1492 2768 1556 2803 sed
1578 2773 1619 2804 ut

163 2809 378 2854 imperatoris
395 2811 501 2847 filiam
522 2813 679 2859 excepit,
707 2813 835 2859 quippe
854 2812 946 2848 haud
966 2811 1138 2848 sustinens
1165 2813 1203 2849 in
1233 2826 1341 2860 equo,
1374 2818 1415 2848 ut
1435 2819 1509 2849 tum
1530 2818 1619 2858 erat,
