<?xml version="1.0" encoding="UTF-8"?>
<!DOCTYPE html PUBLIC "-//W3C//DTD XHTML 1.0 Transitional//EN"
    "http://www.w3.org/TR/xhtml1/DTD/xhtml1-transitional.dtd">
<html xmlns="http://www.w3.org/1999/xhtml" xml:lang="en" lang="en">
 <head>
  <title>
</title>
<meta http-equiv="Content-Type" content="text/html;charset=utf-8" />
  <meta name='ocr-system' content='tesseract 3.04.00' />
  <meta name='ocr-capabilities' content='ocr_page ocr_carea ocr_par ocr_line ocrx_word'/>
</head>
<body>
  <div class='ocr_page' id='page_1' title='image "./corpusscriptorum18niebuoft_0332.png"; bbox 0 0 1858 3126; ppageno 0'>
   <div class='ocr_carea' id='block_1_1' title="bbox 207 150 1256 198">
    <p class='ocr_par' dir='ltr' id='par_1_1' title="bbox 207 150 1256 198">
     <span class='ocr_line' id='line_1_1' title="bbox 207 150 1256 198; baseline 0 0"><span class='ocrx_word' id='word_1_1' title='bbox 207 152 304 198; x_wconf 87' lang='grc'><strong>316</strong></span> <span class='ocrx_word' id='word_1_2' title='bbox 631 150 869 194; x_wconf 89' lang='lat' dir='ltr'>GEORGII</span> <span class='ocrx_word' id='word_1_3' title='bbox 902 151 1256 198; x_wconf 79' lang='lat' dir='ltr'>PACHYMERIS</span> 
     </span>
    </p>
   </div>
   <div class='ocr_carea' id='block_1_2' title="bbox 60 261 1736 1435">
    <p class='ocr_par' dir='ltr' id='par_1_2' title="bbox 205 261 1682 326">
     <span class='ocr_line' id='line_1_2' title="bbox 205 261 1682 326; baseline 0.006 -18"><span class='ocrx_word' id='word_1_4' title='bbox 205 268 378 308; x_wconf 79' lang='grc' dir='ltr'><strong><em>κανοῦν·</em></strong></span> <span class='ocrx_word' id='word_1_5' title='bbox 417 262 513 307; x_wconf 70' lang='grc' dir='ltr'><strong>οὐδὲ</strong></span> <span class='ocrx_word' id='word_1_6' title='bbox 531 263 609 321; x_wconf 80' lang='grc' dir='ltr'><strong><em>γὰρ</em></strong></span> <span class='ocrx_word' id='word_1_7' title='bbox 631 261 737 314; x_wconf 77' lang='grc' dir='ltr'><strong><em>ὅλως</em></strong></span> <span class='ocrx_word' id='word_1_8' title='bbox 759 263 944 322; x_wconf 74' lang='grc' dir='ltr'><strong><em>ἀσφαλὲς</em></strong></span> <span class='ocrx_word' id='word_1_9' title='bbox 974 264 1124 322; x_wconf 63' lang='grc' dir='ltr'><strong><em>ἔκρινεν</em></strong></span> <span class='ocrx_word' id='word_1_10' title='bbox 1146 266 1370 326; x_wconf 78' lang='grc' dir='ltr'><strong><em>ἀναχωρεῖν</em></strong></span> <span class='ocrx_word' id='word_1_11' title='bbox 1390 272 1562 322; x_wconf 78' lang='grc' dir='ltr'><strong><em>ἐκείνους</em></strong></span> <span class='ocrx_word' id='word_1_12' title='bbox 1581 273 1682 316; x_wconf 71' lang='grc' dir='ltr'><strong><em>ἐκεῖ·</em></strong></span> 
     </span>
    </p>

    <p class='ocr_par' dir='ltr' id='par_1_3' title="bbox 60 331 1712 673">
     <span class='ocr_line' id='line_1_3' title="bbox 60 331 1680 399; baseline 0.006 -23"><span class='ocrx_word' id='word_1_13' title='bbox 60 343 88 376; x_wconf 85' lang='grc' dir='ltr'>Ρ</span> <span class='ocrx_word' id='word_1_14' title='bbox 112 343 180 378; x_wconf 76' lang='grc'><strong>218</strong></span> <span class='ocrx_word' id='word_1_15' title='bbox 206 338 294 378; x_wconf 85' lang='grc' dir='ltr'><strong><em>θεν.</em></strong></span> <span class='ocrx_word' id='word_1_16' title='bbox 367 332 464 376; x_wconf 76' lang='grc' dir='ltr'><strong>ἀλλ’</strong></span> <span class='ocrx_word' id='word_1_17' title='bbox 500 333 542 375; x_wconf 73' lang='grc' dir='ltr'><strong><em>ἓν</em></strong></span> <span class='ocrx_word' id='word_1_18' title='bbox 574 331 739 384; x_wconf 81' lang='grc' dir='ltr'><em>τούτοις</em></span> <span class='ocrx_word' id='word_1_19' title='bbox 765 332 908 388; x_wconf 69' lang='grc' dir='ltr'><strong><em>ὄντος,</em></strong></span> <span class='ocrx_word' id='word_1_20' title='bbox 950 333 1071 379; x_wconf 66' lang='grc' dir='ltr'><strong><em>ἔνθεν</em></strong></span> <span class='ocrx_word' id='word_1_21' title='bbox 1099 337 1175 391; x_wconf 77' lang='grc' dir='ltr'><strong><em>μὲν</em></strong></span> <span class='ocrx_word' id='word_1_22' title='bbox 1195 337 1248 380; x_wconf 81' lang='grc' dir='ltr'><strong>τὰ</strong></span> <span class='ocrx_word' id='word_1_23' title='bbox 1269 342 1344 393; x_wconf 80' lang='grc' dir='ltr'><strong>τῆς</strong></span> <span class='ocrx_word' id='word_1_24' title='bbox 1365 339 1578 397; x_wconf 73' lang='grc' dir='ltr'><strong><em>ἐκκλησίας</em></strong></span> <span class='ocrx_word' id='word_1_25' title='bbox 1603 341 1680 399; x_wconf 74' lang='grc' dir='ltr'><strong><em>ἄρ-</em></strong></span> 
     </span>
     <span class='ocr_line' id='line_1_4' title="bbox 202 397 1680 468; baseline 0.005 -22"><span class='ocrx_word' id='word_1_26' title='bbox 202 419 349 459; x_wconf 87' lang='grc' dir='ltr'><strong><em>χονται</em></strong></span> <span class='ocrx_word' id='word_1_27' title='bbox 375 402 445 444; x_wconf 86' lang='grc' dir='ltr'><strong>καὶ</strong></span> <span class='ocrx_word' id='word_1_28' title='bbox 475 397 602 453; x_wconf 70' lang='grc' dir='ltr'><strong><em>αὖθις</em></strong></span> <span class='ocrx_word' id='word_1_29' title='bbox 634 400 948 460; x_wconf 75' lang='grc' dir='ltr'><em>ταράσσεσθαι,</em></span> <span class='ocrx_word' id='word_1_30' title='bbox 986 403 1105 448; x_wconf 68' lang='grc' dir='ltr'><strong><em>ἔνθεν</em></strong></span> <span class='ocrx_word' id='word_1_31' title='bbox 1135 407 1182 449; x_wconf 78' lang='grc' dir='ltr'><strong>δὲ</strong></span> <span class='ocrx_word' id='word_1_32' title='bbox 1208 407 1260 450; x_wconf 83' lang='grc' dir='ltr'><strong>τοὶ</strong></span> <span class='ocrx_word' id='word_1_33' title='bbox 1277 409 1439 465; x_wconf 79' lang='grc' dir='ltr'><strong><em>περὶτὰ</em></strong></span> <span class='ocrx_word' id='word_1_34' title='bbox 1461 413 1557 468; x_wconf 83' lang='grc' dir='ltr'><strong><em>τῇδε</em></strong></span> <span class='ocrx_word' id='word_1_35' title='bbox 1575 411 1680 468; x_wconf 86' lang='grc' dir='ltr'><strong><em>με’ρη</em></strong></span> 
     </span>
     <span class='ocr_line' id='line_1_5' title="bbox 204 467 1680 531; baseline 0.006 -17"><span class='ocrx_word' id='word_1_36' title='bbox 204 472 445 527; x_wconf 80' lang='grc' dir='ltr'><strong><em>ξυμπίπτειν</em></strong></span> <span class='ocrx_word' id='word_1_37' title='bbox 463 469 575 515; x_wconf 77' lang='grc' dir='ltr'><strong><em>δεινά</em></strong></span> <span class='ocrx_word' id='word_1_38' title='bbox 581 505 596 525; x_wconf 87' lang='grc'><strong><em>,</em></strong></span> <span class='ocrx_word' id='word_1_39' title='bbox 633 474 726 530; x_wconf 84' lang='grc' dir='ltr'><strong><em>περὶ</em></strong></span> <span class='ocrx_word' id='word_1_40' title='bbox 745 467 802 516; x_wconf 74' lang='grc' dir='ltr'><strong><em>ὧν</em></strong></span> <span class='ocrx_word' id='word_1_41' title='bbox 823 474 997 524; x_wconf 71' lang='grc' dir='ltr'><strong><em>ἐσαῦθις</em></strong></span> <span class='ocrx_word' id='word_1_42' title='bbox 1017 471 1260 531; x_wconf 66' lang='grc' dir='ltr'><strong><em>ῥηθήσεται.</em></strong></span> <span class='ocrx_word' id='word_1_43' title='bbox 1335 477 1460 522; x_wconf 79' lang='grc' dir='ltr'><strong><em>καλὸν</em></strong></span> <span class='ocrx_word' id='word_1_44' title='bbox 1482 480 1527 522; x_wconf 75' lang='grc' dir='ltr'><strong>δὲ</strong></span> <span class='ocrx_word' id='word_1_45' title='bbox 1548 482 1680 523; x_wconf 76' lang='grc' dir='ltr'><strong><em>συνεί-</em></strong></span> 
     </span>
     <span class='ocr_line' id='line_1_6' title="bbox 201 539 1712 605; baseline 0.006 -21"><span class='ocrx_word' id='word_1_46' title='bbox 201 558 284 598; x_wconf 87' lang='grc' dir='ltr'><strong><em>ρειν</em></strong></span> <span class='ocrx_word' id='word_1_47' title='bbox 307 541 347 591; x_wconf 79' lang='grc' dir='ltr'><strong>ἐς</strong></span> <span class='ocrx_word' id='word_1_48' title='bbox 366 539 483 592; x_wconf 74' lang='grc' dir='ltr'><strong><em>τέλος</em></strong></span> <span class='ocrx_word' id='word_1_49' title='bbox 502 540 556 584; x_wconf 82' lang='grc' dir='ltr'><strong>τὰ</strong></span> <span class='ocrx_word' id='word_1_50' title='bbox 573 545 657 585; x_wconf 86' lang='grc' dir='ltr'><strong><em>τῶν</em></strong></span> <span class='ocrx_word' id='word_1_51' title='bbox 673 541 881 596; x_wconf 81' lang='grc' dir='ltr'><strong><em>Ἀλανῶν,</em></strong></span> <span class='ocrx_word' id='word_1_52' title='bbox 910 544 944 585; x_wconf 82' lang='grc' dir='ltr'><strong>εἲ</strong></span> <span class='ocrx_word' id='word_1_53' title='bbox 964 543 1128 587; x_wconf 82' lang='grc' dir='ltr'><strong><em>κάκεῖνα</em></strong></span> <span class='ocrx_word' id='word_1_54' title='bbox 1150 545 1192 588; x_wconf 75' lang='grc' dir='ltr'><strong><em>ἐν</em></strong></span> <span class='ocrx_word' id='word_1_55' title='bbox 1217 550 1276 605; x_wconf 77' lang='grc' dir='ltr'><strong>τῷ</strong></span> <span class='ocrx_word' id='word_1_56' title='bbox 1294 548 1449 601; x_wconf 74' lang='grc' dir='ltr'><strong><em>μεταξὺ</em></strong></span> <span class='ocrx_word' id='word_1_57' title='bbox 1471 547 1712 605; x_wconf 81' lang='grc' dir='ltr'><strong><em>ξυμβεβή-5</em></strong></span> 
     </span>
     <span class='ocr_line' id='line_1_7' title="bbox 203 607 1301 673; baseline 0.005 -19"><span class='ocrx_word' id='word_1_58' title='bbox 203 628 286 664; x_wconf 87' lang='grc' dir='ltr'><strong><em>κει,</em></strong></span> <span class='ocrx_word' id='word_1_59' title='bbox 325 607 381 661; x_wconf 80' lang='grc' dir='ltr'><strong>ὥς</strong></span> <span class='ocrx_word' id='word_1_60' title='bbox 403 608 454 655; x_wconf 81' lang='grc' dir='ltr'><strong><em>ἂν</em></strong></span> <span class='ocrx_word' id='word_1_61' title='bbox 474 608 500 666; x_wconf 79' lang='grc' dir='ltr'>ἡ</span> <span class='ocrx_word' id='word_1_62' title='bbox 525 612 616 668; x_wconf 85' lang='grc' dir='ltr'><strong><em>περὶ</em></strong></span> <span class='ocrx_word' id='word_1_63' title='bbox 634 608 792 655; x_wconf 77' lang='grc' dir='ltr'><strong><em>τούτων</em></strong></span> <span class='ocrx_word' id='word_1_64' title='bbox 813 609 1048 669; x_wconf 78' lang='grc' dir='ltr'><strong><em>ξύμφρασις</em></strong></span> <span class='ocrx_word' id='word_1_65' title='bbox 1070 614 1240 670; x_wconf 77' lang='grc' dir='ltr'><strong><em>συνεχὴς</em></strong></span> <span class='ocrx_word' id='word_1_66' title='bbox 1261 611 1301 673; x_wconf 86' lang='grc' dir='ltr'><strong>ᾗ.</strong></span> 
     </span>
    </p>

    <p class='ocr_par' dir='ltr' id='par_1_4' title="bbox 150 679 1736 1158">
     <span class='ocr_line' id='line_1_8' title="bbox 150 679 1682 741; baseline 0.006 -21"><span class='ocrx_word' id='word_1_67' title='bbox 150 702 179 735; x_wconf 79' lang='grc' dir='ltr'><strong>Β</strong></span> <span class='ocrx_word' id='word_1_68' title='bbox 343 681 422 726; x_wconf 79' lang='lat'><strong>20.</strong></span> <span class='ocrx_word' id='word_1_69' title='bbox 489 679 829 735; x_wconf 82' lang='grc' dir='ltr'><strong><em>Ἐνεσχολακότος</em></strong></span> <span class='ocrx_word' id='word_1_70' title='bbox 853 686 1073 740; x_wconf 82' lang='grc' dir='ltr'><strong><em>τοιγαροῦν</em></strong></span> <span class='ocrx_word' id='word_1_71' title='bbox 1094 682 1258 735; x_wconf 77' lang='grc' dir='ltr'><strong><em>τούτοις</em></strong></span> <span class='ocrx_word' id='word_1_72' title='bbox 1277 682 1333 735; x_wconf 78' lang='grc' dir='ltr'><strong>ὥς</strong></span> <span class='ocrx_word' id='word_1_73' title='bbox 1351 684 1585 741; x_wconf 79' lang='grc' dir='ltr'><strong><em>ἀναγκαίοις</em></strong></span> <span class='ocrx_word' id='word_1_74' title='bbox 1606 690 1682 729; x_wconf 83' lang='grc' dir='ltr'><strong>τοῦ</strong></span> 
     </span>
     <span class='ocr_line' id='line_1_9' title="bbox 203 746 1682 809; baseline 0.004 -17"><span class='ocrx_word' id='word_1_75' title='bbox 203 749 408 804; x_wconf 74' lang='grc' dir='ltr'><strong><em>βασιλέως</em></strong></span> <span class='ocrx_word' id='word_1_76' title='bbox 439 746 575 809; x_wconf 76' lang='grc' dir='ltr'><strong><em>κύκλῳ</em></strong></span> <span class='ocrx_word' id='word_1_77' title='bbox 603 750 656 793; x_wconf 80' lang='grc' dir='ltr'><strong>τὰ</strong></span> <span class='ocrx_word' id='word_1_78' title='bbox 688 750 800 793; x_wconf 78' lang='grc' dir='ltr'><strong><em>δεινὰ</em></strong></span> <span class='ocrx_word' id='word_1_79' title='bbox 820 750 1112 808; x_wconf 76' lang='grc' dir='ltr'><strong><em>περιέστησαν,</em></strong></span> <span class='ocrx_word' id='word_1_80' title='bbox 1144 751 1200 804; x_wconf 83' lang='grc' dir='ltr'><strong>ὥς</strong></span> <span class='ocrx_word' id='word_1_81' title='bbox 1221 755 1303 797; x_wconf 74' lang='grc' dir='ltr'><strong><em>ἐκεῖ</em></strong></span> <span class='ocrx_word' id='word_1_82' title='bbox 1316 755 1391 809; x_wconf 77' lang='grc' dir='ltr'><strong><em>μὲν</em></strong></span> <span class='ocrx_word' id='word_1_83' title='bbox 1411 753 1563 805; x_wconf 70' lang='grc' dir='ltr'><strong><em>ἄλλους</em></strong></span> <span class='ocrx_word' id='word_1_84' title='bbox 1581 753 1682 798; x_wconf 77' lang='grc' dir='ltr'><strong><em>εἶναι</em></strong></span> 
     </span>
     <span class='ocr_line' id='line_1_10' title="bbox 203 816 1681 880; baseline 0.003 -18"><span class='ocrx_word' id='word_1_85' title='bbox 203 818 304 869; x_wconf 77' lang='grc' dir='ltr'><strong>τούς</strong></span> <span class='ocrx_word' id='word_1_86' title='bbox 335 818 410 875; x_wconf 82' lang='grc' dir='ltr'><strong><em>τὴν</em></strong></span> <span class='ocrx_word' id='word_1_87' title='bbox 438 816 650 873; x_wconf 83' lang='grc' dir='ltr'><strong><em>Ῥωμαίων</em></strong></span> <span class='ocrx_word' id='word_1_88' title='bbox 684 825 939 874; x_wconf 81' lang='grc' dir='ltr'><strong><em>κακοῦντας,</em></strong></span> <span class='ocrx_word' id='word_1_89' title='bbox 976 822 1164 865; x_wconf 74' lang='grc' dir='ltr'><strong><em>ἐνταῦθα</em></strong></span> <span class='ocrx_word' id='word_1_90' title='bbox 1187 822 1229 866; x_wconf 79' lang='grc' dir='ltr'><strong>δ’</strong></span> <span class='ocrx_word' id='word_1_91' title='bbox 1248 821 1469 880; x_wconf 77' lang='grc' dir='ltr'><strong><em>Ἀμούριον</em></strong></span> <span class='ocrx_word' id='word_1_92' title='bbox 1491 825 1560 869; x_wconf 82' lang='grc' dir='ltr'><strong>καὶ</strong></span> <span class='ocrx_word' id='word_1_93' title='bbox 1577 827 1681 868; x_wconf 84' lang='grc' dir='ltr'><strong><em>Λα-</em></strong></span> 
     </span>
     <span class='ocr_line' id='line_1_11' title="bbox 202 888 1736 947; baseline 0.004 -16"><span class='ocrx_word' id='word_1_94' title='bbox 202 889 352 944; x_wconf 84' lang='grc' dir='ltr'><strong><em>μίνσην</em></strong></span> <span class='ocrx_word' id='word_1_95' title='bbox 371 888 635 943; x_wconf 83' lang='grc' dir='ltr'><strong><em>καὶἈτμᾶνα</em></strong></span> <span class='ocrx_word' id='word_1_96' title='bbox 655 891 722 932; x_wconf 80' lang='grc' dir='ltr'><strong>καὶ</strong></span> <span class='ocrx_word' id='word_1_97' title='bbox 740 891 915 947; x_wconf 83' lang='grc' dir='ltr'><strong><em>μυρίους</em></strong></span> <span class='ocrx_word' id='word_1_98' title='bbox 938 889 1090 941; x_wconf 75' lang='grc' dir='ltr'><strong><em>ἄλλους</em></strong></span> <span class='ocrx_word' id='word_1_99' title='bbox 1108 892 1205 943; x_wconf 64' lang='grc' dir='ltr'><strong><em>τοὺς</em></strong></span> <span class='ocrx_word' id='word_1_100' title='bbox 1222 891 1422 943; x_wconf 75' lang='grc' dir='ltr'><strong><em>ἐπιόντας.</em></strong></span> <span class='ocrx_word' id='word_1_101' title='bbox 1477 891 1587 936; x_wconf 73' lang='grc' dir='ltr'><strong><em>οὕτω</em></strong></span> <span class='ocrx_word' id='word_1_102' title='bbox 1606 897 1681 940; x_wconf 72' lang='grc' dir='ltr'><strong>τοῦ</strong></span> <span class='ocrx_word' id='word_1_103' title='bbox 1693 902 1736 937; x_wconf 83' lang='grc'><strong>10</strong></span> 
     </span>
     <span class='ocr_line' id='line_1_12' title="bbox 202 958 1682 1017; baseline 0.004 -17"><span class='ocrx_word' id='word_1_104' title='bbox 202 958 461 1015; x_wconf 84' lang='grc' dir='ltr'><strong><em>τριμηνιαιόυ</em></strong></span> <span class='ocrx_word' id='word_1_105' title='bbox 482 958 840 1016; x_wconf 79' lang='grc' dir='ltr'><strong><em>κατατριφθὲντος</em></strong></span> <span class='ocrx_word' id='word_1_106' title='bbox 859 964 1004 1017; x_wconf 83' lang='grc' dir='ltr'><strong><em>καιροῦ</em></strong></span> <span class='ocrx_word' id='word_1_107' title='bbox 1018 959 1181 1004; x_wconf 83' lang='grc' dir='ltr'><strong><em>Ἀλανοὶ</em></strong></span> <span class='ocrx_word' id='word_1_108' title='bbox 1199 963 1266 1005; x_wconf 85' lang='grc' dir='ltr'><strong>καὶ</strong></span> <span class='ocrx_word' id='word_1_109' title='bbox 1289 961 1461 1012; x_wconf 80' lang='grc' dir='ltr'><strong><em>ἄκοντος</em></strong></span> <span class='ocrx_word' id='word_1_110' title='bbox 1481 962 1682 1016; x_wconf 74' lang='grc' dir='ltr'><strong><em>βασιλέως</em></strong></span> 
     </span>
     <span class='ocr_line' id='line_1_13' title="bbox 203 1023 1680 1085; baseline 0.003 -15"><span class='ocrx_word' id='word_1_111' title='bbox 203 1027 430 1085; x_wconf 79' lang='grc' dir='ltr'><strong><em>ἀναχωρεῖν</em></strong></span> <span class='ocrx_word' id='word_1_112' title='bbox 452 1025 617 1084; x_wconf 81' lang='grc' dir='ltr'><strong><em>ὥρμων.</em></strong></span> <span class='ocrx_word' id='word_1_113' title='bbox 666 1026 688 1071; x_wconf 81' lang='grc' dir='ltr'><em>ὃ</em></span> <span class='ocrx_word' id='word_1_114' title='bbox 706 1029 781 1078; x_wconf 77' lang='grc' dir='ltr'><strong><em>μὲν</em></strong></span> <span class='ocrx_word' id='word_1_115' title='bbox 802 1023 875 1071; x_wconf 76' lang='grc' dir='ltr'><strong><em>οὗν</em></strong></span> <span class='ocrx_word' id='word_1_116' title='bbox 895 1029 1089 1083; x_wconf 69' lang='grc' dir='ltr'><strong><em>βασιλεὺς</em></strong></span> <span class='ocrx_word' id='word_1_117' title='bbox 1107 1031 1175 1074; x_wconf 79' lang='grc' dir='ltr'><strong>διὰ</strong></span> <span class='ocrx_word' id='word_1_118' title='bbox 1195 1035 1350 1085; x_wconf 77' lang='grc' dir='ltr'><strong><em>ταῦτα,</em></strong></span> <span class='ocrx_word' id='word_1_119' title='bbox 1383 1030 1467 1074; x_wconf 64' lang='lat' dir='ltr'><strong>{nei</strong></span> <span class='ocrx_word' id='word_1_120' title='bbox 1485 1031 1559 1074; x_wconf 76' lang='grc' dir='ltr'><strong>οὐκ</strong></span> <span class='ocrx_word' id='word_1_121' title='bbox 1579 1029 1680 1085; x_wconf 76' lang='grc' dir='ltr'><strong><em>εἶχεν</em></strong></span> 
     </span>
     <span class='ocr_line' id='line_1_14' title="bbox 203 1096 1681 1158; baseline 0.003 -18"><span class='ocrx_word' id='word_1_122' title='bbox 203 1097 246 1140; x_wconf 78' lang='grc' dir='ltr'><strong><em>ἐν</em></strong></span> <span class='ocrx_word' id='word_1_123' title='bbox 272 1097 498 1158; x_wconf 69' lang='grc' dir='ltr'><strong><em>Μαγνησίᾳ</em></strong></span> <span class='ocrx_word' id='word_1_124' title='bbox 521 1099 587 1140; x_wconf 83' lang='grc' dir='ltr'><strong>καὶ</strong></span> <span class='ocrx_word' id='word_1_125' title='bbox 608 1096 667 1140; x_wconf 70' lang='grc' dir='ltr'><strong>ἔτι</strong></span> <span class='ocrx_word' id='word_1_126' title='bbox 689 1102 912 1154; x_wconf 81' lang='grc' dir='ltr'><strong><em>καθῆσθαι</em></strong></span> <span class='ocrx_word' id='word_1_127' title='bbox 949 1098 1068 1153; x_wconf 70' lang='grc' dir='ltr'><strong><em>(οὔτε</em></strong></span> <span class='ocrx_word' id='word_1_128' title='bbox 1085 1098 1164 1157; x_wconf 82' lang='grc' dir='ltr'><strong><em>γὰρ</em></strong></span> <span class='ocrx_word' id='word_1_129' title='bbox 1190 1105 1472 1158; x_wconf 76' lang='grc' dir='ltr'><strong><em>προσβοηθεῖν</em></strong></span> <span class='ocrx_word' id='word_1_130' title='bbox 1495 1099 1573 1155; x_wconf 72' lang='grc' dir='ltr'><strong><em>εἶχε</em></strong></span> <span class='ocrx_word' id='word_1_131' title='bbox 1594 1107 1681 1150; x_wconf 84' lang='grc' dir='ltr'><strong><em>τοῖς</em></strong></span> 
     </span>
    </p>

    <p class='ocr_par' dir='ltr' id='par_1_5' title="bbox 146 1162 1734 1435">
     <span class='ocr_line' id='line_1_15' title="bbox 146 1162 1679 1226; baseline 0.001 -16"><span class='ocrx_word' id='word_1_132' title='bbox 146 1180 177 1214; x_wconf 80' lang='lat' dir='ltr'>c</span> <span class='ocrx_word' id='word_1_133' title='bbox 204 1166 491 1222; x_wconf 80' lang='grc' dir='ltr'><strong><em>κακουμένοις,</em></strong></span> <span class='ocrx_word' id='word_1_134' title='bbox 530 1167 599 1209; x_wconf 87' lang='grc' dir='ltr'><strong>καὶ</strong></span> <span class='ocrx_word' id='word_1_135' title='bbox 624 1165 719 1210; x_wconf 79' lang='grc' dir='ltr'><strong><em>ἀνία</em></strong></span> <span class='ocrx_word' id='word_1_136' title='bbox 750 1162 802 1222; x_wconf 71' lang='grc' dir='ltr'><strong><em>ἦν</em></strong></span> <span class='ocrx_word' id='word_1_137' title='bbox 829 1167 888 1224; x_wconf 85' lang='grc' dir='ltr'><strong>μὴ</strong></span> <span class='ocrx_word' id='word_1_138' title='bbox 922 1166 1127 1223; x_wconf 79' lang='grc' dir='ltr'><strong><em>ἲσχύοντι,</em></strong></span> <span class='ocrx_word' id='word_1_139' title='bbox 1162 1171 1292 1226; x_wconf 86' lang='grc' dir='ltr'><strong><em>μυρία</em></strong></span> <span class='ocrx_word' id='word_1_140' title='bbox 1321 1170 1366 1213; x_wconf 76' lang='grc' dir='ltr'><strong>δὲ</strong></span> <span class='ocrx_word' id='word_1_141' title='bbox 1392 1171 1461 1212; x_wconf 81' lang='grc' dir='ltr'><strong>καὶ</strong></span> <span class='ocrx_word' id='word_1_142' title='bbox 1486 1168 1569 1212; x_wconf 80' lang='grc' dir='ltr'><strong>ἀπὸ</strong></span> <span class='ocrx_word' id='word_1_143' title='bbox 1595 1173 1679 1212; x_wconf 81' lang='grc' dir='ltr'><strong><em>τῶν</em></strong></span> 
     </span>
     <span class='ocr_line' id='line_1_16' title="bbox 201 1234 1734 1298; baseline 0.001 -19"><span class='ocrx_word' id='word_1_144' title='bbox 201 1234 368 1294; x_wconf 68' lang='grc' dir='ltr'><strong><em>ἐχθρῶν</em></strong></span> <span class='ocrx_word' id='word_1_145' title='bbox 401 1236 683 1292; x_wconf 74' lang='grc' dir='ltr'><strong><em>προσεδοκᾶτο</em></strong></span> <span class='ocrx_word' id='word_1_146' title='bbox 701 1234 727 1292; x_wconf 77' lang='grc' dir='ltr'>ἦ</span> <span class='ocrx_word' id='word_1_147' title='bbox 749 1234 1018 1291; x_wconf 79' lang='grc' dir='ltr'><strong><em>ἕπιμώκησις,</em></strong></span> <span class='ocrx_word' id='word_1_148' title='bbox 1047 1237 1182 1289; x_wconf 76' lang='grc' dir='ltr'><strong><em>ἄλλως</em></strong></span> <span class='ocrx_word' id='word_1_149' title='bbox 1205 1256 1248 1282; x_wconf 88' lang='grc' dir='ltr'><strong>τε</strong></span> <span class='ocrx_word' id='word_1_150' title='bbox 1269 1239 1315 1282; x_wconf 73' lang='grc' dir='ltr'><strong>δὲ</strong></span> <span class='ocrx_word' id='word_1_151' title='bbox 1331 1240 1398 1282; x_wconf 80' lang='grc' dir='ltr'><strong>καὶ</strong></span> <span class='ocrx_word' id='word_1_152' title='bbox 1425 1239 1518 1295; x_wconf 85' lang='grc' dir='ltr'><strong><em>περὶ</em></strong></span> <span class='ocrx_word' id='word_1_153' title='bbox 1544 1236 1678 1298; x_wconf 68' lang='grc' dir='ltr'><strong><em>ἑαυτῷ</em></strong></span> <span class='ocrx_word' id='word_1_154' title='bbox 1692 1246 1734 1281; x_wconf 86' lang='grc'><strong>15</strong></span> 
     </span>
     <span class='ocr_line' id='line_1_17' title="bbox 202 1303 1678 1365; baseline 0.001 -17"><span class='ocrx_word' id='word_1_155' title='bbox 202 1306 395 1349; x_wconf 72' lang='grc' dir='ltr'><strong><em>ἐδεδοίκει</em></strong></span> <span class='ocrx_word' id='word_1_156' title='bbox 411 1309 494 1348; x_wconf 84' lang='grc' dir='ltr'><strong><em>τῶν</em></strong></span> <span class='ocrx_word' id='word_1_157' title='bbox 516 1303 623 1350; x_wconf 81' lang='grc' dir='ltr'><strong><em>ὅλων</em></strong></span> <span class='ocrx_word' id='word_1_158' title='bbox 642 1305 987 1362; x_wconf 74' lang='grc' dir='ltr'><strong><em>ἀνεστατωμένων</em></strong></span> <span class='ocrx_word' id='word_1_159' title='bbox 996 1310 1030 1364; x_wconf 88' lang='grc'><strong>),</strong></span> <span class='ocrx_word' id='word_1_160' title='bbox 1061 1306 1162 1364; x_wconf 66' lang='grc' dir='ltr'><strong><em>ἔγνω</em></strong></span> <span class='ocrx_word' id='word_1_161' title='bbox 1181 1309 1248 1350; x_wconf 80' lang='grc' dir='ltr'><strong>καὶ</strong></span> <span class='ocrx_word' id='word_1_162' title='bbox 1268 1305 1407 1361; x_wconf 82' lang='grc' dir='ltr'><strong><em>αὐτός,</em></strong></span> <span class='ocrx_word' id='word_1_163' title='bbox 1440 1307 1545 1362; x_wconf 77' lang='grc' dir='ltr'><strong><em>πλὴν</em></strong></span> <span class='ocrx_word' id='word_1_164' title='bbox 1566 1307 1678 1365; x_wconf 78' lang='grc' dir='ltr'><strong><em>ἄφα-</em></strong></span> 
     </span>
     <span class='ocr_line' id='line_1_18' title="bbox 202 1373 1679 1435; baseline 0.001 -17"><span class='ocrx_word' id='word_1_165' title='bbox 202 1379 304 1429; x_wconf 87' lang='grc' dir='ltr'><strong><em>νῶς,</em></strong></span> <span class='ocrx_word' id='word_1_166' title='bbox 339 1375 587 1433; x_wconf 79' lang='grc' dir='ltr'><strong><em>ἀναχωρεῖν,</em></strong></span> <span class='ocrx_word' id='word_1_167' title='bbox 625 1373 746 1419; x_wconf 68' lang='grc' dir='ltr'><strong><em>ἔνθεν</em></strong></span> <span class='ocrx_word' id='word_1_168' title='bbox 774 1376 848 1431; x_wconf 81' lang='grc' dir='ltr'><strong><em>μὲν</em></strong></span> <span class='ocrx_word' id='word_1_169' title='bbox 881 1376 978 1426; x_wconf 77' lang='grc' dir='ltr'><strong><em>τοὺς</em></strong></span> <span class='ocrx_word' id='word_1_170' title='bbox 1002 1380 1084 1420; x_wconf 83' lang='grc' dir='ltr'><strong><em>τῶν</em></strong></span> <span class='ocrx_word' id='word_1_171' title='bbox 1106 1377 1220 1421; x_wconf 78' lang='grc' dir='ltr'><strong><em>ῗὸίων</em></strong></span> <span class='ocrx_word' id='word_1_172' title='bbox 1239 1376 1490 1435; x_wconf 77' lang='grc' dir='ltr'><strong><em>ὀφθαλμοὺς</em></strong></span> <span class='ocrx_word' id='word_1_173' title='bbox 1506 1374 1679 1420; x_wconf 73' lang='grc' dir='ltr'><strong><em>ὑποκλέ-</em></strong></span> 
     </span>
    </p>
   </div>
   <div class='ocr_carea' id='block_1_3' title="bbox 201 1531 1680 2874">
    <p class='ocr_par' dir='ltr' id='par_1_6' title="bbox 201 1531 1679 1996">
     <span class='ocr_line' id='line_1_19' title="bbox 202 1531 1679 1580; baseline 0.001 -14"><span class='ocrx_word' id='word_1_174' title='bbox 202 1531 427 1567; x_wconf 72' lang='lat' dir='ltr'><strong>deliniendam</strong></span> <span class='ocrx_word' id='word_1_175' title='bbox 451 1531 718 1578; x_wconf 82' lang='lat' dir='ltr'>tenendamque:</span> <span class='ocrx_word' id='word_1_176' title='bbox 743 1543 807 1566; x_wconf 90' lang='lat' dir='ltr'><strong>nec</strong></span> <span class='ocrx_word' id='word_1_177' title='bbox 830 1532 917 1566; x_wconf 89' lang='lat' dir='ltr'><strong>enim</strong></span> <span class='ocrx_word' id='word_1_178' title='bbox 939 1532 1015 1566; x_wconf 89' lang='lat' dir='ltr'><strong>sine</strong></span> <span class='ocrx_word' id='word_1_179' title='bbox 1036 1544 1159 1577; x_wconf 84' lang='lat' dir='ltr'><strong>magno</strong></span> <span class='ocrx_word' id='word_1_180' title='bbox 1183 1536 1220 1566; x_wconf 89' lang='lat' dir='ltr'><strong>et</strong></span> <span class='ocrx_word' id='word_1_181' title='bbox 1242 1532 1303 1566; x_wconf 86' lang='lat' dir='ltr'><strong>filii</strong></span> <span class='ocrx_word' id='word_1_182' title='bbox 1327 1535 1364 1566; x_wconf 87' lang='lat' dir='ltr'><strong>et</strong></span> <span class='ocrx_word' id='word_1_183' title='bbox 1386 1533 1595 1580; x_wconf 88' lang='lat' dir='ltr'><strong>reipublicae</strong></span> <span class='ocrx_word' id='word_1_184' title='bbox 1617 1545 1679 1578; x_wconf 86' lang='lat' dir='ltr'><strong>pe-</strong></span> 
     </span>
     <span class='ocr_line' id='line_1_20' title="bbox 202 1578 1677 1623; baseline 0 -11"><span class='ocrx_word' id='word_1_185' title='bbox 202 1578 311 1612; x_wconf 89' lang='lat' dir='ltr'><strong>riculo</strong></span> <span class='ocrx_word' id='word_1_186' title='bbox 347 1578 491 1623; x_wconf 82' lang='lat' dir='ltr'><strong>putabat</strong></span> <span class='ocrx_word' id='word_1_187' title='bbox 519 1590 690 1612; x_wconf 84' lang='lat' dir='ltr'>recessum</span> <span class='ocrx_word' id='word_1_188' title='bbox 724 1578 802 1612; x_wconf 89' lang='lat' dir='ltr'><strong>inde</strong></span> <span class='ocrx_word' id='word_1_189' title='bbox 825 1578 1007 1612; x_wconf 89' lang='lat' dir='ltr'><strong>Alanorum</strong></span> <span class='ocrx_word' id='word_1_190' title='bbox 1040 1590 1141 1623; x_wconf 88' lang='lat' dir='ltr'><strong>posse</strong></span> <span class='ocrx_word' id='word_1_191' title='bbox 1174 1579 1383 1623; x_wconf 88' lang='lat' dir='ltr'><strong>contingere.</strong></span> <span class='ocrx_word' id='word_1_192' title='bbox 1429 1579 1489 1614; x_wconf 84' lang='lat' dir='ltr'><strong>sed</strong></span> <span class='ocrx_word' id='word_1_193' title='bbox 1511 1579 1563 1612; x_wconf 89' lang='lat' dir='ltr'><strong>his</strong></span> <span class='ocrx_word' id='word_1_194' title='bbox 1584 1578 1677 1612; x_wconf 88' lang='lat' dir='ltr'><strong>illum</strong></span> 
     </span>
     <span class='ocr_line' id='line_1_21' title="bbox 202 1623 1678 1670; baseline -0.001 -11"><span class='ocrx_word' id='word_1_195' title='bbox 202 1626 368 1659; x_wconf 87' lang='lat' dir='ltr'><strong>intentum</strong></span> <span class='ocrx_word' id='word_1_196' title='bbox 391 1623 692 1659; x_wconf 78' lang='lat' dir='ltr'><strong>incommodissime</strong></span> <span class='ocrx_word' id='word_1_197' title='bbox 714 1624 977 1669; x_wconf 87' lang='lat' dir='ltr'><strong>interpellarunt</strong></span> <span class='ocrx_word' id='word_1_198' title='bbox 998 1636 1108 1658; x_wconf 87' lang='lat' dir='ltr'><strong>novae</strong></span> <span class='ocrx_word' id='word_1_199' title='bbox 1134 1635 1300 1670; x_wconf 88' lang='lat' dir='ltr'><strong>acresque</strong></span> <span class='ocrx_word' id='word_1_200' title='bbox 1323 1625 1574 1666; x_wconf 68' lang='lat' dir='ltr'><strong>solicnudines,</strong></span> <span class='ocrx_word' id='word_1_201' title='bbox 1603 1625 1678 1669; x_wconf 89' lang='lat' dir='ltr'><strong>pri-</strong></span> 
     </span>
     <span class='ocr_line' id='line_1_22' title="bbox 201 1670 1678 1716; baseline -0.003 -10"><span class='ocrx_word' id='word_1_202' title='bbox 201 1682 292 1706; x_wconf 90' lang='lat' dir='ltr'><strong>mum</strong></span> <span class='ocrx_word' id='word_1_203' title='bbox 315 1681 337 1704; x_wconf 88' lang='lat' dir='ltr'><strong>a</strong></span> <span class='ocrx_word' id='word_1_204' title='bbox 360 1670 464 1705; x_wconf 90' lang='lat' dir='ltr'><strong>rebus</strong></span> <span class='ocrx_word' id='word_1_205' title='bbox 486 1670 671 1711; x_wconf 86' lang='lat' dir='ltr'><strong>ecclesiae,</strong></span> <span class='ocrx_word' id='word_1_206' title='bbox 706 1682 795 1716; x_wconf 89' lang='lat' dir='ltr'><strong>quae</strong></span> <span class='ocrx_word' id='word_1_207' title='bbox 825 1670 957 1704; x_wconf 85' lang='lat' dir='ltr'><strong>turbari</strong></span> <span class='ocrx_word' id='word_1_208' title='bbox 989 1670 1098 1704; x_wconf 90' lang='lat' dir='ltr'><strong>denuo</strong></span> <span class='ocrx_word' id='word_1_209' title='bbox 1123 1674 1327 1716; x_wconf 84' lang='lat' dir='ltr'><strong>coeperunt,</strong></span> <span class='ocrx_word' id='word_1_210' title='bbox 1359 1671 1480 1705; x_wconf 84' lang='lat' dir='ltr'><strong>deinde</strong></span> <span class='ocrx_word' id='word_1_211' title='bbox 1503 1682 1546 1704; x_wconf 86' lang='lat' dir='ltr'><strong>ex</strong></span> <span class='ocrx_word' id='word_1_212' title='bbox 1567 1671 1678 1704; x_wconf 61' lang='lat' dir='ltr'><strong>incre-</strong></span> 
     </span>
     <span class='ocr_line' id='line_1_23' title="bbox 203 1715 1678 1763; baseline -0.001 -11"><span class='ocrx_word' id='word_1_213' title='bbox 203 1716 423 1752; x_wconf 86' lang='lat' dir='ltr'><strong>bescentibus</strong></span> <span class='ocrx_word' id='word_1_214' title='bbox 449 1717 576 1752; x_wconf 85' lang='lat' dir='ltr'><strong>nuntiis</strong></span> <span class='ocrx_word' id='word_1_215' title='bbox 600 1715 744 1751; x_wconf 88' lang='lat' dir='ltr'><strong>cladium</strong></span> <span class='ocrx_word' id='word_1_216' title='bbox 769 1715 1065 1761; x_wconf 75' lang='lat' dir='ltr'><strong>calamitatumque</strong></span> <span class='ocrx_word' id='word_1_217' title='bbox 1089 1718 1265 1758; x_wconf 88' lang='lat' dir='ltr'><strong>atrocium,</strong></span> <span class='ocrx_word' id='word_1_218' title='bbox 1289 1717 1414 1762; x_wconf 87' lang='lat' dir='ltr'><strong>quibus</strong></span> <span class='ocrx_word' id='word_1_219' title='bbox 1428 1716 1574 1763; x_wconf 83' lang='lat' dir='ltr'><strong>opprimi</strong></span> <span class='ocrx_word' id='word_1_220' title='bbox 1589 1728 1678 1751; x_wconf 91' lang='lat' dir='ltr'><strong>nunc</strong></span> 
     </span>
     <span class='ocr_line' id='line_1_24' title="bbox 205 1762 1677 1809; baseline -0.001 -11"><span class='ocrx_word' id='word_1_221' title='bbox 205 1764 295 1798; x_wconf 89' lang='lat' dir='ltr'><strong>hanc</strong></span> <span class='ocrx_word' id='word_1_222' title='bbox 318 1775 407 1798; x_wconf 92' lang='lat' dir='ltr'><strong>nunc</strong></span> <span class='ocrx_word' id='word_1_223' title='bbox 429 1762 522 1798; x_wconf 88' lang='lat' dir='ltr'><strong>illam</strong></span> <span class='ocrx_word' id='word_1_224' title='bbox 545 1764 719 1798; x_wconf 80' lang='lat' dir='ltr'><strong>Romanae</strong></span> <span class='ocrx_word' id='word_1_225' title='bbox 742 1762 900 1806; x_wconf 82' lang='lat' dir='ltr'><strong>ditionis,</strong></span> <span class='ocrx_word' id='word_1_226' title='bbox 925 1763 1027 1797; x_wconf 86' lang='lat' dir='ltr'><strong>etiam</strong></span> <span class='ocrx_word' id='word_1_227' title='bbox 1050 1763 1127 1797; x_wconf 92' lang='lat' dir='ltr'><strong>urbi</strong></span> <span class='ocrx_word' id='word_1_228' title='bbox 1151 1768 1186 1798; x_wconf 92' lang='lat' dir='ltr'><strong>et</strong></span> <span class='ocrx_word' id='word_1_229' title='bbox 1208 1763 1281 1797; x_wconf 88' lang='lat' dir='ltr'><strong>sedi</strong></span> <span class='ocrx_word' id='word_1_230' title='bbox 1305 1763 1440 1808; x_wconf 86' lang='lat' dir='ltr'><strong>imperii</strong></span> <span class='ocrx_word' id='word_1_231' title='bbox 1465 1775 1574 1809; x_wconf 86' lang='lat' dir='ltr'><strong>paene</strong></span> <span class='ocrx_word' id='word_1_232' title='bbox 1597 1774 1677 1797; x_wconf 88' lang='lat' dir='ltr'><strong>con-</strong></span> 
     </span>
     <span class='ocr_line' id='line_1_25' title="bbox 202 1806 1678 1855; baseline 0 -12"><span class='ocrx_word' id='word_1_233' title='bbox 202 1810 343 1854; x_wconf 77' lang='lat' dir='ltr'><strong>tiguae,</strong></span> <span class='ocrx_word' id='word_1_234' title='bbox 375 1813 510 1855; x_wconf 86' lang='lat' dir='ltr'><strong>partem</strong></span> <span class='ocrx_word' id='word_1_235' title='bbox 532 1809 676 1845; x_wconf 82' lang='lat' dir='ltr'><strong>subinde</strong></span> <span class='ocrx_word' id='word_1_236' title='bbox 697 1810 896 1851; x_wconf 77' lang='lat' dir='ltr'><strong>ferebatur3</strong></span> <span class='ocrx_word' id='word_1_237' title='bbox 928 1809 972 1843; x_wconf 90' lang='lat' dir='ltr'><strong>de</strong></span> <span class='ocrx_word' id='word_1_238' title='bbox 994 1809 1117 1855; x_wconf 89' lang='lat' dir='ltr'><strong>quibus</strong></span> <span class='ocrx_word' id='word_1_239' title='bbox 1132 1806 1300 1843; x_wconf 89' lang='lat' dir='ltr'><strong>&#39;cladibus</strong></span> <span class='ocrx_word' id='word_1_240' title='bbox 1320 1821 1460 1854; x_wconf 85' lang='lat' dir='ltr'><strong>agemus</strong></span> <span class='ocrx_word' id='word_1_241' title='bbox 1483 1814 1603 1854; x_wconf 84' lang='lat' dir='ltr'><strong>postea</strong></span> <span class='ocrx_word' id='word_1_242' title='bbox 1625 1808 1678 1843; x_wconf 90' lang='lat' dir='ltr'><strong>di-</strong></span> 
     </span>
     <span class='ocr_line' id='line_1_26' title="bbox 202 1855 1678 1901; baseline -0.001 -11"><span class='ocrx_word' id='word_1_243' title='bbox 202 1856 373 1891; x_wconf 85' lang='lat' dir='ltr'><strong>stinctius.</strong></span> <span class='ocrx_word' id='word_1_244' title='bbox 421 1868 510 1891; x_wconf 90' lang='lat' dir='ltr'><strong>nunc</strong></span> <span class='ocrx_word' id='word_1_245' title='bbox 534 1856 622 1891; x_wconf 88' lang='lat' dir='ltr'><strong>enim</strong></span> <span class='ocrx_word' id='word_1_246' title='bbox 646 1867 712 1890; x_wconf 90' lang='lat' dir='ltr'><strong>uno</strong></span> <span class='ocrx_word' id='word_1_247' title='bbox 742 1856 816 1890; x_wconf 92' lang='lat' dir='ltr'><strong>loco</strong></span> <span class='ocrx_word' id='word_1_248' title='bbox 840 1855 1018 1890; x_wconf 86' lang='lat' dir='ltr'><strong>absolvere</strong></span> <span class='ocrx_word' id='word_1_249' title='bbox 1046 1855 1212 1901; x_wconf 92' lang='lat' dir='ltr'><strong>quidquid</strong></span> <span class='ocrx_word' id='word_1_250' title='bbox 1233 1856 1362 1890; x_wconf 85' lang='lat' dir='ltr'><strong>Alanos</strong></span> <span class='ocrx_word' id='word_1_251' title='bbox 1389 1860 1545 1901; x_wconf 83' lang='lat' dir='ltr'><strong>spectat,</strong></span> <span class='ocrx_word' id='word_1_252' title='bbox 1575 1866 1678 1900; x_wconf 85' lang='lat' dir='ltr'><strong>sepo-</strong></span> 
     </span>
     <span class='ocr_line' id='line_1_27' title="bbox 204 1901 1679 1949; baseline -0.002 -11"><span class='ocrx_word' id='word_1_253' title='bbox 204 1903 281 1938; x_wconf 83' lang='lat' dir='ltr'><strong>sitis</strong></span> <span class='ocrx_word' id='word_1_254' title='bbox 304 1902 488 1949; x_wconf 80' lang='lat' dir='ltr'><strong>tantisper,</strong></span> <span class='ocrx_word' id='word_1_255' title='bbox 516 1914 606 1949; x_wconf 86' lang='lat' dir='ltr'><strong>quae</strong></span> <span class='ocrx_word' id='word_1_256' title='bbox 628 1902 846 1937; x_wconf 84' lang='lat' dir='ltr'><strong>incurrerunt</strong></span> <span class='ocrx_word' id='word_1_257' title='bbox 868 1902 946 1936; x_wconf 89' lang='lat' dir='ltr'><strong>dum</strong></span> <span class='ocrx_word' id='word_1_258' title='bbox 968 1901 1004 1935; x_wconf 91' lang='lat' dir='ltr'><strong>id</strong></span> <span class='ocrx_word' id='word_1_259' title='bbox 1025 1902 1196 1947; x_wconf 77' lang='lat' dir='ltr'><strong>negotium</strong></span> <span class='ocrx_word' id='word_1_260' title='bbox 1220 1902 1427 1946; x_wconf 79' lang='lat' dir='ltr'><strong>traheretur,</strong></span> <span class='ocrx_word' id='word_1_261' title='bbox 1451 1902 1598 1946; x_wconf 84' lang='lat' dir='ltr'><strong>eventis,</strong></span> <span class='ocrx_word' id='word_1_262' title='bbox 1622 1901 1679 1935; x_wconf 87' lang='lat' dir='ltr'><strong>vi-</strong></span> 
     </span>
     <span class='ocr_line' id='line_1_28' title="bbox 205 1947 1343 1996; baseline -0.002 -12"><span class='ocrx_word' id='word_1_263' title='bbox 205 1949 307 1984; x_wconf 87' lang='lat' dir='ltr'><strong>detur</strong></span> <span class='ocrx_word' id='word_1_264' title='bbox 330 1949 375 1983; x_wconf 86' lang='lat' dir='ltr'><strong>ad</strong></span> <span class='ocrx_word' id='word_1_265' title='bbox 398 1949 677 1996; x_wconf 79' lang='lat' dir='ltr'><strong>perspicuitatem</strong></span> <span class='ocrx_word' id='word_1_266' title='bbox 701 1948 905 1983; x_wconf 88' lang='lat' dir='ltr'><strong>narrationis</strong></span> <span class='ocrx_word' id='word_1_267' title='bbox 928 1947 1102 1994; x_wconf 86' lang='lat' dir='ltr'><strong>aliquanto</strong></span> <span class='ocrx_word' id='word_1_268' title='bbox 1126 1948 1343 1983; x_wconf 88' lang='lat' dir='ltr'><strong>commodius.</strong></span> 
     </span>
    </p>

    <p class='ocr_par' dir='ltr' id='par_1_7' title="bbox 203 1994 1680 2874">
     <span class='ocr_line' id='line_1_29' title="bbox 297 1994 1678 2040; baseline -0.001 -10"><span class='ocrx_word' id='word_1_269' title='bbox 297 1997 354 2030; x_wconf 74' lang='lat'><strong>20.</strong></span> <span class='ocrx_word' id='word_1_270' title='bbox 398 1999 531 2030; x_wconf 83' lang='lat' dir='ltr'><strong>Aversa</strong></span> <span class='ocrx_word' id='word_1_271' title='bbox 552 1996 679 2040; x_wconf 91' lang='lat' dir='ltr'><strong>igitur,</strong></span> <span class='ocrx_word' id='word_1_272' title='bbox 710 1999 749 2030; x_wconf 89' lang='lat' dir='ltr'><strong>ut</strong></span> <span class='ocrx_word' id='word_1_273' title='bbox 771 1995 993 2036; x_wconf 79' lang='lat' dir='ltr'><strong>dictumest,</strong></span> <span class='ocrx_word' id='word_1_274' title='bbox 1024 1994 1166 2029; x_wconf 86' lang='lat' dir='ltr'><strong>senioris</strong></span> <span class='ocrx_word' id='word_1_275' title='bbox 1190 1994 1337 2039; x_wconf 86' lang='lat' dir='ltr'><strong>Augusti</strong></span> <span class='ocrx_word' id='word_1_276' title='bbox 1360 1994 1550 2029; x_wconf 78' lang='lat' dir='ltr'><strong>attentione</strong></span> <span class='ocrx_word' id='word_1_277' title='bbox 1573 2005 1595 2028; x_wconf 77' lang='lat' dir='ltr'><strong>a</strong></span> <span class='ocrx_word' id='word_1_278' title='bbox 1617 2005 1678 2038; x_wconf 83' lang='lat' dir='ltr'><strong>pe-</strong></span> 
     </span>
     <span class='ocr_line' id='line_1_30' title="bbox 206 2039 1680 2077; baseline 0 -3"><span class='ocrx_word' id='word_1_279' title='bbox 206 2040 316 2075; x_wconf 86' lang='lat' dir='ltr'><strong>riculo</strong></span> <span class='ocrx_word' id='word_1_280' title='bbox 337 2041 515 2077; x_wconf 70' lang='lat' dir='ltr'><strong>Michaelis</strong></span> <span class='ocrx_word' id='word_1_281' title='bbox 533 2042 597 2076; x_wconf 82' lang='lat' dir='ltr'><strong>filii</strong></span> <span class='ocrx_word' id='word_1_282' title='bbox 619 2042 663 2077; x_wconf 88' lang='lat' dir='ltr'><strong>ad</strong></span> <span class='ocrx_word' id='word_1_283' title='bbox 686 2052 787 2076; x_wconf 86' lang='lat' dir='ltr'><strong>curas</strong></span> <span class='ocrx_word' id='word_1_284' title='bbox 810 2041 1007 2076; x_wconf 88' lang='lat' dir='ltr'><strong>dilationem</strong></span> <span class='ocrx_word' id='word_1_285' title='bbox 1027 2041 1117 2076; x_wconf 88' lang='lat' dir='ltr'><strong>haud</strong></span> <span class='ocrx_word' id='word_1_286' title='bbox 1141 2042 1291 2076; x_wconf 84' lang='lat' dir='ltr'><strong>ferentes</strong></span> <span class='ocrx_word' id='word_1_287' title='bbox 1312 2041 1536 2075; x_wconf 86' lang='lat' dir='ltr'><strong>indicatarum</strong></span> <span class='ocrx_word' id='word_1_288' title='bbox 1559 2039 1595 2074; x_wconf 88' lang='lat' dir='ltr'><strong>in</strong></span> <span class='ocrx_word' id='word_1_289' title='bbox 1617 2041 1680 2074; x_wconf 83' lang='lat' dir='ltr'><strong>ho-</strong></span> 
     </span>
     <span class='ocr_line' id='line_1_31' title="bbox 206 2086 1680 2134; baseline -0.001 -13"><span class='ocrx_word' id='word_1_290' title='bbox 206 2098 266 2122; x_wconf 86' lang='lat' dir='ltr'><strong>ras</strong></span> <span class='ocrx_word' id='word_1_291' title='bbox 297 2086 448 2132; x_wconf 84' lang='lat' dir='ltr'><strong>singulas</strong></span> <span class='ocrx_word' id='word_1_292' title='bbox 476 2088 621 2133; x_wconf 79' lang='lat' dir='ltr'><strong>trepidis</strong></span> <span class='ocrx_word' id='word_1_293' title='bbox 649 2089 799 2134; x_wconf 91' lang='lat' dir='ltr'><strong>undique</strong></span> <span class='ocrx_word' id='word_1_294' title='bbox 828 2088 957 2123; x_wconf 88' lang='lat' dir='ltr'><strong>nuntiis</strong></span> <span class='ocrx_word' id='word_1_295' title='bbox 990 2087 1231 2122; x_wconf 79' lang='lat' dir='ltr'><strong>necessitatum</strong></span> <span class='ocrx_word' id='word_1_296' title='bbox 1263 2087 1557 2132; x_wconf 86' lang='lat' dir='ltr'><strong>gravissimarum,</strong></span> <span class='ocrx_word' id='word_1_297' title='bbox 1589 2097 1680 2131; x_wconf 85' lang='lat' dir='ltr'><strong>quae</strong></span> 
     </span>
     <span class='ocr_line' id='line_1_32' title="bbox 207 2132 1679 2179; baseline -0.001 -11"><span class='ocrx_word' id='word_1_298' title='bbox 207 2132 366 2177; x_wconf 79' lang='lat' dir='ltr'><strong>regiones</strong></span> <span class='ocrx_word' id='word_1_299' title='bbox 398 2135 476 2168; x_wconf 89' lang='lat' dir='ltr'><strong>urbi</strong></span> <span class='ocrx_word' id='word_1_300' title='bbox 508 2134 718 2169; x_wconf 89' lang='lat' dir='ltr'><strong>circumsitas</strong></span> <span class='ocrx_word' id='word_1_301' title='bbox 746 2138 928 2179; x_wconf 84' lang='lat' dir='ltr'><strong>urgerent,</strong></span> <span class='ocrx_word' id='word_1_302' title='bbox 953 2134 1044 2169; x_wconf 75' lang='lat' dir='ltr'><strong>hinc</strong></span> <span class='ocrx_word' id='word_1_303' title='bbox 1075 2135 1235 2177; x_wconf 90' lang='lat' dir='ltr'><strong>Amurio,</strong></span> <span class='ocrx_word' id='word_1_304' title='bbox 1267 2134 1363 2168; x_wconf 87' lang='lat' dir='ltr'><strong>illinc</strong></span> <span class='ocrx_word' id='word_1_305' title='bbox 1384 2133 1568 2172; x_wconf 82' lang='lat' dir='ltr'><strong>Laminse,</strong></span> <span class='ocrx_word' id='word_1_306' title='bbox 1599 2132 1679 2166; x_wconf 81' lang='lat' dir='ltr'><strong>inde</strong></span> 
     </span>
     <span class='ocr_line' id='line_1_33' title="bbox 205 2177 1678 2226; baseline -0.003 -11"><span class='ocrx_word' id='word_1_307' title='bbox 205 2182 376 2222; x_wconf 77' lang='lat' dir='ltr'><strong>Atmane‚</strong></span> <span class='ocrx_word' id='word_1_308' title='bbox 402 2179 548 2226; x_wconf 86' lang='lat' dir='ltr'><strong>denique</strong></span> <span class='ocrx_word' id='word_1_309' title='bbox 570 2181 753 2216; x_wconf 89' lang='lat' dir='ltr'><strong>innumeris</strong></span> <span class='ocrx_word' id='word_1_310' title='bbox 775 2181 910 2216; x_wconf 81' lang='lat' dir='ltr'><strong>aliunde</strong></span> <span class='ocrx_word' id='word_1_311' title='bbox 933 2180 1007 2215; x_wconf 84' lang='lat' dir='ltr'><strong>aliis</strong></span> <span class='ocrx_word' id='word_1_312' title='bbox 1029 2181 1304 2226; x_wconf 84' lang='lat' dir='ltr'><strong>irrumpentibus,</strong></span> <span class='ocrx_word' id='word_1_313' title='bbox 1326 2179 1470 2224; x_wconf 89' lang='lat' dir='ltr'><strong>contigit</strong></span> <span class='ocrx_word' id='word_1_314' title='bbox 1483 2179 1578 2213; x_wconf 84' lang='lat' dir='ltr'><strong>exire</strong></span> <span class='ocrx_word' id='word_1_315' title='bbox 1591 2177 1678 2211; x_wconf 77' lang='lat' dir='ltr'><strong>diem</strong></span> 
     </span>
     <span class='ocr_line' id='line_1_34' title="bbox 206 2225 1677 2273; baseline -0.001 -14"><span class='ocrx_word' id='word_1_316' title='bbox 206 2225 427 2260; x_wconf 84' lang='lat' dir='ltr'><strong>trimestrium</strong></span> <span class='ocrx_word' id='word_1_317' title='bbox 449 2227 654 2262; x_wconf 78' lang='lat' dir='ltr'><strong>indutiarum</strong></span> <span class='ocrx_word' id='word_1_318' title='bbox 677 2239 751 2263; x_wconf 90' lang='lat' dir='ltr'><strong>cum</strong></span> <span class='ocrx_word' id='word_1_319' title='bbox 774 2227 892 2262; x_wconf 83' lang='lat' dir='ltr'><strong>Alanis</strong></span> <span class='ocrx_word' id='word_1_320' title='bbox 914 2239 936 2262; x_wconf 87' lang='lat' dir='ltr'><strong>a</strong></span> <span class='ocrx_word' id='word_1_321' title='bbox 958 2227 1128 2262; x_wconf 69' lang='lat' dir='ltr'><strong>Michaele</strong></span> <span class='ocrx_word' id='word_1_322' title='bbox 1150 2231 1347 2273; x_wconf 84' lang='lat' dir='ltr'><strong>pactarum,</strong></span> <span class='ocrx_word' id='word_1_323' title='bbox 1373 2232 1555 2268; x_wconf 79' lang='lat' dir='ltr'><strong>antequam</strong></span> <span class='ocrx_word' id='word_1_324' title='bbox 1577 2229 1677 2268; x_wconf 76' lang='lat' dir='ltr'><strong>pater</strong></span> 
     </span>
     <span class='ocr_line' id='line_1_35' title="bbox 208 2268 1677 2319; baseline -0.001 -14"><span class='ocrx_word' id='word_1_325' title='bbox 208 2271 303 2313; x_wconf 90' lang='lat' dir='ltr'><strong>eius,</strong></span> <span class='ocrx_word' id='word_1_326' title='bbox 323 2271 365 2306; x_wconf 81' lang='lat' dir='ltr'><strong>iis</strong></span> <span class='ocrx_word' id='word_1_327' title='bbox 388 2284 477 2318; x_wconf 86' lang='lat' dir='ltr'><strong>quae</strong></span> <span class='ocrx_word' id='word_1_328' title='bbox 498 2273 568 2307; x_wconf 83' lang='lat' dir='ltr'><strong>dixi</strong></span> <span class='ocrx_word' id='word_1_329' title='bbox 592 2279 789 2318; x_wconf 88' lang='lat' dir='ltr'><strong>occupatus,</strong></span> <span class='ocrx_word' id='word_1_330' title='bbox 811 2273 972 2319; x_wconf 87' lang='lat' dir='ltr'><strong>expedire</strong></span> <span class='ocrx_word' id='word_1_331' title='bbox 993 2274 1178 2319; x_wconf 83' lang='lat' dir='ltr'><strong>quidquam</strong></span> <span class='ocrx_word' id='word_1_332' title='bbox 1200 2273 1313 2306; x_wconf 86' lang='lat' dir='ltr'><strong>idonei</strong></span> <span class='ocrx_word' id='word_1_333' title='bbox 1335 2270 1479 2306; x_wconf 81' lang='lat' dir='ltr'><strong>subsidii</strong></span> <span class='ocrx_word' id='word_1_334' title='bbox 1501 2268 1677 2304; x_wconf 85' lang='lat' dir='ltr'><strong>consiliive</strong></span> 
     </span>
     <span class='ocr_line' id='line_1_36' title="bbox 206 2314 1677 2365; baseline -0.002 -14"><span class='ocrx_word' id='word_1_335' title='bbox 206 2317 391 2363; x_wconf 82' lang='lat' dir='ltr'><strong>potuisset.</strong></span> <span class='ocrx_word' id='word_1_336' title='bbox 437 2323 520 2352; x_wconf 91' lang='lat' dir='ltr'><strong>tunc</strong></span> <span class='ocrx_word' id='word_1_337' title='bbox 550 2319 721 2354; x_wconf 87' lang='lat' dir='ltr'><strong>enimvero</strong></span> <span class='ocrx_word' id='word_1_338' title='bbox 754 2320 837 2354; x_wconf 87' lang='lat' dir='ltr'><strong>nihil</strong></span> <span class='ocrx_word' id='word_1_339' title='bbox 860 2320 925 2354; x_wconf 89' lang='lat' dir='ltr'><strong>sibi</strong></span> <span class='ocrx_word' id='word_1_340' title='bbox 948 2320 1192 2365; x_wconf 82' lang='lat' dir='ltr'><strong>expectandum</strong></span> <span class='ocrx_word' id='word_1_341' title='bbox 1215 2318 1359 2353; x_wconf 85' lang='lat' dir='ltr'><strong>ulterius</strong></span> <span class='ocrx_word' id='word_1_342' title='bbox 1383 2316 1483 2351; x_wconf 85' lang='lat' dir='ltr'><strong>Alani</strong></span> <span class='ocrx_word' id='word_1_343' title='bbox 1504 2314 1572 2349; x_wconf 87' lang='lat' dir='ltr'><strong>rati</strong></span> <span class='ocrx_word' id='word_1_344' title='bbox 1594 2325 1677 2360; x_wconf 86' lang='lat' dir='ltr'><strong>pro-</strong></span> 
     </span>
     <span class='ocr_line' id='line_1_37' title="bbox 207 2362 1676 2410; baseline -0.001 -12"><span class='ocrx_word' id='word_1_345' title='bbox 207 2363 404 2405; x_wconf 82' lang='lat' dir='ltr'><strong>ficiscendi,</strong></span> <span class='ocrx_word' id='word_1_346' title='bbox 437 2365 652 2409; x_wconf 83' lang='lat' dir='ltr'><strong>quantumvis</strong></span> <span class='ocrx_word' id='word_1_347' title='bbox 681 2364 787 2399; x_wconf 87' lang='lat' dir='ltr'><strong>invito</strong></span> <span class='ocrx_word' id='word_1_348' title='bbox 811 2365 1035 2410; x_wconf 85' lang='lat' dir='ltr'><strong>imperatore,</strong></span> <span class='ocrx_word' id='word_1_349' title='bbox 1066 2364 1335 2400; x_wconf 84' lang='lat' dir='ltr'><strong>irrevocabiliter</strong></span> <span class='ocrx_word' id='word_1_350' title='bbox 1358 2362 1519 2406; x_wconf 84' lang='lat' dir='ltr'><strong>impetum</strong></span> <span class='ocrx_word' id='word_1_351' title='bbox 1541 2371 1676 2406; x_wconf 84' lang='lat' dir='ltr'><strong>cepere.</strong></span> 
     </span>
     <span class='ocr_line' id='line_1_38' title="bbox 207 2409 1676 2456; baseline -0.003 -12"><span class='ocrx_word' id='word_1_352' title='bbox 207 2409 270 2444; x_wconf 83' lang='lat' dir='ltr'><strong>tali</strong></span> <span class='ocrx_word' id='word_1_353' title='bbox 291 2409 523 2455; x_wconf 86' lang='lat' dir='ltr'><strong>deprehensus</strong></span> <span class='ocrx_word' id='word_1_354' title='bbox 545 2421 658 2444; x_wconf 89' lang='lat' dir='ltr'><strong>rernm</strong></span> <span class='ocrx_word' id='word_1_355' title='bbox 681 2410 824 2445; x_wconf 85' lang='lat' dir='ltr'><strong>articulo</strong></span> <span class='ocrx_word' id='word_1_356' title='bbox 849 2412 1019 2451; x_wconf 72' lang='lat' dir='ltr'><strong>Michael,</strong></span> <span class='ocrx_word' id='word_1_357' title='bbox 1055 2415 1208 2456; x_wconf 85' lang='lat' dir='ltr'><strong>ereptam</strong></span> <span class='ocrx_word' id='word_1_358' title='bbox 1230 2409 1298 2444; x_wconf 85' lang='lat' dir='ltr'><strong>sibi</strong></span> <span class='ocrx_word' id='word_1_359' title='bbox 1327 2418 1459 2443; x_wconf 86' lang='lat' dir='ltr'><strong>omnem</strong></span> <span class='ocrx_word' id='word_1_360' title='bbox 1481 2412 1517 2441; x_wconf 91' lang='lat' dir='ltr'><strong>et</strong></span> <span class='ocrx_word' id='word_1_361' title='bbox 1541 2418 1676 2441; x_wconf 86' lang='lat' dir='ltr'><strong>causam</strong></span> 
     </span>
     <span class='ocr_line' id='line_1_39' title="bbox 208 2455 1677 2503; baseline -0.003 -13"><span class='ocrx_word' id='word_1_362' title='bbox 208 2460 246 2490; x_wconf 86' lang='lat' dir='ltr'><strong>et</strong></span> <span class='ocrx_word' id='word_1_363' title='bbox 269 2456 538 2491; x_wconf 86' lang='lat' dir='ltr'><strong>commoditatem</strong></span> <span class='ocrx_word' id='word_1_364' title='bbox 560 2456 682 2491; x_wconf 81' lang='lat' dir='ltr'><strong>videns</strong></span> <span class='ocrx_word' id='word_1_365' title='bbox 704 2456 906 2502; x_wconf 82' lang='lat' dir='ltr'><strong>Magnesiae</strong></span> <span class='ocrx_word' id='word_1_366' title='bbox 927 2458 1071 2503; x_wconf 85' lang='lat' dir='ltr'><strong>amplius</strong></span> <span class='ocrx_word' id='word_1_367' title='bbox 1094 2455 1280 2499; x_wconf 81' lang='lat' dir='ltr'><strong>haerendi,</strong></span> <span class='ocrx_word' id='word_1_368' title='bbox 1309 2466 1373 2489; x_wconf 89' lang='lat' dir='ltr'><strong>nec</strong></span> <span class='ocrx_word' id='word_1_369' title='bbox 1396 2465 1434 2488; x_wconf 89' lang='lat' dir='ltr'><strong>se</strong></span> <span class='ocrx_word' id='word_1_370' title='bbox 1457 2464 1574 2498; x_wconf 84' lang='lat' dir='ltr'><strong>parem</strong></span> <span class='ocrx_word' id='word_1_371' title='bbox 1596 2464 1677 2487; x_wconf 89' lang='lat' dir='ltr'><strong>sen-</strong></span> 
     </span>
     <span class='ocr_line' id='line_1_40' title="bbox 203 2499 1676 2547; baseline -0.002 -11"><span class='ocrx_word' id='word_1_372' title='bbox 203 2502 295 2537; x_wconf 82' lang='lat' dir='ltr'><strong>tiens</strong></span> <span class='ocrx_word' id='word_1_373' title='bbox 317 2505 377 2537; x_wconf 89' lang='lat' dir='ltr'><strong>aut</strong></span> <span class='ocrx_word' id='word_1_374' title='bbox 407 2502 560 2537; x_wconf 85' lang='lat' dir='ltr'><strong>invidiae</strong></span> <span class='ocrx_word' id='word_1_375' title='bbox 589 2501 753 2536; x_wconf 82' lang='lat' dir='ltr'><strong>ferendae</strong></span> <span class='ocrx_word' id='word_1_376' title='bbox 783 2505 995 2547; x_wconf 83' lang='lat' dir='ltr'><strong>querentium</strong></span> <span class='ocrx_word' id='word_1_377' title='bbox 1026 2515 1064 2538; x_wconf 84' lang='lat' dir='ltr'><strong>se</strong></span> <span class='ocrx_word' id='word_1_378' title='bbox 1093 2502 1294 2543; x_wconf 86' lang='lat' dir='ltr'><strong>destitutos,</strong></span> <span class='ocrx_word' id='word_1_379' title='bbox 1329 2511 1425 2546; x_wconf 90' lang='lat' dir='ltr'><strong>opem</strong></span> <span class='ocrx_word' id='word_1_380' title='bbox 1447 2500 1491 2533; x_wconf 86' lang='lat' dir='ltr'><strong>ab</strong></span> <span class='ocrx_word' id='word_1_381' title='bbox 1515 2511 1556 2533; x_wconf 89' lang='lat' dir='ltr'><strong>eo</strong></span> <span class='ocrx_word' id='word_1_382' title='bbox 1579 2510 1600 2534; x_wconf 89' lang='lat' dir='ltr'><strong>e</strong></span> <span class='ocrx_word' id='word_1_383' title='bbox 1625 2499 1676 2539; x_wconf 73' lang='lat' dir='ltr'><strong>vi-⁴</strong></span> 
     </span>
     <span class='ocr_line' id='line_1_41' title="bbox 205 2544 1675 2594; baseline -0.002 -11"><span class='ocrx_word' id='word_1_384' title='bbox 205 2549 295 2583; x_wconf 81' lang='lat' dir='ltr'><strong>cinia</strong></span> <span class='ocrx_word' id='word_1_385' title='bbox 317 2548 526 2594; x_wconf 88' lang='lat' dir='ltr'><strong>poscentium</strong></span> <span class='ocrx_word' id='word_1_386' title='bbox 549 2548 735 2583; x_wconf 85' lang='lat' dir='ltr'><strong>miserrime</strong></span> <span class='ocrx_word' id='word_1_387' title='bbox 757 2560 997 2594; x_wconf 84' lang='lat' dir='ltr'><strong>oppressorum</strong></span> <span class='ocrx_word' id='word_1_388' title='bbox 1021 2561 1043 2583; x_wconf 89' lang='lat' dir='ltr'><strong>a</strong></span> <span class='ocrx_word' id='word_1_389' title='bbox 1064 2549 1178 2582; x_wconf 87' lang='lat' dir='ltr'><strong>Persis</strong></span> <span class='ocrx_word' id='word_1_390' title='bbox 1201 2547 1337 2592; x_wconf 88' lang='lat' dir='ltr'><strong>impune</strong></span> <span class='ocrx_word' id='word_1_391' title='bbox 1363 2545 1582 2580; x_wconf 83' lang='lat' dir='ltr'><strong>volitantibus</strong></span> <span class='ocrx_word' id='word_1_392' title='bbox 1604 2544 1675 2580; x_wconf 83' lang='lat' dir='ltr'><strong>Ro·</strong></span> 
     </span>
     <span class='ocr_line' id='line_1_42' title="bbox 205 2591 1678 2640; baseline -0.003 -11"><span class='ocrx_word' id='word_1_393' title='bbox 205 2605 396 2639; x_wconf 88' lang='lat' dir='ltr'><strong>manorum,</strong></span> <span class='ocrx_word' id='word_1_394' title='bbox 432 2600 493 2629; x_wconf 90' lang='lat' dir='ltr'><strong>aut</strong></span> <span class='ocrx_word' id='word_1_395' title='bbox 515 2595 653 2640; x_wconf 85' lang='lat' dir='ltr'><strong>proprio</strong></span> <span class='ocrx_word' id='word_1_396' title='bbox 676 2594 805 2636; x_wconf 88' lang='lat' dir='ltr'><strong>dolori,</strong></span> <span class='ocrx_word' id='word_1_397' title='bbox 839 2606 906 2639; x_wconf 90' lang='lat' dir='ltr'><strong>quo</strong></span> <span class='ocrx_word' id='word_1_398' title='bbox 929 2595 1022 2628; x_wconf 89' lang='lat' dir='ltr'><strong>illum</strong></span> <span class='ocrx_word' id='word_1_399' title='bbox 1043 2594 1161 2628; x_wconf 86' lang='lat' dir='ltr'><strong>intime</strong></span> <span class='ocrx_word' id='word_1_400' title='bbox 1189 2595 1311 2628; x_wconf 89' lang='lat' dir='ltr'><strong>urebat</strong></span> <span class='ocrx_word' id='word_1_401' title='bbox 1335 2592 1541 2626; x_wconf 88' lang='lat' dir='ltr'><strong>conscientia</strong></span> <span class='ocrx_word' id='word_1_402' title='bbox 1562 2591 1678 2637; x_wconf 87' lang='lat' dir='ltr'><strong>impo-</strong></span> 
     </span>
     <span class='ocr_line' id='line_1_43' title="bbox 206 2634 1676 2686; baseline -0.004 -10"><span class='ocrx_word' id='word_1_403' title='bbox 206 2640 339 2676; x_wconf 83' lang='lat' dir='ltr'><strong>tentiae</strong></span> <span class='ocrx_word' id='word_1_404' title='bbox 378 2641 562 2676; x_wconf 78' lang='lat' dir='ltr'><strong>obsistendi</strong></span> <span class='ocrx_word' id='word_1_405' title='bbox 590 2640 744 2676; x_wconf 85' lang='lat' dir='ltr'><strong>hostibus</strong></span> <span class='ocrx_word' id='word_1_406' title='bbox 785 2652 933 2686; x_wconf 85' lang='lat' dir='ltr'><strong>suosque</strong></span> <span class='ocrx_word' id='word_1_407' title='bbox 965 2643 1116 2674; x_wconf 85' lang='lat' dir='ltr'><strong>extreme</strong></span> <span class='ocrx_word' id='word_1_408' title='bbox 1146 2639 1341 2674; x_wconf 86' lang='lat' dir='ltr'><strong>laborantes</strong></span> <span class='ocrx_word' id='word_1_409' title='bbox 1376 2636 1596 2684; x_wconf 86' lang='lat' dir='ltr'><strong>protegendi,</strong></span> <span class='ocrx_word' id='word_1_410' title='bbox 1631 2634 1676 2671; x_wconf 84' lang='lat' dir='ltr'><strong>ad</strong></span> 
     </span>
     <span class='ocr_line' id='line_1_44' title="bbox 205 2683 1678 2733; baseline -0.004 -11"><span class='ocrx_word' id='word_1_411' title='bbox 205 2687 291 2722; x_wconf 87' lang='lat' dir='ltr'><strong>haec</strong></span> <span class='ocrx_word' id='word_1_412' title='bbox 314 2687 495 2733; x_wconf 85' lang='lat' dir='ltr'><strong>providens</strong></span> <span class='ocrx_word' id='word_1_413' title='bbox 513 2687 579 2722; x_wconf 89' lang='lat' dir='ltr'><strong>sibi</strong></span> <span class='ocrx_word' id='word_1_414' title='bbox 601 2699 678 2722; x_wconf 84' lang='lat' dir='ltr'><strong>mox</strong></span> <span class='ocrx_word' id='word_1_415' title='bbox 702 2688 883 2721; x_wconf 81' lang='lat' dir='ltr'><strong>Alanorum</strong></span> <span class='ocrx_word' id='word_1_416' title='bbox 904 2685 1086 2732; x_wconf 83' lang='lat' dir='ltr'><strong>praesidiis</strong></span> <span class='ocrx_word' id='word_1_417' title='bbox 1106 2685 1232 2720; x_wconf 85' lang='lat' dir='ltr'><strong>nudato</strong></span> <span class='ocrx_word' id='word_1_418' title='bbox 1255 2684 1482 2719; x_wconf 84' lang='lat' dir='ltr'><strong>intolerabilia</strong></span> <span class='ocrx_word' id='word_1_419' title='bbox 1504 2683 1678 2717; x_wconf 84' lang='lat' dir='ltr'><strong>imminere</strong></span> 
     </span>
     <span class='ocr_line' id='line_1_45' title="bbox 205 2728 1677 2777; baseline -0.005 -8"><span class='ocrx_word' id='word_1_420' title='bbox 205 2734 332 2769; x_wconf 90' lang='lat' dir='ltr'><strong>circum</strong></span> <span class='ocrx_word' id='word_1_421' title='bbox 363 2734 599 2769; x_wconf 85' lang='lat' dir='ltr'><strong>insultantium</strong></span> <span class='ocrx_word' id='word_1_422' title='bbox 632 2733 781 2768; x_wconf 83' lang='lat' dir='ltr'><strong>ludibria</strong></span> <span class='ocrx_word' id='word_1_423' title='bbox 814 2733 979 2773; x_wconf 86' lang='lat' dir='ltr'><strong>bostium,</strong></span> <span class='ocrx_word' id='word_1_424' title='bbox 1014 2744 1082 2767; x_wconf 91' lang='lat' dir='ltr'><strong>non</strong></span> <span class='ocrx_word' id='word_1_425' title='bbox 1111 2732 1185 2766; x_wconf 85' lang='lat' dir='ltr'><strong>sine</strong></span> <span class='ocrx_word' id='word_1_426' title='bbox 1215 2730 1368 2777; x_wconf 86' lang='lat' dir='ltr'><strong>periculo</strong></span> <span class='ocrx_word' id='word_1_427' title='bbox 1395 2730 1556 2776; x_wconf 88' lang='lat' dir='ltr'><strong>propriae</strong></span> <span class='ocrx_word' id='word_1_428' title='bbox 1578 2728 1677 2774; x_wconf 89' lang='lat' dir='ltr'><strong>quin-</strong></span> 
     </span>
     <span class='ocr_line' id='line_1_46' title="bbox 209 2774 1677 2825; baseline -0.004 -11"><span class='ocrx_word' id='word_1_429' title='bbox 209 2779 313 2814; x_wconf 86' lang='lat' dir='ltr'><strong>etiam</strong></span> <span class='ocrx_word' id='word_1_430' title='bbox 335 2780 507 2816; x_wconf 83' lang='lat' dir='ltr'><strong>libertatis</strong></span> <span class='ocrx_word' id='word_1_431' title='bbox 529 2792 570 2815; x_wconf 85' lang='lat' dir='ltr'><strong>ac</strong></span> <span class='ocrx_word' id='word_1_432' title='bbox 592 2779 686 2815; x_wconf 80' lang='lat' dir='ltr'><strong>vitae</strong></span> <span class='ocrx_word' id='word_1_433' title='bbox 708 2779 743 2814; x_wconf 90' lang='lat' dir='ltr'><strong>in</strong></span> <span class='ocrx_word' id='word_1_434' title='bbox 765 2783 835 2814; x_wconf 87' lang='lat' dir='ltr'><strong>tam</strong></span> <span class='ocrx_word' id='word_1_435' title='bbox 859 2780 1042 2825; x_wconf 77' lang='lat' dir='ltr'><strong>desperata</strong></span> <span class='ocrx_word' id='word_1_436' title='bbox 1071 2777 1268 2813; x_wconf 76' lang='lat' dir='ltr'><strong>confusione</strong></span> <span class='ocrx_word' id='word_1_437' title='bbox 1288 2788 1402 2811; x_wconf 84' lang='lat' dir='ltr'><strong>rerum</strong></span> <span class='ocrx_word' id='word_1_438' title='bbox 1425 2775 1496 2811; x_wconf 91' lang='lat' dir='ltr'><strong>illic</strong></span> <span class='ocrx_word' id='word_1_439' title='bbox 1519 2774 1677 2816; x_wconf 85' lang='lat' dir='ltr'><strong>omnium,</strong></span> 
     </span>
     <span class='ocr_line' id='line_1_47' title="bbox 207 2819 1677 2874; baseline -0.005 -12"><span class='ocrx_word' id='word_1_440' title='bbox 207 2826 361 2862; x_wconf 84' lang='lat' dir='ltr'><strong>decrevit</strong></span> <span class='ocrx_word' id='word_1_441' title='bbox 390 2831 427 2862; x_wconf 90' lang='lat' dir='ltr'><strong>et</strong></span> <span class='ocrx_word' id='word_1_442' title='bbox 458 2826 532 2874; x_wconf 83' lang='lat' dir='ltr'><strong>ipse</strong></span> <span class='ocrx_word' id='word_1_443' title='bbox 554 2826 635 2862; x_wconf 87' lang='lat' dir='ltr'><strong>inde</strong></span> <span class='ocrx_word' id='word_1_444' title='bbox 658 2827 838 2870; x_wconf 86' lang='lat' dir='ltr'><strong>recedere,</strong></span> <span class='ocrx_word' id='word_1_445' title='bbox 875 2828 1044 2861; x_wconf 84' lang='lat' dir='ltr'><strong>caeterum</strong></span> <span class='ocrx_word' id='word_1_446' title='bbox 1067 2829 1138 2860; x_wconf 87' lang='lat' dir='ltr'><strong>tam</strong></span> <span class='ocrx_word' id='word_1_447' title='bbox 1163 2824 1314 2868; x_wconf 90' lang='lat' dir='ltr'><strong>occulte,</strong></span> <span class='ocrx_word' id='word_1_448' title='bbox 1348 2827 1386 2858; x_wconf 92' lang='lat' dir='ltr'><strong>ut</strong></span> <span class='ocrx_word' id='word_1_449' title='bbox 1409 2825 1446 2858; x_wconf 90' lang='lat' dir='ltr'><strong>et</strong></span> <span class='ocrx_word' id='word_1_450' title='bbox 1466 2832 1601 2858; x_wconf 87' lang='lat' dir='ltr'><strong>suorum</strong></span> <span class='ocrx_word' id='word_1_451' title='bbox 1623 2819 1677 2855; x_wconf 71' lang='lat' dir='ltr'><strong>in-</strong></span> 
     </span>
    </p>
   </div>
  </div>
 </body>
</html>
