1820 3112
221 149 284 197 34
641 143 877 191 GEORGH
908 141 1263 188 PACHYMERIS

99 272 128 306 P
155 273 197 307 19
220 263 354 321 ὁρμὰς
376 259 482 306 καθ’
505 254 562 304 ὧν
582 257 665 316 ι’ίρα
686 262 760 302 τοῦ
781 257 918 315 ὀρθοῦ
946 253 1312 314 παρακινησᾶντων
1340 257 1453 314 σφᾶς
1480 249 1688 301 ὖποπτεῦὲ

219 349 359 385 σειαν,
405 331 472 372 καὶ
499 327 614 382 μάλα
645 331 815 382 θερμῶς
846 326 987 382 ἠξίουν
1024 326 1096 368 τόν
1126 323 1317 380 Ἰωάννην
1345 323 1690 378 καταπέμπεόθαι

219 396 532 456 κριθησόμενον.
601 400 762 450 συχνῶν
795 399 894 451 γοῦν
925 391 1247 448 διαμηνυμάτων
1278 392 1383 450 πρὸς
1408 393 1557 436 ἐκεῖνον
1576 409 1690 449 γινο-

217 470 348 525 με’νων
377 465 446 522 ἔφ’
481 459 515 522 ᾧ
546 464 810 520 παραγίνοιτο
845 460 965 519 λόγον
996 460 1141 505 δώσων
1171 466 1254 504 τῶν
1274 460 1581 517 γεγραμμένων,
1618 461 1688 503 καὶ

219 535 323 590 μάλ’
354 534 513 576 ἐκείνων
542 532 875 586 ἐπιδεικνυμένων
903 538 989 581 τοῖς
1015 529 1240 585 πλήθεσιν,
1276 531 1423 579 ἐκεῖνος
1452 528 1501 572 τὸ
1535 528 1720 584 ἃλογονὸ

219 609 295 657 τῆς
321 601 452 658 ὁρμῆς
479 604 562 643 τῶν
589 605 752 643 πολλῶν
781 599 925 650 δεδιὼς
945 599 1007 642 ἐπὶ
1029 597 1135 642 πολύ
1152 616 1195 642 τε
1218 597 1334 642 ὤκνει
1355 599 1423 641 καὶ
1443 594 1687 650 ἀνεβάλλετο

217 673 293 726 τὴν
323 669 379 719 ὡς
407 670 577 718 ἐκείνους
607 668 770 725 ἄφιξιν·
806 666 935 724 δήλην
963 667 1042 724 γὰρ
1069 665 1169 710 εἶναι
1201 666 1276 722 τὴν
1306 663 1688 723 παρακινδύνευσιν,

219 743 254 782 εἶ
274 743 439 793 πλῆθος
464 737 665 792 ἀσεβῆσαι
687 738 898 791 πεισθείη,
937 735 1042 778 ὥστε
1068 735 1125 791 μὴ
1151 735 1283 788 μένειν
1303 736 1367 778 ἐπὶ
1385 739 1459 778 τοῦ
1478 738 1689 789 καθεστη-

168 820 198 855 Β
223 805 342 856 κότος
359 805 513 861 τρόπου
534 806 620 847 ἀλλ’
639 804 754 855 ὅλαις
773 803 921 859 ὁρμαῖς
941 805 1003 846 ἐπὶ
1020 804 1092 847 τὸν
1111 804 1242 846 αἶ’τιον
1264 804 1506 859 τρέπεσθαι.
1553 801 1641 845 ἀλλ’
1663 799 1685 845 ὅ

217 876 344 931 μέγας
380 874 605 929 λογοθέτης
640 873 960 930 ἐμβριθέστερον
987 872 1060 927 τὴν
1087 877 1162 915 τοῦ
1194 870 1386 927 πλήθους
1416 872 1687 927 παρακίνησιν
1700 877 1744 911 10

218 944 507 994 καταστείλας,
544 941 600 992 ὥς
631 945 686 991 εἷς
712 941 839 984 αὐτὸν
863 940 1038 996 βασιλέα
1065 945 1140 983 τοῦ
1168 940 1236 983 ἐπ’
1260 942 1410 984 ἐκεῖνον
1430 937 1689 995 ἀτακτῆσον-

218 1030 289 1062 τος
316 1010 509 1062 δόξοντος
532 1009 730 1067 ἁμαρτεῖν
739 1043 752 1062 ,
791 1011 864 1053 καί
880 1010 919 1052 οἶ
941 1006 1133 1065 δηλώσας
1153 1008 1227 1063 τὴν
1252 1007 1478 1065 εὖτρὲπισιν
1501 1008 1685 1065 ἀσφαλῆ,

219 1080 330 1124 οὕτω
357 1080 491 1122 πείθει
519 1078 838 1134 παραγενέσθαι.
909 1079 977 1120 καὶ
1002 1077 1054 1132 δὴ
1083 1077 1156 1120 τὸν
1182 1077 1354 1132 ἔσχατον
1376 1074 1503 1121 τόπον
1520 1071 1688 1120 ἐλθόντι

218 1148 358 1198 δόντες
390 1150 544 1190 ἐκεῖθεν
575 1147 870 1202 ἀπολογεῖσθαι
895 1143 1131 1201 καθήμενον
1152 1142 1470 1202 κατηνάγκαζον.
1540 1145 1689 1194 ἐκεῖνος

217 1218 263 1260 δὲ
282 1214 416 1259 πάντα
433 1219 592 1270 μᾶλλον
610 1215 729 1265 εἰδὼς
748 1214 970 1271 ἀπολογίας
989 1214 1129 1268 καιρὸν
1146 1213 1172 1270 ἢ
1192 1215 1341 1258 ἐκεῖνον
1351 1247 1365 1267 ,
1394 1214 1470 1270 τὴν
1488 1217 1564 1257 τοῦ
1582 1211 1686 1270 γρά-
1698 1218 1741 1254 15

168 1301 201 1335 c
225 1303 313 1344 φειν
344 1285 479 1328 αἰτίαν
509 1284 574 1327 ἐπὶ
604 1290 763 1342 καιροῖς
790 1284 918 1327 ἐτίθει
927 1316 942 1339 ,
978 1282 1052 1334 οὓς
1076 1281 1151 1326 οὐκ
1177 1280 1278 1326 εἶναι
1310 1280 1404 1328 τότε
1431 1278 1686 1339 διωμολόγει,

216 1417 324 1452 etiosa
355 1419 432 1451 erat
465 1426 579 1451 causa.
626 1414 813 1461 sperabant
833 1415 907 1463 ipso
931 1417 1098 1462 apparatu
1122 1413 1264 1460 synodi,
1296 1426 1386 1461 quae
1409 1414 1486 1460 cogi
1509 1414 1687 1450 serebatur

216 1465 261 1498 ad
298 1462 506 1497 emendanda
536 1473 625 1507 quae
658 1474 838 1508 perperam
867 1464 946 1496 acta
977 1463 1116 1496 fuerant
1137 1463 1171 1496 in
1195 1463 1415 1496 conventione
1438 1471 1514 1496 cum
1538 1457 1686 1502 Latinis,

215 1509 450 1543 intellecturos
475 1509 623 1541 homines
645 1520 666 1541 e
689 1508 791 1552 vulgo
815 1519 853 1543 se
876 1507 1038 1553 deceptos
1062 1508 1106 1542 ab
1130 1507 1328 1542 auctoribus
1351 1507 1581 1543 conventionis
1610 1506 1687 1541 eius

216 1555 253 1588 in
275 1555 481 1600 impietatem
504 1554 611 1587 fuisse
632 1553 824 1599 prolapsos,
848 1564 948 1599 quam
972 1564 1061 1587 nunc
1083 1553 1218 1599 expiari
1239 1556 1428 1598 oporteret.
1468 1553 1549 1587 inde
1571 1556 1686 1587 autem

216 1601 436 1634 confidebant
459 1610 641 1633 exarsurus
664 1610 723 1633 eos
745 1604 782 1633 et
807 1600 841 1634 in
865 1598 1064 1633 seditionem
1099 1598 1317 1634 concitandos
1341 1599 1505 1634 adversus
1526 1600 1688 1640 Veceum,

215 1658 317 1691 quein
342 1646 414 1679 eius
438 1645 488 1678 rei
511 1645 619 1679 totius
643 1645 862 1690 praecipuum
887 1645 1052 1679 artificem
1074 1645 1340 1690 suspicarentur.
1377 1655 1485 1690 quare
1498 1643 1591 1678 illum
1606 1644 1687 1678 huic

215 1691 366 1725 invidiae
387 1690 576 1732 obiectari,
613 1691 776 1725 ardenter
798 1691 962 1735 petebant
984 1690 1083 1725 citari
1103 1690 1171 1724 rite
1194 1702 1235 1725 ac
1257 1689 1366 1725 iuberi
1387 1702 1427 1725 se
1449 1690 1576 1725 sistere
1597 1689 1687 1724 iudi-

217 1737 361 1772 candum
385 1747 406 1771 a
429 1736 572 1780 synodo.
618 1736 748 1771 crebris
770 1735 874 1780 igitur
895 1736 1065 1770 viatorum
1087 1735 1366 1771 missitationibus
1389 1737 1523 1770 Veccus
1546 1746 1686 1781 compa-

215 1794 295 1817 rere
318 1793 432 1817 coram
456 1781 673 1826 congregatis
695 1782 851 1827 patribus
873 1781 986 1816 iussus
1008 1786 1062 1816 est
1085 1783 1128 1816 ad
1151 1782 1358 1816 reddendam
1380 1782 1547 1817 rationem
1569 1792 1686 1816 eornm

215 1840 306 1873 quae
329 1828 533 1873 scripserat3
555 1828 660 1872 idque
682 1829 761 1862 dum
785 1828 904 1871 fieret,
925 1828 1060 1862 interim
1085 1827 1145 1872 qui
1168 1827 1253 1862 haec
1274 1828 1451 1870 curabant,
1472 1827 1604 1873 scripta
1624 1827 1686 1862 ina

214 1874 323 1908 Vecci
346 1877 385 1908 ut
408 1884 559 1907 errorum
583 1878 619 1907 et
641 1874 799 1908 fraudum
821 1874 922 1919 plena
943 1873 1204 1908 invidiosissime
1226 1874 1318 1927 apud
1339 1873 1498 1928 populum
1519 1874 1685 1908 traduce-

216 1920 319 1962 bant,
344 1931 548 1964 magnopere
570 1924 782 1954 ostentantes
802 1924 1119 1964 exaggerantesque
1141 1920 1321 1964 perniciem
1342 1919 1487 1954 illorum.
1533 1919 1570 1954 id
1592 1920 1686 1954 veo-

218 1977 278 1999 cus
304 1977 369 1998 non
393 1965 554 2010 ignorans
577 1966 804 2000 cunctabatur
825 1966 1062 2010 obtemperare
1083 1964 1308 2008 vocantibus,
1328 1976 1508 2012 morasque
1529 1965 1685 2000 innecte-

213 2011 277 2044 bat
301 2010 419 2055 longas
441 2022 502 2044 suo
523 2010 557 2044 in
581 2011 815 2045 vadimonium·
824 2009 1004 2053 Occursuh
1028 2022 1095 2045 non
1115 2010 1382 2046 inverisimiliter
1402 2011 1554 2056 allegans
1575 2010 1685 2046 maui-

216 2057 342 2089 festum
374 2067 450 2089 esse
479 2056 686 2101 periculum,
721 2069 764 2091 ne
797 2057 942 2102 populus
971 2067 1156 2102 persuasus
1181 2056 1279 2101 gravi
1301 2068 1340 2091 se
1362 2057 1565 2104 implicatum
1595 2058 1684 2092 malo

214 2101 418 2145 piaculoque
439 2101 626 2136 subiectum
649 2114 713 2148 per
735 2113 854 2148 pacem
877 2112 954 2136 cum
976 2102 1109 2136 Latinis
1131 2102 1260 2144 initam,
1282 2102 1410 2138 furiose
1430 2102 1468 2138 in
1491 2102 1566 2138 eius
1584 2102 1685 2149 pacis

216 2150 391 2180 auctorem
422 2152 638 2191 erumperet,
675 2160 751 2182 cum
772 2148 803 2183 is
829 2148 973 2194 primum
995 2148 1030 2182 in
1054 2153 1272 2193 conspectum
1293 2154 1388 2184 esset
1409 2149 1522 2183 datus.
1566 2148 1686 2195 itaque

216 2202 293 2225 cum
327 2203 392 2225 non
418 2190 595 2235 ignoraret
628 2198 705 2228 arte
737 2193 1011 2229 adversariorum
1043 2198 1151 2228 totam
1183 2194 1256 2228 eius
1278 2195 1408 2240 negotii
1429 2194 1563 2239 culpam
1584 2194 1620 2228 in
1643 2205 1684 2228 se

216 2236 383 2278 conferri,
407 2236 495 2270 haud
518 2238 583 2271 sibi
607 2238 715 2273 videri
737 2244 848 2274 tutum
870 2239 1042 2285 proficisci
1065 2251 1132 2285 quo
1155 2246 1356 2282 vocaretur,
1377 2239 1600 2285 discerpendo
1615 2239 1682 2274 uti-

216 2293 286 2327 que
317 2293 338 2315 a
367 2282 598 2325 multitudine,
630 2284 683 2318 cui
709 2286 770 2330 qui
792 2297 832 2320 se
853 2285 983 2320 veilent
1011 2285 1180 2331 perditum
1201 2283 1351 2320 sinistris
1372 2291 1453 2320 ante
1474 2285 1604 2330 sparsis
1622 2295 1683 2319 ru-

216 2327 367 2361 moribus
398 2332 638 2372 persuaserant
670 2340 774 2374 penes
804 2342 842 2365 se
875 2342 976 2366 unum
998 2331 1151 2365 residere
1173 2342 1310 2366 causam
1331 2331 1411 2365 mali
1432 2330 1549 2364 omnis.
1596 2331 1684 2366 haee

214 2373 291 2406 iure
315 2372 450 2407 causari
471 2384 546 2407 eum
570 2385 710 2419 magnus
731 2374 906 2419 logotheta
926 2377 1140 2422 intelligens,
1174 2376 1247 2411 acri
1268 2388 1332 2411 uec
1355 2375 1470 2410 inutili
1490 2387 1599 2422 opera
1627 2376 1684 2410 in-

216 2418 337 2452 cubuit
360 2418 403 2452 ad
425 2418 625 2454 seditionem
648 2420 929 2465 comprimendam
951 2422 1066 2467 populi
1092 2424 1184 2456 metu
1206 2422 1286 2456 huic
1308 2420 1445 2456 admoto
1467 2422 1512 2456 ab
1534 2421 1683 2466 impera-

215 2468 316 2507 tore,
349 2475 467 2509 quem,
495 2464 525 2498 si
557 2476 625 2510 qua
655 2465 708 2500 vis
736 2465 857 2507 fieret,
888 2466 1127 2501 offendendum
1147 2467 1302 2511 graviter
1323 2471 1360 2501 et
1382 2478 1508 2501 severe
1530 2467 1683 2502 animad-

214 2520 392 2544 versurum
422 2509 456 2543 in
488 2509 675 2545 violentiae
707 2515 898 2556 compertos
923 2511 1147 2547 denuntiavit.
1194 2512 1244 2546 sic
1264 2511 1384 2546 sedato
1408 2512 1518 2558 plebis
1539 2511 1682 2558 impetu,

215 2554 367 2589 Veccum
397 2553 614 2600 aggreditur,
647 2556 881 2591 demonstrans
913 2568 980 2591 uon
1013 2568 1090 2591 esse
1109 2557 1177 2591 iam
1199 2557 1291 2602 quod
1313 2563 1512 2592 causaretur
1533 2559 1636 2593 uuam
1659 2571 1682 2594 a

216 2599 384 2635 seditione
407 2601 629 2636 formidinem.
675 2613 739 2637 nec
771 2601 830 2636 ille
862 2601 982 2636 abnuit
1003 2602 1133 2637 venire.
1181 2603 1235 2636 cui
1258 2603 1467 2649 comparenti
1489 2604 1624 2638 ultimus
1644 2603 1680 2639 iu

215 2646 345 2690 synodo
376 2645 468 2680 locus
498 2647 598 2681 datus
630 2653 703 2688 est;
735 2648 882 2692 indeque
904 2651 942 2682 ut
965 2658 1100 2682 causam
1121 2647 1179 2682 ilie
1201 2649 1324 2682 sedens
1347 2649 1500 2694 diceret,
1534 2661 1682 2695 seseque

215 2696 382 2736 purgaret
414 2693 458 2726 ab
491 2693 636 2727 obiectis
666 2693 760 2728 circa
781 2693 910 2738 scripta
931 2704 995 2728 sua
1018 2693 1237 2728 vehementer
1256 2695 1440 2730 instabant.
1486 2698 1524 2730 at
1546 2697 1680 2732 Veccus

215 2737 308 2771 aliud
332 2738 444 2783 potius
467 2739 631 2783 quodvis,
667 2750 767 2784 qnam
791 2739 882 2785 quod
905 2742 987 2773 tunc
1009 2744 1103 2781 erat,
1138 2739 1222 2774 talia
1251 2741 1420 2785 purgandi
1442 2746 1576 2786 tempus
1602 2753 1680 2777 esse

216 2783 349 2827 sciens,
382 2784 611 2831 respondebat
633 2796 754 2821 causas
776 2785 900 2832 quibus
922 2784 1059 2821 defendi
1087 2796 1184 2821 suum
1206 2786 1377 2822 scribendi
1399 2787 1571 2823 consilium
1595 2799 1679 2834 pos-
