1820 3112
407 149 484 192 DE
517 134 851 191 ANDRomco
885 146 1261 191 PALAEOLOGO
1297 148 1343 190 L.
1379 147 1412 190 1.
1581 146 1646 192 99

170 267 300 319 λογεΐν
325 259 476 304 ἑαυτοῦ
505 260 553 304 τὸ
582 258 831 317 σύγγραμμα
863 258 963 304 εἶναι
993 261 1059 302 καὶ
1082 259 1377 316 ἀπολογεῖσθαι
1404 264 1643 317 πειρᾶσθαι.

170 329 240 389 ἔφ’
253 328 315 380 οἷς
335 329 357 374 ὃ
369 330 538 381 Βέκκος,
558 329 661 384 μεθ’
688 329 788 372 ὅσου
806 328 910 371 εἴποι
930 346 992 378 τις
1010 328 1061 371 ἂν
1080 334 1155 372 τοῦ
1169 334 1477 383 χαριεντισμοῦ,
1496 327 1646 385 ’(ἧμεῑς

168 399 244 454 μὲν
267 401 579 455 προσεδοκῶμεν
598 397 673 441 σὸν
696 395 833 440 εἶναι”
861 396 964 452 πρὸς
990 397 1061 439 τὸν
1086 394 1342 452 πατριάρχην
1373 399 1523 455 φησίν·
1569 403 1599 423 “
1610 401 1646 441 εἶ

171 468 218 510 δὲ
241 467 301 522 μὴ
330 467 404 510 σὸν
435 466 541 509 ἀλλὰ
567 464 744 518 τούτου,
775 463 830 515 ὦς
859 467 926 508 καὶ
955 465 1080 515 αὐτὸς
1109 464 1346 521 ὡμολόγησε
1361 499 1374 518 ‚
1406 464 1549 521 ψύλλα
1577 484 1641 518 τις
1662 478 1691 512 Β

137 537 450 578 5ἔπικαθίσασα
471 536 529 593 τῷ
553 539 626 588 τῆς
650 532 811 589 ἁμάξης
832 533 948 591 ῥυμῷ
974 533 1068 576 οἵτ’
1100 533 1292 576 ἀνασπᾶν
1313 533 1407 577 οὔτε
1428 541 1645 579 κατασπᾶν

169 603 249 659 ἕχει
277 604 352 659 τὴν
383 603 617 659 πείρινθα.”
684 607 810 645 τοῦτο
838 602 881 645 δ’
918 600 1000 645 εἷπε
1030 603 1360 656 διωνυμουμένου
1387 608 1462 646 τοῦ
1488 621 1645 661 χορτο-

170 670 367 730 φῦλακος.
434 675 464 696 “
477 671 580 725 πλὴν
611 672 646 714 εἴ
676 672 843 726 δοίημεν
877 670 960 712 c'ir’‘
999 687 1150 728 φησιν,
1189 669 1354 714 ζ’ὃποῖα
1381 671 1432 714 τὰ
1464 673 1644 728 ἐπιτίμια

168 739 327 791 ἐπάξεις
343 744 403 798 τῷ
423 739 892 796 παραδογματίσαντι,·”
927 739 990 781 ἐπὶ
1018 740 1123 782 nolti
1152 743 1251 795 γοῦν
1280 740 1533 795 τριβομένων
1559 745 1643 784 τῶν

168 806 321 865 λόγων,
366 808 439 851 τὸν
476 808 630 851 Bianor
665 804 791 858 αὖθις
819 809 1035 864 ἐπενεγκεῖν
1074 806 1138 862 ’ίῆ
1166 806 1395 861 βούλεσθε,
1432 808 1543 865 κάγὼ
1567 814 1643 864 τῆς

114 890 159 924 10
170 875 330 932 εῗρῆνης
351 875 406 919 ὢν
429 876 603 933 ἐραστὴς
623 874 788 932 γνώμην
810 876 924 929 οἴσω,
952 875 1093 926 ἁπλῶς
1113 878 1179 918 καὶ
1201 875 1447 933 ἀπεριέργως
1470 885 1556 927 τοῖς
1568 876 1642 921 λό-

167 963 253 1002 γοις
281 943 518 1001 χριόμενοςς
554 943 668 999 ἡμεῖς
698 946 772 1000 μὲν
803 941 876 987 οὖν
907 944 960 987 τὰ
993 949 1075 988 τῶν
1104 943 1228 1001 ἁγίων
1256 945 1363 1001 ῥητὰ
1388 947 1453 988 ἐπὶ
1486 951 1642 1003 καιρῶν

166 1012 350 1070 εὗρόντες
372 1012 614 1067 ζητούντων,
651 1011 706 1064 ὥς
728 1013 927 1071 ἀσφαλῶς
943 1012 1087 1067 ἔχοντα
1106 1015 1171 1055 καὶ
1191 1011 1404 1070 ὄρθόδοξα
1423 1012 1636 1071 προσηκά-
1660 1023 1692 1057 C

164 1087 292 1137 μεθα.
363 1083 430 1124 καὶ
450 1083 520 1126 τὸν
538 1083 613 1135 μὲν
631 1080 912 1137 ὁμολογοῦντα
936 1083 980 1124 ἐκ
1000 1082 1157 1138 πατρὸς
1185 1082 1231 1125 τὸ
1254 1087 1414 1137 πνεῦμα
1444 1083 1493 1126 τὸ
1524 1082 1639 1140 ἅγιον

166 1147 462 1206 ἐκπορεύεσθαι
484 1153 550 1193 καὶ
573 1148 861 1205 ἀπεδεχόμεθα
889 1152 956 1192 καὶ
978 1148 1291 1205 ἀποδεχόμεθα·
1326 1149 1447 1207 λόγος
1464 1151 1543 1208 γὰρ
1562 1156 1638 1195 τοῦ

112 1223 352 1275 15σωτῆρος
369 1220 437 1261 καὶ
460 1223 532 1274 τῆς
553 1218 754 1272 συνόδου,
787 1221 854 1261 καὶ
876 1217 990 1273 ἦμεΐς
1012 1219 1117 1261 καθ’
1139 1217 1315 1274 ἑκάστην
1334 1219 1467 1270 οὕτως
1487 1219 1639 1274 ὁμολο-

164 1291 327 1343 γοῦμεν.
396 1286 445 1330 οὗ
474 1288 556 1342 μὴν
584 1288 628 1330 δὲ
658 1287 763 1330 ἀλλὰ
791 1289 857 1330 καὶ
897 1287 969 1330 τὸν
1001 1290 1045 1330 ἔκ
1073 1288 1230 1343 πατρὸς
1259 1287 1319 1330 δι’
1349 1289 1442 1331 υἱοῦ
1470 1290 1639 1345 λε’γοντα

165 1353 460 1413 ἐκπορεύεσθαι
478 1354 533 1406 ὥς
554 1353 715 1415 συνόδῳ
736 1354 850 1413 πάσῃ
868 1361 920 1413 τῇ
945 1353 1104 1413 ἕβδόμῃ
1130 1354 1326 1409 ἑπόμενον
1345 1356 1641 1412 ἀποδεχόμεθα

166 1426 235 1467 καὶ
265 1422 412 1478 αὐτόν,
450 1425 522 1468 τὸν
552 1425 599 1468 δέ
626 1442 667 1481 γε
698 1425 757 1479 μὴ
791 1430 975 1480 τιμῶντα
1007 1424 1060 1468 τὰ
1094 1428 1177 1468 τῶν
1203 1423 1327 1481 ἁγίων
1354 1425 1460 1484 ῥητὰ
1482 1424 1640 1483 τόλμης

256 1557 291 1592 6.
312 1557 384 1592 τοῦ
409 1555 538 1592 deerat.
679 1558 734 1592 12.
758 1556 820 1592 καὶ
844 1556 974 1592 deerat.

163 1657 389 1692 detestatione
411 1658 636 1694 anathematis
666 1658 849 1693 abominati
876 1660 965 1693 sunt.
1013 1658 1070 1692 hic
1100 1658 1339 1704 Moscompar,
1372 1656 1432 1705 qui
1465 1658 1530 1693 sibi
1561 1662 1638 1693 erat

164 1704 319 1738 conscius
342 1716 380 1738 se
402 1705 600 1750 scripsisse,
621 1716 686 1739 nec
706 1705 851 1739 infitiari
873 1704 1063 1738 sustinebat
1084 1705 1295 1739 manifestam
1319 1716 1412 1746 rem,
1443 1715 1537 1738 suam
1561 1715 1636 1738 eam

163 1749 366 1795 scripturam
392 1751 503 1784 fassus
525 1762 621 1792 esse3
653 1751 743 1796 qnod
776 1762 850 1784 eam
872 1756 1068 1792 exarasset,
1103 1755 1157 1784 est
1179 1755 1323 1785 conatus
1341 1761 1518 1784 excusare.
1565 1761 1635 1795 quo

163 1796 297 1831 Veccus
320 1795 461 1838 audito,
495 1796 664 1830 renidenti
694 1809 735 1831 ac
768 1796 923 1841 spirante
957 1797 1094 1831 muitam
1116 1797 1260 1840 gratiam
1282 1796 1380 1830 vultu
1403 1795 1636 1841 patriarcham

161 1840 320 1884 intuens,
346 1842 621 1887 Expectabamus
646 1854 708 1876 nos
731 1842 879 1888 quidem,
904 1842 1017 1888 inquit
1040 1855 1102 1888 per
1126 1842 1381 1877 urbanissimam
1404 1841 1577 1883 facetiam,
1599 1845 1637 1874 te

162 1885 229 1920 hoc
250 1887 412 1932 scriptum
437 1899 499 1933 pro
529 1894 588 1922 tuo
619 1889 822 1932 agniturum.
868 1899 956 1922 nunc
987 1888 1017 1922 si
1041 1900 1108 1922 non
1130 1893 1224 1922 tuum
1246 1888 1329 1921 innd
1353 1887 1412 1920 sed
1435 1886 1536 1920 huius
1568 1890 1634 1928 est,

162 1936 266 1976 prout
286 1933 415 1967 fatetur
437 1934 532 1977 ipse,
565 1934 666 1979 pulex
689 1934 855 1979 quispiam
887 1934 1041 1978 piaustro
1065 1934 1216 1968 insidens
1239 1945 1302 1966 nec
1325 1933 1468 1966 incitare
1490 1943 1555 1966 uec
1579 1943 1635 1966 re-

162 1976 303 2010 flectere
325 1983 384 2012 aut
406 1978 636 2013 sufflaminare
659 1990 776 2013 currus
798 1979 918 2024 utique
941 1979 1071 2013 ruentis
1092 1980 1251 2024 impetum
1272 1978 1397 2012 valeat.
1444 1977 1530 2011 haec
1541 1977 1637 2011 Vec-

163 2033 224 2056 cus
257 2022 364 2065 dixit,
398 2024 509 2069 lepide
540 2025 692 2058 alludens
723 2025 766 2059 ad
802 2036 923 2058 nomen
956 2025 1047 2058 aliud
1072 2023 1347 2068 chartophylacis
1367 2022 1632 2068 Moscamparis=

163 2071 240 2102 erat
263 2069 351 2102 euim
376 2069 428 2102 vir
448 2069 507 2103 ille
529 2070 705 2104 binomius.
752 2074 922 2104 caeterum
937 2095 948 2112 ,
981 2070 1150 2112 subdidit,
1186 2080 1464 2114 cognosceremus
1486 2069 1635 2103 libenter

162 2124 263 2160 quam
288 2118 326 2148 tu
348 2113 427 2148 huic
448 2125 588 2159 poenam
611 2115 803 2149 inflicturus
826 2116 883 2159 sis,
908 2115 1078 2150 manifesti
1101 2115 1168 2149 iam
1191 2115 1317 2149 erroris
1331 2115 1367 2149 in
1385 2114 1552 2160 dogmatis
1570 2126 1634 2150 ex-

161 2158 336 2205 pressione
351 2164 533 2205 comperto.
558 2161 622 2194 hoc
637 2162 710 2194 loco
726 2171 800 2194 cum
818 2161 907 2195 varii
920 2160 1017 2195 varia
1031 2161 1208 2203 dixissent,
1228 2173 1292 2195 nec
1313 2161 1483 2206 reperiret
1504 2161 1632 2195 exitum

160 2207 290 2240 frustra
321 2206 506 2251 productus
539 2217 673 2247 sermo,
703 2217 877 2240 resumens
897 2206 1030 2240 Veccus
1061 2206 1113 2240 sic
1142 2206 1266 2241 intulit.
1312 2217 1438 2253 sequar
1467 2217 1536 2252 quo
1568 2218 1631 2241 vos

161 2251 298 2296 praeire
320 2251 410 2285 votis
432 2251 542 2292 video,
566 2263 701 2297 quaque
722 2251 826 2285 vultis
849 2263 999 2285 occurro.
1048 2264 1090 2286 en
1112 2264 1175 2298 ego
1198 2264 1351 2298 quoque,
1374 2263 1475 2298 quam
1497 2252 1633 2286 deside-

161 2296 259 2337 ratis,
276 2296 372 2331 cuius
394 2309 498 2331 causa
520 2297 690 2342 satagitis,
707 2297 838 2330 nemine
860 2297 1034 2331 remissius
1056 2309 1173 2342 pacem
1197 2310 1325 2340 amans,
1342 2309 1527 2344 proponam
1551 2298 1632 2332 sim-

161 2341 321 2388 pliciter,
344 2343 373 2377 si
394 2343 614 2388 permittitis,
641 2348 677 2377 et
697 2342 813 2376 verbis
832 2343 901 2376 fuci
924 2343 1140 2397 expertibus,
1173 2355 1279 2379 meam
1303 2355 1406 2390 super
1427 2345 1493 2378 hac
1514 2344 1631 2378 decla-

161 2388 248 2422 rabo
278 2389 490 2423 sententiam.
546 2400 607 2423 nos
641 2388 774 2434 quidem
807 2388 1000 2423 testimonia
1038 2395 1231 2424 sanctorum
1267 2402 1340 2425 cum
1372 2389 1630 2432 invenissemus,

161 2433 308 2477 negotiis
340 2446 428 2479 quae
459 2440 540 2469 tunc
570 2435 810 2469 tractabantur
839 2434 1054 2478 exigentibus
1078 2440 1267 2481 opportune
1290 2435 1489 2482 protuiimus
1511 2440 1551 2470 ut
1573 2447 1630 2470 se-

162 2489 245 2513 cura
267 2483 303 2513 et
323 2480 424 2524 piane
447 2480 645 2515 orthodoxa.
682 2486 717 2515 et
738 2486 778 2514 ut
802 2491 876 2514 eum
900 2480 959 2525 qui
981 2480 1108 2516 dixerit
1127 2482 1293 2527 Spiritum
1314 2483 1476 2516 Sanctum
1499 2492 1542 2514 ex
1565 2493 1631 2526 pa-

161 2529 217 2558 tre
238 2525 439 2569 procedere,
471 2527 679 2571 suscepimus
710 2531 746 2560 et
775 2525 976 2570 suscipimus
999 2538 1062 2572 pro
1093 2533 1189 2562 recte
1209 2528 1376 2562 sentiente
1398 2529 1629 2572 loquenteque

160 2569 244 2610 (hoc
266 2571 351 2604 enim
382 2572 532 2606 salvator
561 2572 696 2614 docuit,
728 2573 793 2606 hoc
826 2572 974 2616 synodus
1007 2572 1171 2616 sancivit;
1204 2574 1294 2608 idem
1324 2579 1361 2607 et
1392 2585 1454 2606 nos
1477 2573 1629 2618 quotidie

162 2615 314 2659 symbolo
337 2617 510 2652 recitando
535 2618 762 2662 profitemur),
790 2617 841 2652 sic
863 2629 927 2651 nec
948 2617 1038 2652 illum
1060 2619 1214 2653 aversari
1235 2621 1288 2654 sas
1310 2623 1469 2664 putamus
1492 2618 1549 2663 qui
1572 2617 1627 2651 di-

164 2671 242 2694 cere
267 2662 412 2696 voluerit
436 2663 604 2708 Spiritum
635 2675 679 2698 ex
712 2668 813 2709 patre
845 2674 907 2708 per
934 2663 1041 2697 filium
1075 2665 1272 2710 procedere-
1319 2665 1435 2710 quidni
1469 2664 1557 2698 enim
1591 2666 1628 2697 et

161 2704 250 2740 huuc
271 2707 493 2752 recipiamus,
526 2710 583 2754 qui
605 2709 725 2753 synodi
748 2709 912 2754 septimae
931 2709 1115 2745 universae
1137 2711 1374 2745 auctoritatem
1402 2710 1436 2743 in
1471 2710 1536 2742 hoc
1570 2719 1628 2743 se-

162 2753 316 2795 quatur?
345 2754 461 2799 itaque
492 2766 554 2788 nos
584 2755 673 2789 haud
705 2755 915 2796 dubitemus,
948 2754 979 2788 si
1009 2755 1086 2800 quis
1116 2757 1163 2792 sit
1184 2757 1244 2802 qui
1267 2755 1404 2790 disertis
1426 2754 1630 2789 testimoniis

160 2800 353 2832 sanctorum
373 2803 508 2844 patrum
530 2801 691 2835 honorem
712 2812 778 2835 non
801 2800 980 2846 habuerit,
1009 2801 1099 2837 hunc
1129 2802 1333 2837 temeritatis
1365 2801 1539 2836 damnare.
1586 2812 1630 2836 cn
