1858 3126
168 692 542 762 PETRI
631 689 1145 763 POSSINI
1249 688 1303 757 E
1394 689 1465 760 S.
1558 692 1604 760 Ι.

381 801 1399 864 OBSERVATIONUM

234 903 1553 965 PACHYMERIANARUM

722 1005 1049 1047 LIBERI.

517 1083 1262 1133 GLOSSARIUM.

167 1296 189 1313 ,l

167 1298 444 1381 Αγγωνες
471 1342 509 1379 p·
538 1328 620 1369 544
639 1342 677 1367 v.
699 1332 738 1370 8.
796 1331 918 1368 telum
953 1329 1034 1367 eius
1067 1325 1194 1365 simile
1226 1324 1333 1377 quod
1364 1324 1486 1363 Medis
1515 1324 1607 1363 olim
1631 1322 1659 1356 P
1682 1323 1747 1359 457

169 1389 358 1428 familiare
376 1387 594 1439 Xenophon
617 1389 656 1425 in
674 1389 765 1439 Cyri
794 1389 930 1440 paedia
953 1385 1103 1428 παλτόν
1127 1386 1355 1438 appellavit,
1384 1399 1471 1423 cum
1493 1400 1611 1425 usur-

167 1450 308 1496 parent
334 1451 470 1495 postea
500 1444 610 1481 bellis
635 1451 773 1482 contra
793 1446 962 1482 Graecos
992 1450 1061 1482 aut
1084 1444 1180 1481 alios
1202 1443 1371 1495 populos
1392 1442 1610 1481 Orientales

167 1501 329 1548 Franci,
371 1515 529 1553 αγγωνα
556 1500 630 1550 ipsi
665 1501 883 1548 vocabant3
920 1500 1026 1538 unde
1055 1506 1093 1537 et
1121 1513 1182 1537 res
1213 1505 1252 1536 et
1276 1511 1418 1536 nomen
1450 1499 1612 1536 Graecis

167 1556 449 1595 recentioribus
468 1556 653 1597 innotuit.
693 1569 772 1593 non
797 1557 899 1594 enim
920 1557 1022 1594 illud
1034 1553 1077 1596 τό
1090 1551 1259 1595 παλαιόν
1280 1555 1406 1592 nostri
1424 1554 1500 1592 hoc
1517 1555 1607 1592 loco

167 1611 416 1662 Pachymeris
453 1612 503 1648 ad
531 1611 708 1658 ultimam
745 1613 1024 1650 vetustissimae
1059 1611 1244 1649 Graeciae
1280 1617 1347 1648 aut
1383 1610 1609 1648 florentium
1634 1611 1662 1646 P
1686 1610 1752 1645 458

168 1667 407 1705 Athenarum
434 1668 658 1704 memoriam
687 1669 935 1706 referendum
968 1674 1050 1716 est,
1087 1667 1155 1706 sed
1188 1668 1235 1704 ad
1266 1666 1429 1704 saeculis
1457 1666 1611 1716 aliquot

168 1723 381 1761 anteriores
400 1722 633 1773 Pachymere
652 1724 888 1774 Byzantinae
912 1724 1097 1761 Graeciae
1114 1723 1338 1773 scriptores.
1396 1734 1443 1758 ex
1466 1721 1608 1770 quibus

169 1785 207 1816 et
233 1778 369 1816 Suidas
399 1784 436 1815 et
466 1778 689 1817 Eustathius
711 1779 932 1818 istiusmodi
960 1780 1029 1818 teli
1052 1779 1352 1829 descriptionem
1379 1777 1606 1814 hauserunt.

168 1834 278 1884 prior
313 1833 368 1871 sic
404 1834 599 1884 loquitur:
644 1833 816 1888 ἅγγωνες
849 1835 1035 1887 ἐπιχώρια
1070 1831 1213 1885 δόρατα
1252 1830 1360 1883 παροῖ
1394 1830 1605 1883 Φράγκοις.

170 1901 285 1938 quem
310 1895 356 1925 ut
380 1889 488 1926 vides
514 1889 766 1938 pachymeres
795 1891 1019 1942 descripsit,
1046 1891 1218 1928 Francos
1246 1894 1395 1926 tantum
1419 1900 1500 1924 non
1520 1901 1606 1925 me-

168 1956 346 1991 morans,
377 1944 481 1992 quod
511 1944 629 1982 Italos
656 1945 710 1981 ibi
740 1953 829 1984 ante
858 1947 1080 1984 nominatos
1105 1945 1153 1982 iis
1170 1956 1408 1994 synonymos
1436 1943 1607 1982 duceret.

169 2012 303 2036 revera
324 1998 423 2035 enim
445 2012 464 2034 a
485 2012 682 2036 sacrarum
707 2002 932 2051 praesertim
953 2000 1246 2053 expeditionum
1270 1999 1312 2035 in
1329 1999 1487 2036 Terram
1504 1999 1606 2036 San-

170 2061 272 2091 ctam
294 2053 536 2116 temporibus
558 2055 690 2091 Asiani
712 2056 951 2094 Francorum
968 2055 1159 2094 vocabulo
1180 2053 1455 2092 transmarinas
1473 2068 1607 2093 omnes

170 2110 350 2160 Europae
395 2109 572 2146 nationes
621 2110 1015 2161 comprehendebant.
1088 2109 1313 2148 Eustathius
1355 2123 1512 2161 quoque
1556 2111 1606 2149 ad

171 2165 311 2216 Odys&
327 2179 348 2203 τ
370 2165 439 2201 sub
459 2164 611 2202 initium
615 2163 759 2218 ’‘Ayyov
780 2167 876 2216 (lege
887 2164 1058 2230 ”Αγγων)
1080 2164 1183 2212 εἶδος
1198 2161 1362 2235 δόρατος
1382 2167 1607 2232 Φραγγικοῦ

170 2218 261 2260 οὕτε
288 2220 378 2259 λίαν
403 2223 558 2288 μικροῦ,
589 2222 729 2270 φασίν,
761 2219 850 2261 οὕτε
880 2218 1071 2273 μεγαλου,
1102 2237 1150 2261 ου
1178 2237 1221 2261 το
1251 2224 1432 2261 πλεῖστον
1459 2219 1608 2290 σιδήρῳ

169 2275 395 2327 περιέχεται,
416 2291 463 2315 ου
483 2274 580 2315 nmo?
597 2274 639 2316 τὸ
659 2293 764 2328 παρα
788 2274 1027 2327 Λυκόφρονι
1044 2278 1256 2329 σίγυμνον·
1285 2276 1410 2317 ἐκεῖνο
1426 2275 1500 2331 γὰρ
1518 2278 1609 2319 ὁλο-

170 2332 345 2382 σίδηρον.
403 2332 551 2382 Angon
580 2334 725 2383 specie-s·
753 2333 894 2369 hastae
915 2334 1133 2370 francicae
1160 2346 1282 2383 neque
1308 2335 1609 2384 nimieparuoe,

170 2394 216 2423 ut
238 2389 376 2435 aiunt,
404 2402 526 2438 neque
550 2402 743 2439 magnae,-
775 2402 876 2439 quae
892 2390 986 2439 scre
1012 2396 1100 2426 tota
1120 2390 1231 2438 ferro
1260 2389 1608 2440 comprehenditur,

169 2443 214 2480 in
243 2443 319 2480 Ιιοο
345 2442 558 2480 dissimilis
585 2452 796 2481 memorato
830 2443 944 2495 apud
967 2444 1264 2495 Lycophronem
1289 2447 1496 2495 siggymno:
1532 2446 1608 2483 hoc

169 2499 272 2535 enim
292 2499 412 2536 telum
432 2507 487 2537 eet
508 2507 632 2537 totum
648 2502 843 2550 ferreum.
901 2500 1059 2538 videtur
1083 2506 1220 2538 auctor
1235 2500 1493 2551 Etymologici
1517 2502 1606 2539 exi-

169 2553 327 2592 stimate
350 2568 492 2592 nomen
513 2555 589 2593 hoc
612 2556 658 2593 ab
679 2552 892 2603 ἀκοντίζειν
917 2556 1095 2603 ductum,
1124 2562 1167 2593 ut
1185 2557 1365 2606 quoniam
1386 2556 1604 2595 istiusmodi

168 2607 251 2659 pila
273 2623 357 2647 non
384 2610 490 2673 longi
521 2612 714 2650 manubrii
738 2626 816 2650 non
843 2612 959 2650 modo
988 2624 1108 2649 manu
1129 2625 1266 2660 quassa
1281 2613 1512 2662 vibrataque
1529 2611 1604 2649 ho-

171 2667 269 2700 stem
289 2665 502 2704 comminus
519 2667 715 2705 admotum
736 2668 925 2715 foderent,
954 2668 1020 2704 sed
1036 2673 1075 2704 et
1084 2666 1204 2704 habili
1219 2668 1408 2705 brevitate
1427 2668 1499 2704 ad
1488 2680 1604 2704 lacu-

170 2716 353 2757 lationem
371 2727 460 2771 apta
478 2724 627 2761 eminus
646 2723 687 2760 in
703 2730 875 2761 remotos
884 2723 1169 2792 mitterentur,
1189 2738 1359 2776 αγγωνες
1388 2723 1490 2760 dicta
1509 2723 1604 2767 sint·

170 2773 288 2810 verba
301 2774 380 2813 eius
399 2776 599 2828 scriptoris
618 2777 717 2816 haec
739 2786 850 2817 sunt:
879 2793 1052 2833 αγγωνες
1073 2774 1234 2831 δορατια
1260 2795 1308 2820 ου
1334 2779 1424 2819 λίαν
1445 2776 1602 2834 σμικραί,
