1858 3126
364 134 440 177 DE
473 131 803 176 ANDRONICO
837 129 1214 176 PALAEOLOGO
1250 132 1297 176 L.
1317 130 1393 179 IV.
1534 133 1630 179 313

165 248 364 298 ἔναντιόις
380 245 481 291 εἶναι
500 249 566 290 καὶ
586 243 724 301 μάχης
743 245 955 301 ἔμπειρον,
994 246 1062 287 καὶ
1085 244 1160 288 οὔκ
1182 244 1233 288 ἃν
1255 244 1390 296 ἄλλως
1411 250 1632 304 θαρρῆσαν

164 317 370 375 φανεροὺς
393 316 565 369 ἐπιέναι,
602 315 712 371 εἶ’περ
733 314 807 358 οὐκ
828 313 992 368 ἤλπιζον
1014 314 1064 357 τὰ
1084 312 1258 371 μεγάλα.
1329 313 1568 360 ἇνάπυστον
1589 320 1634 361 δὲ

165 387 233 429 καὶ
252 385 327 441 τὴν
345 384 549 439 βασιλέως
569 381 711 441 φήμην
728 384 844 440 σφίσι
863 387 1128 439 γεγενῆσθαι,
1165 383 1224 426 δι’
1251 382 1301 438 ἢν
1323 386 1390 428 καὶ
1407 389 1568 439 μᾶλλον
1587 386 1632 431 ’ἐν

165 456 282 498 δυοῖν
303 454 407 504 εἰκὸς
429 452 529 497 εἶναι
549 456 779 507 ξυμβῆναι,
815 451 840 506 ἢ
869 452 1136 509 φοβηθέντας
1156 453 1199 503 ἐξ
1220 452 1441 504 ἀσθενείας
1468 454 1632 511 ἀναχω-

130 532 153 567 5
165 530 248 578 ρεῖν
265 521 291 578 ἢ
312 526 578 580 θαρροῦντας
597 523 640 573 ἐξ
659 522 821 571 ἐλπίδος
839 521 1032 576 μεγίστης
1049 522 1291 578 φαίνεσθαι.
1362 522 1384 566 ὃ
1404 526 1472 566 καὶ
1493 531 1631 582 φοβη-

162 591 253 635 τέον
279 589 331 635 ἂν
360 595 518 646 μᾶλλον
546 589 646 634 εἶναι
677 590 754 634 σὺν
786 594 953 643 βασιλεῖ
977 591 1045 633 καὶ
1073 590 1132 645 μὴ
1158 588 1301 645 μόνοις
1333 592 1442 635 καθ’
1477 592 1630 647 αὖτοὺς
1653 606 1681 642 P
1705 608 1773 644 216

161 660 333 705 ἐπιοῦσι.
370 665 504 704 ταῦτα
527 659 706 716 λέγοντες
726 658 843 702 αι’-τοὶ
861 659 937 713 μὲν
954 663 1030 714 τῆς
1049 657 1181 716 ὁρμῆς
1198 661 1461 718 καθυφιέσαν
1479 661 1628 723 πάντῃ,

159 726 343 773 ὖπέκλων
377 730 423 772 δὲ
448 730 518 772 καὶ
540 728 615 779 τὰς
636 732 711 772 τοῦ
734 728 936 782 βασιλέως
955 725 1089 783 ὁρμάς
1098 762 1111 781 ,
1150 730 1218 772 καὶ
1240 727 1329 783 ῧμα
1354 728 1543 788 δεύτερος
1565 735 1629 777 ἐπὶ

158 794 310 856 πρώτῳ
342 799 410 840 καὶ
439 798 576 853 τρίτος
603 797 666 840 ἐπὶ
691 795 827 856 τούτῳ
854 799 922 840 καὶ
954 797 1121 854 ἐφεξῆς,
1167 796 1327 855 φόβους
1355 799 1536 856 λέγοντες
1558 807 1627 846 καὶ

106 863 354 916 Ιοῦπονοίας
379 863 758 921 εἰδωλοποιούμενοι
788 863 970 924 φοβερᾶς
979 899 993 919 ,
1035 864 1306 924 ὑποστρέφειν
1332 867 1523 924 ἔπειθον,
1569 870 1627 924 ὥς

157 932 262 989 μήτε
295 935 372 978 σὺν
404 940 571 989 βασιλεῖ’
590 933 861 992 προσβάλλειν
893 933 1139 993 φαινόμενον
1170 936 1375 993 ἀσφαλές,
1410 937 1514 995 μήτ’
1545 941 1625 984 αὖ-

157 1001 258 1054 τούς
285 1021 329 1059 γε
353 1002 507 1059 μόνους
540 1009 820 1061 καταθαρρεῖν
843 1003 916 1047 τὸν
941 1002 1143 1059 πόλεμον·
1182 1004 1318 1050 πάντα
1341 1006 1427 1063 γὰρ
1451 1006 1623 1068 δεύτερα

156 1071 379 1128 ἐλογίζοντο
398 1078 471 1116 τοῦ
489 1073 662 1128 βασιλέα
682 1091 725 1116 τε
746 1075 813 1116 καὶ
831 1074 1010 1131 στρατὸν
1031 1071 1155 1118 τόσον
1178 1075 1220 1117 ἐν
1248 1075 1430 1132 ἀσφαλεῖ
1444 1095 1487 1134 γε
1505 1096 1618 1136 περι-
1640 1086 1671 1121 Β

154 1138 424 1196 ποιήσασθαι.
492 1143 643 1199 γίνεται
671 1146 890 1199 τοιγαροῦν
919 1144 986 1186 καὶ
1017 1143 1075 1198 μὴ
1102 1143 1240 1188 θέλων
1270 1142 1292 1188 ὃ
1321 1147 1517 1199 βασιλεὺς
1545 1153 1620 1204 τῆς

101 1211 146 1248 15
155 1209 313 1253 ἐκείνων
339 1215 516 1266 βουλῆς,
550 1213 617 1254 καὶ
645 1211 822 1268 στρατὸς
843 1209 974 1262 οὕτως
996 1210 1099 1267 ἔχων
1118 1210 1308 1267 πλήθους
1326 1231 1370 1257 τε
1390 1217 1458 1258 καὶ
1481 1235 1619 1275 παρα-

153 1282 301 1333 σκευῆς
328 1279 457 1334 μηδέν
487 1297 527 1323 τι
555 1277 715 1337 πράξας
739 1278 1001 1338 ὑπέστρεφεν.
1074 1280 1122 1324 οὗ
1149 1281 1232 1337 μὴν
1257 1283 1303 1325 δὲ
1326 1285 1395 1326 καὶ
1419 1284 1616 1330 ἀκίνδυνα

153 1341 259 1401 ἦσαν
281 1347 470 1391 ἐντεῦθεν
489 1355 575 1399 τοῖς
591 1353 667 1393 τοῦ
682 1349 885 1404 βασιλέως
904 1353 1032 1400 λαοῖς.
1104 1348 1192 1405 ἅμα
1212 1350 1290 1409 γὰρ
1313 1351 1510 1409 ἀγγελθὲν
1530 1363 1617 1408 τοῖς

152 1458 258 1490 stram
283 1457 564 1503 perspicuamque
587 1457 735 1500 cladem,
770 1458 800 1492 si
823 1469 885 1493 nos
907 1458 975 1493 illis
993 1458 1278 1504 commiserimus,
1310 1460 1380 1496 ista
1403 1473 1519 1497 eornm
1541 1465 1617 1510 ipsa

151 1511 253 1546 quam
276 1502 429 1538 videmus
456 1503 600 1538 audacia
621 1503 781 1550 loquitur.
827 1516 997 1551 nunqnam
1021 1505 1079 1551 qui
1101 1505 1199 1551 prius
1221 1507 1391 1542 latuerant
1413 1511 1481 1543 tam
1504 1511 1616 1546 fiden-

150 1552 206 1581 ter
235 1549 432 1593 prodirent,
465 1549 532 1584 nisi
561 1554 657 1584 certa
689 1562 751 1596 spe
780 1551 895 1596 magni
925 1562 1104 1585 successus
1133 1551 1367 1588 incitarentur.
1414 1555 1499 1590 nihil
1521 1556 1616 1602 ipsos

149 1592 237 1628 latet
257 1605 370 1629 rerum
393 1601 596 1630 nostrarum.
641 1595 685 1630 de
717 1597 923 1642 imperatore
952 1597 1014 1643 qui
1040 1602 1160 1633 contra
1187 1598 1282 1643 ipsos
1305 1599 1438 1643 veniat,
1475 1602 1618 1649 eiusque

148 1639 256 1684 copiis
285 1651 327 1675 ec
359 1642 514 1688 potentia
550 1646 674 1677 cuncta
696 1642 949 1678 distinctissime
970 1655 1108 1680 novere.
1154 1646 1233 1679 talis
1254 1645 1383 1681 indicio
1406 1649 1518 1683 famae
1541 1651 1617 1695 ple-

147 1683 286 1720 nissime
307 1687 449 1722 edoctos
472 1693 507 1723 et
528 1700 665 1723 suarum
686 1689 838 1724 vicissim
861 1689 1014 1724 conscios
1036 1690 1157 1724 virium
1181 1690 1324 1726 alterum
1348 1693 1487 1728 duorum
1511 1707 1615 1740 opor-

147 1730 219 1765 tuit
248 1733 383 1777 facere,
416 1739 477 1768 eut
496 1734 671 1769 intellecta
694 1747 736 1769 ex
759 1736 1011 1781 comparatione
1037 1736 1238 1771 infirmitate
1258 1739 1397 1784 propria
1420 1740 1615 1776 conflictum

147 1775 339 1822 declinam,
374 1783 434 1814 aut
460 1780 607 1814 indidem
630 1787 798 1827 concepta
818 1781 955 1816 minime
977 1782 1082 1816 dubia
1102 1783 1231 1818 fiducia
1253 1796 1396 1828 magnae
1418 1786 1526 1820 cladis
1549 1799 1615 1822 no-

147 1826 243 1857 stne
269 1824 487 1872 ingentisque
516 1827 683 1862 victoriae
710 1828 861 1873 ipsorum
896 1829 1027 1863 alacres
1048 1828 1094 1862 ad
1117 1834 1249 1863 certum
1270 1831 1476 1875 praemium,
1509 1838 1613 1876 prout

146 1867 296 1912 faciunt,
327 1882 528 1915 accurrere,
560 1877 686 1908 eventu
708 1886 750 1908 eo
772 1874 895 1908 iustius
917 1874 1015 1909 nobis
1038 1874 1267 1914 formidando.
1300 1887 1387 1920 quo,
1418 1882 1459 1911 ut
1482 1877 1611 1913 dictum

146 1916 219 1956 est,
242 1920 347 1960 eaput
365 1916 474 1961 ipsum
497 1924 534 1952 et
555 1919 739 1964 Augustam
763 1931 940 1965 personam
961 1920 1194 1965 imperatoris,
1216 1920 1326 1955 eidem
1349 1922 1522 1958 nobiscum
1545 1936 1610 1970 pe-

145 1957 253 1993 riculo
275 1961 487 2005 captivitatis
508 1968 570 1998 aut
590 1965 685 1999 necis
706 1965 902 2009 implicitam
923 1965 1133 2002 cemimus.”
1179 1966 1264 2000 talia
1284 1974 1509 2004 memorantes
1532 1982 1607 2006 cum

146 2015 243 2039 suum
264 2005 331 2051 ipsi
353 2018 486 2042 cursum
507 2010 543 2043 in
565 2009 698 2044 hostem
718 2011 915 2053 inhibuere,
948 2017 1020 2046 tum
1053 2011 1231 2046 incitatam
1260 2013 1407 2057 Augusti
1428 2015 1607 2051 Michaelis

144 2061 311 2095 generose
329 2051 366 2086 in
389 2054 549 2097 praelium
571 2055 704 2089 ruemis
725 2057 939 2091 alacritatem
962 2056 1242 2091 sufflaminarnnt.
1287 2059 1347 2093 ubi
1371 2059 1460 2095 enim
1480 2073 1604 2097 secun-

143 2098 209 2130 dus
230 2107 334 2142 super
354 2098 516 2143 primum,
547 2104 584 2134 et
603 2101 734 2135 duobus
757 2102 896 2143 tertius.
921 2102 1042 2147 hisque
1062 2102 1207 2136 invicem
1229 2106 1506 2149 supervenientes
1527 2111 1606 2154 plu-

142 2153 203 2176 res
233 2143 352 2178 eadem
383 2144 443 2179 illa
474 2145 590 2180 tristia
620 2151 787 2181 terrorum
809 2153 947 2193 spectra
973 2153 1149 2182 monentes
1171 2152 1208 2182 et
1229 2156 1429 2186 revocantes
1451 2154 1605 2190 obiecta-

142 2192 243 2231 rem,
275 2201 437 2225 concusso
466 2192 641 2236 proposito
664 2193 822 2237 princeps
843 2192 957 2228 iunior
978 2193 1161 2228 recedendi
1182 2205 1363 2242 secumque
1385 2201 1479 2234 retro
1501 2212 1601 2235 exer-

142 2233 245 2268 eitum
267 2236 424 2270 trahendi
447 2238 584 2283 obtrudi
606 2237 671 2272 sibi
694 2239 868 2273 consilinm
890 2250 1012 2284 passus
1034 2243 1110 2281 est;
1131 2239 1264 2285 ignavis
1286 2246 1487 2288 praesertim
1500 2272 1511 2288 ‚
1533 2247 1600 2281 mi-

141 2290 206 2314 nus
228 2280 294 2315 iam
317 2282 529 2318 dissimulata
550 2283 642 2329 turpi
664 2284 862 2328 formidine,
893 2285 1005 2330 palam
1027 2285 1269 2330 profitentibus
1290 2300 1354 2323 nec
1374 2302 1413 2324 se
1434 2303 1502 2326 una
1525 2304 1599 2327 cum

139 2325 344 2371 imperatore
366 2339 519 2374 pugnare
539 2329 627 2364 velle
649 2335 792 2376 propter
814 2330 888 2365 eius
910 2331 1116 2376 periculum,
1139 2344 1204 2367 nec
1225 2335 1316 2369 solos
1337 2335 1394 2370 illo
1417 2338 1601 2383 subducto,

139 2372 295 2416 quoniam
326 2385 365 2408 se
395 2374 544 2420 impares
575 2377 750 2421 potentiae
779 2377 923 2412 hostium
957 2381 1116 2419 nossent,
1146 2383 1184 2413 et
1204 2380 1412 2425 reipublicae
1431 2383 1601 2419 interesse

138 2416 267 2453 seirent
288 2431 354 2453 non
376 2421 476 2455 modo
491 2422 678 2466 Augustum
701 2423 811 2468 ipsum
834 2423 895 2458 sed
911 2423 1096 2458 Romanum
1118 2425 1221 2460 etiam
1242 2428 1427 2462 exercitum
1442 2441 1599 2476 supremo

139 2462 244 2498 exitio
266 2466 486 2509 snbtrahere3
511 2479 600 2513 quae
623 2474 768 2514 utraque
790 2480 846 2504 res
859 2495 870 2512 ,
892 2481 955 2515 pro
978 2469 1032 2503 sui
1054 2470 1253 2514 gravissimo
1274 2480 1444 2510 momento
1468 2477 1600 2511 cunctis

138 2511 398 2554 praevertenda,
420 2513 543 2548 confici
567 2513 669 2549 aliter
690 2515 846 2560 nequiret
867 2527 968 2561 quam
988 2515 1194 2560 imperatore
1214 2529 1254 2552 se
1276 2531 1318 2555 ac
1338 2521 1516 2556 universas
1534 2534 1599 2567 pa-

137 2552 223 2588 riter
250 2555 420 2592 Romanas
449 2559 567 2604 copias
596 2560 632 2594 in
663 2564 772 2595 tutum
800 2561 995 2606 recipiente.
1042 2561 1094 2595 his
1115 2561 1398 2617 importunissima
1420 2567 1599 2602 inculcatis

136 2596 300 2636 instanlia
322 2603 554 2648 suasionibus,
575 2605 707 2640 iuvenis
727 2608 932 2652 imperator,
956 2612 1139 2652 utcumque
1159 2610 1306 2654 invitus,
1328 2612 1453 2655 cessit3
1480 2618 1515 2647 et
1538 2625 1597 2647 ex·

136 2644 264 2696 fruitus
293 2658 432 2684 munero
462 2655 500 2685 et
528 2657 697 2697 apparatu
719 2654 802 2688 nulli
824 2665 891 2688 non
913 2654 1128 2699 quantumvis
1149 2656 1277 2692 arduae
1299 2658 1509 2702 aggressioni
1532 2670 1597 2703 par

136 2688 298 2732 inglorius
328 2695 416 2729 omni
447 2708 484 2731 re
516 2697 644 2732 infecta
674 2699 798 2734 castris
830 2703 883 2734 est
915 2699 1080 2734 redditus.
1125 2701 1261 2737 luerunt
1281 2704 1398 2738 statim
1421 2704 1597 2738 atrocibus

136 2733 207 2767 suis
227 2735 355 2774 damnis
377 2740 449 2775 eius
471 2742 624 2778 militaris
646 2744 771 2789 flagitii
794 2745 975 2790 perniciem
998 2757 1112 2780 omnes
1133 2747 1275 2794 imperio
1298 2749 1444 2784 subiecti
1465 2750 1596 2795 populi,

136 2779 272 2816 sublata
300 2784 379 2820 inde
409 2788 596 2824 securitate
616 2791 703 2825 omni
730 2791 814 2826 diris
846 2791 999 2827 cladibus
1022 2792 1176 2838 expositi.
1222 2794 1322 2829 simul
1348 2795 1437 2830 enim
1460 2796 1594 2852 nuntia-
