1858 3126
301 134 397 181 558
715 138 948 184 GEORGII
975 142 1321 191 PACHYMERIS

300 249 366 292 καὶ
405 248 613 304 ε’γχειροῒεν
649 248 729 309 ὅπῃ
768 250 994 309 παρατύχοι
1030 252 1268 310 ὁρμίζεσθαι
1303 257 1328 314 ἢ
1364 260 1447 316 μὴν
1480 258 1740 315 &agnoscam

300 321 436 358 πᾶσαν
461 317 540 373 γὰρ
566 316 683 372 ἠϊόνα
705 322 895 375 διηνεκῶς
916 323 1119 376 ξυνίβαινε
1138 326 1320 381 Πέρσαις
1336 327 1576 382 κατέχεσθαι
1589 363 1602 382 ,
1637 330 1742 385 πλὴν

247 391 278 427 Β
301 389 383 427 τῶν
403 382 500 427 ὅσον
519 386 614 428 κατ’
629 387 898 443 Ἀτραμύτιον
926 394 990 433 καὶ
1016 390 1209 436 Φώκαιαν
1234 389 1284 449 ἦν
1296 426 1308 446 ,
1346 395 1369 438 ὃ
1389 397 1439 451 δὴ
1460 401 1518 454 τῷ
1538 398 1742 454 Μανουὴλ

298 454 488 512 Ζαχαρία
517 457 745 509 κατείχετο,
781 457 829 500 οὐ
862 457 984 501 τόσον
1006 462 1166 515 χωρίων
1194 460 1306 516 ἰσχύϊ
1329 461 1426 506 ὅσον
1456 468 1515 523 τῷ
1543 468 1625 507 τῶν
1650 467 1740 522 περὶ

296 520 446 563 ἐκεῖνον
459 521 627 566 Ἰταλῶν
647 523 774 567 ὄντων
792 527 847 575 εἰς
864 524 1037 580 πόλεμον
1054 526 1201 584 θράσει
1218 531 1532 587 πεφυλαγμένον.
1601 536 1660 592 τῷ
1677 545 1771 581 τοις

296 590 363 631 καὶ
394 588 695 645 ἄτημελημένας
725 593 798 643 τὰς
828 592 1079 649 ἑκατέρωθεν
1102 595 1252 651 νήσους
1275 596 1448 653 δρῶντες
1467 594 1579 642 οὗτοι
1596 601 1742 654 ἐπιμα-

292 655 482 711 χωτάτας
502 659 681 712 κειμένας
699 668 784 710 τοῖς
807 666 1090 718 τολμησειόυσι
1112 668 1330 719 ξυμβαλεῖν
1365 667 1489 725 (οὐδὲ
1508 668 1585 724 γὰρ
1604 670 1741 725 σφίσιν

295 723 538 781 ἅπόδραστα
560 723 610 782 ἦν
630 728 679 769 τὰ
701 729 740 777 ἒς
763 731 946 772 κίνδυνον
977 737 1091 787 σφῶν
1117 732 1362 791 ἁλωμένων)
1398 735 1628 790 πέμψαντες
1657 741 1740 789 βα-

245 798 275 833 C
298 794 410 836 σιλέα
433 794 571 848 ἠξίουν
592 796 614 850 ἢ
633 796 756 838 αὐτὸν
779 805 868 843 ταῖς
885 797 1023 854 νήσοις
1043 801 1088 843 τὸ
1108 800 1293 857 ἀδῄωτον
1314 811 1518 858 προνοεῖν,
1553 803 1578 859 ἢ
1600 803 1742 854 αὐτοῖς

294 863 519 919 ἓπαγγεῖλαι
549 864 601 906 τὰ
630 866 670 914 ἐς
701 865 906 920 φυλακήν,
944 867 1087 910 ἀνέντα
1116 873 1183 911 καὶ
1216 870 1292 919 τὰς
1322 872 1474 914 ἐκεῖθεν
1497 870 1734 927 εἶσπράξεις,
1749 883 1793 918 10

294 928 360 981 αἶς
382 931 440 987 εἴη
464 931 513 974 ἂν
532 937 720 988 χρᾶσθαι
743 939 844 984 ναῦς
864 936 1169 990 ἓξαρτυομένοις
1187 940 1242 987 εἷς
1262 939 1335 994 τὴν
1352 943 1434 982 τῶν
1453 940 1738 994 ἐπιτιθεμένων

292 998 576 1057 ἇνταγώνισιν·
612 1002 770 1051 ἐκείνοις
796 1003 872 1058 γὰρ
903 1005 967 1045 καὶ
996 1005 1097 1060 πρὸς
1119 1004 1268 1060 χρόνον
1295 1005 1316 1049 ὅ
1345 1007 1538 1060 βασιλεὺς
1566 1007 1738 1062 Μιχαὴλ

290 1069 362 1113 τὸν
391 1067 515 1113 τόπον
542 1071 677 1112 ἐδίδου
705 1069 806 1125 πρὸς
831 1072 1021 1127 ἐργασίαν
1050 1075 1300 1128 στυπτηρίας
1329 1076 1558 1130 ἐπιτηδείως
1576 1075 1734 1129 ἔχοντα.

290 1138 334 1181 o‘t'
361 1138 411 1193 δὴ
439 1139 505 1180 καὶ
533 1138 608 1194 τὴν
639 1136 755 1182 πόλιν
778 1138 1077 1193 καταλαβόντες
1099 1142 1298 1194 βασιλέως
1317 1142 1503 1195 εὐμενοῦς
1521 1140 1737 1198 ἐτύγχανον

289 1206 331 1256 ἐς
349 1205 371 1248 ὃ
390 1209 542 1263 πρᾶξαι
563 1207 679 1264 σφίσι
703 1206 749 1249 τὸ
779 1207 883 1250 κατὰ
901 1205 1120 1264 βούλησιν,
1158 1211 1193 1252 εἴ
1215 1212 1280 1252 καὶ
1301 1215 1434 1254 ταῦτα
1449 1211 1494 1254 ἐν
1510 1210 1734 1265 ἀναβολαῖς
1745 1219 1789 1256 15

286 1269 337 1331 ἦν
358 1274 429 1318 ἔτι.

240 1346 273 1382 D
433 1343 511 1387 35.
585 1340 690 1386 Τότε
716 1344 783 1387 καὶ
811 1342 836 1399 ἦ
865 1340 991 1386 πάλαι
1028 1346 1239 1400 συζυγιῖσα
1265 1348 1324 1403 τῷ
1349 1346 1529 1403 Σμίλτζῃ
1554 1350 1736 1390 καταλα-

288 1415 425 1465 βοῦσα
453 1411 527 1466 τὴν
557 1409 697 1464 πόλιν,
736 1410 792 1461 ὥς
818 1412 966 1468 ἐλέχθη
987 1412 1034 1455 τὸ
1053 1411 1248 1469 πρότερον
1261 1445 1273 1464 ,
1307 1412 1382 1462 τὰς
1399 1413 1502 1467 μετὰ
1520 1419 1594 1457 τοῦ
1611 1419 1736 1468 βασι-

287 1478 388 1529 λέως
408 1479 619 1535 ἐπιγαμίας
639 1482 972 1537 κατησφαλίζετο.
1041 1480 1067 1523 ἃ
1096 1481 1147 1537 δὴ
1171 1481 1323 1537 μαθών
1338 1480 1731 1539 Ὀσφεντίσθλαβος,

287 1631 459 1678 appellere
480 1635 540 1666 aut
563 1632 708 1678 aquandi
731 1633 843 1676 gratia
866 1632 1068 1668 exscendere
1090 1636 1279 1676 tentarent,
1302 1633 1415 1668 statim
1436 1634 1581 1679 repulsis
1605 1634 1734 1670 immis—

287 1679 381 1713 sione
413 1678 608 1713 iaculorum.
655 1685 783 1712 tanturn
815 1679 875 1712 illa
904 1691 985 1724 pars
1017 1679 1140 1714 littoris
1162 1690 1249 1724 quae
1271 1679 1314 1713 ad
1336 1680 1558 1724 Atramytium
1580 1684 1617 1714 et
1638 1681 1732 1715 Pho-

288 1735 403 1758 caeam
434 1724 600 1768 pertinet,
631 1724 766 1758 Persica
797 1724 917 1758 militia
938 1725 1102 1766 vacabat,
1138 1725 1225 1770 quod
1248 1736 1321 1759 eam
1342 1724 1376 1758 in
1397 1729 1568 1770 potestate
1591 1727 1733 1762 haberet

288 1781 351 1805 sua
383 1770 520 1803 Manuel
550 1769 758 1812 Zacharias,
794 1781 859 1803 non
889 1774 956 1803 tam
988 1770 1134 1804 locorum
1159 1769 1338 1804 munitione
1360 1781 1459 1816 quarn
1481 1771 1571 1806 fama
1593 1771 1730 1806 virtutis

288 1815 466 1858 Italorum,
497 1827 582 1860 quos
605 1815 660 1849 ille
683 1827 779 1849 manu
803 1822 974 1860 promptos
1004 1815 1187 1860 animisque
1218 1819 1360 1860 paratos
1381 1815 1424 1850 ad
1447 1816 1582 1862 quidvis
1604 1817 1732 1852 auden·

289 1862 366 1895 dum
391 1872 501 1894 secum
525 1861 652 1896 habere
670 1862 853 1896 ferebatur.
901 1867 1003 1906 atque
1035 1861 1090 1895 hic
1112 1862 1199 1895 idem
1224 1862 1361 1895 Manuel
1383 1873 1456 1895 cum
1478 1862 1572 1906 suis,
1605 1862 1733 1908 negligi

288 1907 443 1941 videntes
465 1907 589 1941 insulas
612 1906 779 1952 utrimque
802 1907 996 1948 Phocaeae,
1019 1918 1115 1952 qnam
1139 1907 1352 1948 obtinebant,
1376 1906 1587 1949 adiacentes,
1611 1911 1647 1942 et
1668 1908 1731 1943 de-

287 1954 380 1987 fectu
403 1952 644 1997 praesidiorum
667 1959 785 1998 patere
808 1952 990 1986 latrociniis
1016 1953 1195 1997 expositas,
1219 1953 1374 1986 facillime
1396 1954 1633 1998 expugnabiles
1654 1953 1731 1988 cul-

287 1998 339 2031 vis
363 1998 460 2031 modo
485 1998 645 2032 invadere
668 1997 822 2040 audenti,
847 2009 887 2032 ac
904 1998 999 2031 simul
1017 1998 1262 2042 intelligentes,
1287 1999 1318 2032 si
1341 2009 1399 2032 eas
1421 1999 1580 2044 occupari
1601 2001 1644 2034 ab
1667 1999 1731 2033 ho·-

287 2043 396 2077 stibus
428 2044 657 2088 contingeret,
688 2044 774 2078 haud
805 2044 870 2077 sibi
901 2044 1060 2088 effugium
1085 2050 1238 2086 restare,
1271 2055 1334 2078 nec
1354 2055 1511 2078 recusare
1536 2048 1616 2078 tunc
1636 2045 1730 2090 ipsos

287 2099 389 2133 posse
413 2089 492 2133 quin
519 2089 670 2124 servituti
693 2091 956 2130 succumberent,
980 2089 1090 2123 missis
1113 2090 1154 2123 ad
1178 2090 1411 2134 imperatorem
1426 2089 1546 2134 legatis
1561 2101 1635 2124 eum
1648 2100 1729 2124 ora-

287 2139 368 2167 runt
390 2139 428 2166 ut
451 2139 510 2167 aut
531 2135 603 2179 ipse
627 2135 820 2179 provideret
843 2135 884 2168 iis
907 2135 1022 2169 insulis
1056 2135 1274 2169 necessariam
1306 2135 1519 2169 securitatem
1541 2146 1564 2169 a
1583 2135 1730 2180 deprae-

287 2177 362 2212 dari
384 2190 442 2212 eas
465 2181 664 2214 tentantium
686 2180 887 2222 incursibus,
912 2186 970 2214 aut
992 2180 1055 2214 sibi
1077 2192 1149 2214 eam
1172 2179 1256 2225 ipsis
1279 2191 1390 2214 curam
1414 2180 1646 2222 committeret,
1667 2189 1726 2213 re·-

286 2223 399 2258 missis
421 2235 509 2268 quae
531 2225 609 2259 inde
631 2226 820 2271 imperiales
843 2225 986 2260 ministri
1009 2226 1154 2260 solerent
1176 2227 1309 2270 exigere
1330 2226 1570 2270 vectigalibus,
1602 2224 1726 2270 quibua

285 2269 354 2313 ipsi
378 2269 470 2303 usuri
493 2276 604 2305 essent
626 2271 668 2305 ad
692 2283 792 2305 naves
815 2271 991 2306 armandas
1024 2271 1239 2316 prohibendis
1262 2271 1427 2305 hostilium
1451 2269 1604 2304 classium
1624 2269 1661 2303 in
1683 2281 1725 2305 ea

286 2314 404 2349 littora
427 2317 694 2350 exscensionibus
725 2318 943 2350 necessarias.
991 2317 1140 2350 nimirum
1163 2317 1228 2350 iam
1252 2328 1273 2350 a
1295 2315 1407 2350 multis
1428 2319 1519 2348 retro
1543 2314 1639 2348 annis
1661 2314 1728 2349 im·-

285 2365 425 2406 perator
447 2360 615 2402 ΜίεὴοόΙ,
647 2362 789 2404 Augusti
812 2374 898 2395 nunc
924 2363 1118 2406 imperantis
1141 2367 1258 2406 pater,
1280 2361 1379 2394 istum
1402 2359 1469 2393 illis
1491 2359 1598 2394 locum
1621 2360 1728 2395 dede-

285 2410 342 2440 rat
363 2405 515 2439 aluminis
538 2407 786 2451 praeparationi
808 2412 941 2450 aptum,
974 2418 1039 2451 quo
1064 2418 1136 2440 cum
1160 2406 1372 2450 expellendos
1394 2415 1432 2437 se
1453 2405 1629 2447 viderent,
1659 2405 1725 2441 nisi

284 2450 537 2498 prospiceretur
559 2451 743 2484 defensioni
766 2452 946 2485 vicinarum
969 2452 1169 2492 insularum,
1195 2452 1266 2484 iure
1289 2451 1330 2484 ad
1350 2450 1585 2494 imperatorem
1608 2461 1727 2486 recur-

286 2497 431 2540 rebant,
467 2496 508 2529 ad
532 2507 628 2540 quem
654 2502 825 2541 spectaret
848 2507 909 2530 sua
933 2497 1094 2529 beneficia
1117 2495 1205 2529 tueri
1228 2507 1269 2530 ac
1292 2495 1468 2529 ciientibus
1491 2496 1621 2541 imperii
1644 2507 1728 2531 con-⁴

288 2542 409 2577 aulere.
454 2541 570 2586 itaque
602 2542 682 2575 talia
706 2541 913 2585 postulantes
941 2541 1041 2584 legati
1067 2541 1123 2574 ubi
1149 2541 1192 2574 ad
1215 2541 1329 2574 urbem
1354 2551 1555 2586 pervenere,
1589 2541 1735 2576 facilem·

284 2589 331 2624 ad
350 2587 601 2622 eoncedendum
634 2587 722 2631 quod
755 2587 937 2631 poscebant
966 2587 1199 2631 imperatorem
1219 2590 1437 2629 repererunt,
1467 2597 1666 2632 quamquam
1687 2591 1733 2622 et'

286 2635 403 2670 horum
438 2637 616 2678 utcumque
640 2633 848 2665 decretorum
872 2632 1023 2664 executio
1045 2635 1155 2664 tracta
1175 2631 1389 2665 dilationibus
1413 2633 1583 2677 pendebat
1605 2632 1726 2667 adbuc.

376 2679 432 2714 352
478 2679 552 2712 Hoc
574 2689 675 2723 porro
697 2682 866 2722 tempore,
901 2687 988 2721 quae
1011 2687 1095 2709 uxor
1117 2676 1190 2710 olim
1214 2677 1374 2711 Smiltzae
1396 2679 1528 2720 fuerat,
1562 2689 1636 2711 cum
1657 2677 1724 2712 iam

286 2728 367 2760 ante
387 2725 421 2759 in
443 2724 557 2759 urbem
581 2723 791 2764 advenisset,
814 2725 915 2767 prout
936 2722 1060 2755 dictum
1084 2728 1137 2755 est
1158 2721 1333 2766 superius,
1357 2722 1399 2756 de
1421 2723 1462 2757 iis
1484 2734 1572 2769 quae
1593 2727 1724 2758 tracta—

286 2775 364 2806 tura
386 2782 460 2806 cum
481 2769 685 2816 imperatore
707 2771 860 2811 venerat,
894 2767 969 2814 ipso
991 2767 1208 2812 assentiente,
1231 2768 1402 2804 connubiis
1423 2768 1587 2805 convenit.
1632 2767 1736 2814 quod·

1848 2802 1858 2812 ‚3
1846 2607 1858 2790 --.,—um-.qna÷f-·
