1820 3112
194 185 289 233 164
614 185 851 230 GEORGII
884 185 1239 230 PACHYMERIS
1279 228 1284 232 .

188 298 435 355 λογουμένου
453 302 536 341 τῶν
569 299 609 348 ἔς
629 296 748 355 λόγον
784 298 997 355 κειμένων,
1030 298 1134 342 ἀλλὰ
1157 296 1290 358 κύκλῳ
1316 298 1662 356 περιβαλλομένου

189 369 323 417 αι’τίας
343 368 471 422 μηδὲν
490 366 779 422 προσηκούσας
799 368 903 423 μηδ’
926 367 1130 421 ὁπωσοῦν,
1167 367 1280 418 τέλος
1298 367 1439 423 ἠξίουν
1458 367 1663 427 πατριάρ-

184 455 264 492 χην
286 434 448 490 ἀμύνειν
467 436 750 491 ἀδικουμένοις
767 438 818 479 τὰ
840 437 1006 493 ἔσχατα.
1077 435 1098 480 ὅ
1120 436 1178 490 δέ,
1210 436 1284 480 οὐκ
1308 435 1390 480 οἷδ’
1416 435 1540 490 ὅπως,
1573 451 1660 493 ψυ-

186 505 288 560 χρὸς
319 506 383 548 ε’πὶ
413 503 575 555 τούτοις
607 507 872 563 κατεφαίνετο
895 508 962 549 καὶ
990 506 1192 562 ἀκίνητος.
1263 503 1319 556 ὥς
1342 507 1387 548 δὲ
1405 504 1600 556 πολλάκις
1621 507 1661 549 οἳ

189 578 265 616 τοῦ
298 572 451 630 κλήρου
485 573 681 617 ἐπέκειντο
713 576 780 617 καὶ
812 572 1164 631 προσελιπάρουν,
1207 572 1228 617 ὅ
1263 574 1306 617 δ’
1329 574 1497 632 ἄφωνος
1516 570 1568 630 ἦν
1589 577 1690 620 καὶὸ

188 647 247 701 τῷ
271 640 389 697 μήτι
413 643 536 693 λέξειν
571 642 702 698 ἔχοντι
732 643 912 700 ἀκριβῶς
942 642 1069 703 ἐῴκει.
1139 643 1255 694 τέλος
1290 644 1480 687 ἐκκλίνων
1509 643 1585 699 τὴν
1615 644 1660 687 ἐκ

188 716 272 754 τῶν
294 715 458 754 πολλῶν
491 712 587 765 βίαν
610 712 816 765 ἀπέπεμπε
845 710 1264 769 κατειρωνευσάμενος
1286 712 1359 768 τὴν
1379 713 1579 769 τιμωρίαν
1598 716 1658 772 τῷ

136 793 168 827 D
192 777 448 833 κατειπόντι,
485 780 560 835 τὴν
589 785 663 823 τοῦ
694 778 884 824 Πιλάτου
917 781 1019 838 πρὸς
1048 781 1275 832 Ἰουδαίους
1310 781 1450 838 φωνὴν
1482 781 1657 824 ἐπειπών

185 846 487 905 παραδιδόντος
506 849 560 898 εἷς
579 847 813 906 σταύρωσιν
835 850 907 893 τὸν
929 848 1154 906 δεσπότην,
1193 848 1371 904 ηλάβετε,
1397 849 1525 893 αὐτὸν
1542 847 1658 904 ὑμεῖς

183 921 251 960 καὶ
276 916 595 973 σταυρώσατε.”
665 923 789 961 τοῦτο
819 920 975 974 ἐπῆλθε
1008 921 1082 973 μὲν
1116 919 1251 978 ἐκείνῳ
1287 920 1332 961 ἐκ
1362 923 1437 962 τοῦ
1462 916 1657 974 τυχόντος
1669 927 1713 962 10

183 989 304 1029 εἰπεῖν
323 984 519 1045 ἀγνώστῳ
551 991 717 1036 πολλοῖς
739 989 922 1030 διαθέσει
950 993 1115 1043 ψυχῆς,
1154 995 1239 1036 τοῖς
1269 989 1314 1031 δὲ
1334 990 1400 1030 καὶ
1422 989 1512 1030 λίαν
1531 984 1656 1039 δόξαν

181 1055 293 1111 βαρὺ
324 1053 536 1110 παρώξυνε
569 1055 643 1105 τιὶς
675 1054 831 1110 ὁρμάς,
877 1059 944 1098 καὶ
965 1061 1296 1112 προσλυποῦντες
1315 1058 1380 1098 καὶ
1412 1050 1527 1100 οὗτοι
1546 1055 1657 1111 ἔσχίε

185 1125 300 1176 ζοντο
313 1156 326 1176 ,
367 1124 469 1166 ὥστε
489 1122 593 1178 μήτε
613 1124 888 1180 συνέρχεσθαί
907 1126 945 1168 οἶ
965 1124 1068 1180 μήτε
1094 1126 1178 1180 μὴν
1196 1123 1493 1180 συνεύχεσθαι,
1530 1129 1656 1179 βασι-

184 1197 249 1235 λεῖ
278 1193 661 1248 προσανατιθέντας
690 1193 764 1248 τὴν
793 1196 882 1250 περὶ
912 1193 1069 1237 τούτων
1104 1195 1320 1250 ἐκδίκησιν.
1391 1193 1587 1248 βασιλεὺς
1609 1194 1656 1236 δὲ

180 1266 256 1316 τῆς
278 1260 401 1304 νόσου
421 1260 733 1317 κατεπειγούσης
751 1262 822 1305 τὸν
845 1261 1232 1319 πρωτοβεστιάριον,
1269 1261 1325 1313 ὥς
1340 1261 1440 1318 μηδ’
1463 1262 1654 1306 ἀναπνεῖν
1664 1269 1708 1306 15

181 1328 313 1385 ἐώσης
331 1337 416 1379 τοῖς
437 1328 600 1383 πόνοις,
636 1331 778 1384 σκέψει
795 1333 861 1374 καὶ
887 1336 1021 1389 βουλῇ
1045 1330 1195 1375 τούτου
1218 1331 1289 1375 τὸν
1305 1334 1504 1385 Χοῦμνον
1522 1331 1654 1374 κοιαί-

42 1408 69 1443 Ρ
96 1409 162 1444 110
185 1416 316 1455 στορα
335 1397 578 1455 Νικηιγόρον
611 1401 666 1449 εἷς
689 1400 888 1454 μυστικὸν
916 1399 1071 1451 ἇνοῖξας
1091 1400 1153 1443 ἐπὶ
1173 1405 1247 1443 τοῦ
1266 1400 1395 1455 μέσου
1412 1401 1650 1455 καθίστησι,

179 1469 430 1523 προσνείμας
463 1467 577 1527 αὐτῷ
609 1468 800 1512 κοινωνὸν
828 1468 962 1527 (οὔπω
981 1470 1059 1526 γὰρ
1089 1470 1225 1530 ἐκείνῳ
1245 1470 1312 1512 καὶ
1330 1465 1444 1527 μόνῳ
1464 1465 1652 1526 ἐθάρρει)

179 1539 245 1580 καὶ
273 1537 345 1579 τὸν
377 1537 440 1579 ἐπὶ
474 1541 556 1580 τῶν
590 1535 766 1593 δεήσεων
792 1538 953 1582 Γλυκὺν
975 1536 1182 1594 Ἰωάννην.
1249 1539 1317 1581 καὶ
1351 1537 1401 1593 δὴ
1422 1541 1497 1581 τοῦ
1520 1537 1651 1582 αὐτοῦ

270 1669 304 1705 4.
328 1668 389 1706 καὶ
413 1669 542 1705 deerat.

179 1795 298 1829 parum
323 1783 365 1818 ad
389 1794 460 1817 rem
484 1784 665 1827 facientia,
698 1785 781 1819 nihil
804 1785 978 1820 admodum
1007 1787 1100 1832 quod
1127 1786 1219 1821 clare
1240 1785 1349 1831 ipsum
1373 1784 1567 1820 absolveret
1588 1786 1651 1819 aut

176 1836 247 1864 tam
277 1830 524 1864 vehementium
557 1838 708 1865 actorum
744 1833 966 1867 acerbitatem
1002 1837 1198 1873 excusaret,
1223 1831 1386 1878 reposuit.
1431 1831 1521 1866 unde
1543 1842 1565 1865 a
1582 1841 1649 1885 pa·
1694 1863 1698 1866 .

175 1876 326 1910 triarcha
349 1887 553 1922 magnopere
577 1877 690 1912 clerici
713 1879 960 1913 contenderunt
994 1884 1034 1913 ut
1066 1878 1153 1913 satis
1184 1879 1252 1913 iam
1275 1881 1482 1923 compertam
1505 1875 1648 1911 hominis

175 1922 426 1967 improbitatem
449 1924 597 1967 grassari
620 1935 663 1957 ne
685 1923 813 1958 sineret
838 1924 871 1958 in
903 1925 1011 1959 diram
1038 1925 1289 1970 oppressionem
1312 1923 1561 1966 innocentium,
1584 1922 1648 1957 sed

176 1968 379 2012 tempestiva
403 1980 479 2002 eam
502 1969 728 2014 castigatione
752 1973 939 2005 coerceret.
984 1971 1073 2005 tales
1104 1971 1161 2005 ille
1193 1981 1313 2016 preces
1337 1969 1478 2004 audiens
1500 1968 1648 2014 frigidus

176 2014 290 2047 nescio
315 2026 422 2058 quare
445 2015 666 2061 immotusque
690 2017 890 2061 perstabat3
926 2028 967 2050 ac
990 2028 1065 2050 cum
1089 2016 1138 2051 illi
1161 2017 1335 2050 ardentius
1362 2018 1544 2060 urgerent,
1566 2025 1647 2060 per-

176 2059 358 2093 severabat
382 2065 494 2094 tamen
517 2061 552 2095 in
576 2062 721 2103 silentio,
746 2063 834 2096 haud
857 2062 893 2096 in
916 2063 1088 2106 expedito,
1111 2066 1150 2096 ut
1173 2063 1382 2107 apparebat,
1415 2062 1544 2096 habens
1565 2059 1647 2106 quid

177 2105 316 2139 diceret.
364 2107 516 2148 tandem,
555 2109 648 2141 velut
679 2108 713 2141 vi
745 2108 878 2142 cuidam
910 2109 1089 2142 multorum
1121 2108 1220 2143 simul
1247 2107 1508 2142 incumbentium
1535 2106 1647 2152 impar

177 2151 397 2192 eluctandae,
422 2154 593 2198 paulisper
616 2153 761 2188 inflexus
788 2154 906 2188 verbis
933 2154 1035 2188 Pilati
1058 2155 1101 2189 ad
1123 2155 1268 2189 Iudaeos
1294 2154 1425 2188 Christi
1447 2164 1563 2188 necem
1585 2153 1648 2186 de-

178 2203 356 2241 poscentes
379 2197 561 2231 vindictam
583 2200 668 2244 ipsis
691 2200 941 2234 calumniatoris
963 2200 1114 2245 ipsorum
1139 2201 1254 2234 Sabae
1289 2199 1417 2243 ironice
1449 2198 1647 2244 permittere

176 2242 273 2276 visus
297 2248 362 2285 est,
387 2244 561 2288 “accipite
584 2246 693 2290 ipsum
716 2258 777 2279 vos
787 2246 807 2262 ''
831 2246 988 2291 inquiens
1013 2248 1084 2281 “et
1107 2245 1333 2291 crucifigite.''
1378 2246 1467 2279 hanc
1490 2243 1562 2278 eius
1583 2254 1646 2278 vo-

177 2300 261 2328 cem,
283 2289 447 2322 incertum
471 2301 538 2334 quo
562 2302 603 2324 ex
627 2303 727 2324 sensu
762 2294 947 2336 profectam
972 2292 1095 2333 animi,
1127 2293 1240 2327 audiri
1270 2296 1352 2325 tunc
1375 2289 1530 2334 contigit.
1576 2300 1645 2334 qua

176 2334 328 2378 graviter
352 2334 475 2368 offensi
499 2341 558 2368 aut
581 2337 692 2381 potius
715 2337 954 2371 incredibiliter
977 2338 1128 2378 efferati,
1152 2349 1237 2383 quos
1261 2337 1310 2370 sic
1333 2335 1500 2376 eluserat,
1531 2334 1646 2369 absci-

177 2381 300 2413 derunt
324 2391 361 2413 se
384 2381 427 2414 ab
451 2393 503 2422 eo,
528 2393 779 2427 congressuque
811 2384 918 2428 ipsius
940 2384 974 2416 in
1006 2390 1178 2428 posterum
1202 2388 1305 2427 atque
1328 2380 1418 2415 omni
1439 2391 1578 2425 precum
1602 2392 1645 2415 ac

175 2436 348 2460 sacrorum
375 2437 448 2459 cum
471 2426 528 2460 illo
550 2428 779 2462 communione
801 2434 1045 2472 segregarunt,
1080 2429 1229 2462 dolorem
1250 2430 1418 2461 testantes
1439 2437 1535 2460 suum
1559 2438 1645 2472 que-

176 2471 260 2505 relis
284 2472 447 2515 gravibus
471 2476 505 2506 et
527 2473 687 2506 ultionem
720 2479 788 2507 tam
811 2474 954 2518 insignis
988 2474 1180 2519 iniquitatis
1203 2474 1246 2507 ab
1269 2472 1474 2517 imperatore
1498 2483 1582 2516 prae
1604 2483 1644 2507 se

176 2517 327 2551 serentes
350 2522 543 2562 expectare.
591 2523 627 2552 at
658 2520 829 2562 Augustus
863 2524 978 2560 totus,
1015 2525 1054 2552 ut
1077 2519 1204 2552 dictum
1237 2521 1310 2556 est,
1345 2530 1365 2551 e
1392 2517 1644 2562 protovestiarii

176 2563 322 2597 consiliis
345 2563 504 2607 pendens,
528 2564 719 2609 prohibitus
742 2566 846 2598 libero
870 2565 965 2598 aditu
988 2564 1161 2598 familiaris
1183 2563 1331 2604 oraculi,
1358 2563 1564 2598 cruciatibus
1586 2575 1644 2597 re-

175 2620 253 2643 num
276 2609 448 2643 acerrimis
470 2621 512 2643 ne
539 2610 582 2643 ad
613 2615 813 2644 momentum
849 2610 983 2654 quidem
1016 2610 1186 2655 respirare
1215 2610 1282 2644 iam
1313 2609 1405 2643 illum
1439 2609 1641 2651 sinentibus,

175 2655 272 2700 aegri
306 2655 591 2689 commendatione
621 2655 728 2700 ipsius
762 2661 975 2700 quaestorem
998 2655 1227 2700 Nicephorum
1251 2655 1436 2689 chumnum
1464 2655 1506 2689 ad
1531 2654 1642 2700 digni-

174 2705 281 2735 tatem
303 2701 435 2743 mystici
458 2707 643 2746 promotum
667 2701 700 2734 in
723 2708 853 2746 partem
877 2712 1024 2734 arcanae
1055 2701 1201 2735 fiduciae
1225 2701 1386 2743 adscivit,
1419 2700 1642 2735 deliberatio-

174 2748 274 2781 nibus
307 2747 395 2781 hunc
425 2758 559 2793 quoque
590 2747 794 2792 quotidianis
827 2747 1053 2781 consultorem
1086 2747 1277 2782 admovens.
1323 2758 1364 2781 ac
1398 2758 1472 2781 cum
1495 2747 1647 2782 nondum*

173 2797 331 2838 speraret
361 2793 520 2828 sufficere
553 2793 631 2827 moli
652 2805 766 2828 rerum
797 2803 898 2827 unum
922 2793 1012 2826 illum
1036 2804 1158 2838 posse,
1189 2792 1350 2827 Ioannem
1374 2796 1553 2838 praeterea
1579 2803 1640 2827 co-

172 2843 352 2883 gnomento
375 2841 514 2885 Glycyn
535 2839 757 2886 petitionibus
778 2839 968 2886 supplicum
998 2838 1186 2875 referendis
1216 2839 1448 2886 praepositum
1477 2838 1556 2873 huic
1577 2837 1639 2875 ad-
