<?xml version="1.0" encoding="UTF-8"?>
<!DOCTYPE html PUBLIC "-//W3C//DTD XHTML 1.0 Transitional//EN"
    "http://www.w3.org/TR/xhtml1/DTD/xhtml1-transitional.dtd">
<html xmlns="http://www.w3.org/1999/xhtml" xml:lang="en" lang="en">
 <head>
  <title>
</title>
<meta http-equiv="Content-Type" content="text/html;charset=utf-8" />
  <meta name='ocr-system' content='tesseract 3.04.00' />
  <meta name='ocr-capabilities' content='ocr_page ocr_carea ocr_par ocr_line ocrx_word'/>
</head>
<body>
  <div class='ocr_page' id='page_1' title='image "./corpusscriptorum18niebuoft_0198.png"; bbox 0 0 1820 3112; ppageno 0'>
   <div class='ocr_carea' id='block_1_1' title="bbox 197 159 1237 210">
    <p class='ocr_par' dir='ltr' id='par_1_1' title="bbox 197 159 1237 210">
     <span class='ocr_line' id='line_1_1' title="bbox 197 159 1237 210; baseline -0.008 -1"><span class='ocrx_word' id='word_1_1' title='bbox 197 163 296 210; x_wconf 81' lang='lat'><strong>182</strong></span> <span class='ocrx_word' id='word_1_2' title='bbox 611 160 850 206; x_wconf 85' lang='lat' dir='ltr'>GEORGII</span> <span class='ocrx_word' id='word_1_3' title='bbox 882 159 1237 202; x_wconf 84' lang='lat' dir='ltr'><strong>PACHYMERJS</strong></span> 
     </span>
    </p>
   </div>
   <div class='ocr_carea' id='block_1_2' title="bbox 50 270 1736 1702">
    <p class='ocr_par' dir='ltr' id='par_1_2' title="bbox 50 270 1698 740">
     <span class='ocr_line' id='line_1_2' title="bbox 50 270 1660 334; baseline -0.002 -17"><span class='ocrx_word' id='word_1_4' title='bbox 50 283 79 317; x_wconf 87' lang='lat' dir='ltr'>P</span> <span class='ocrx_word' id='word_1_5' title='bbox 105 285 170 320; x_wconf 76' lang='lat'><strong>121</strong></span> <span class='ocrx_word' id='word_1_6' title='bbox 193 276 273 334; x_wconf 77' lang='grc' dir='ltr'><strong>γὰρ</strong></span> <span class='ocrx_word' id='word_1_7' title='bbox 301 273 322 318; x_wconf 85' lang='grc' dir='ltr'><em>ὃ</em></span> <span class='ocrx_word' id='word_1_8' title='bbox 351 276 512 330; x_wconf 82' lang='grc' dir='ltr'><strong><em>κρατῶν</em></strong></span> <span class='ocrx_word' id='word_1_9' title='bbox 542 270 652 316; x_wconf 78' lang='grc' dir='ltr'><strong><em>οῧτω</em></strong></span> <span class='ocrx_word' id='word_1_10' title='bbox 682 272 848 328; x_wconf 78' lang='grc' dir='ltr'><strong><em>συμβὰν</em></strong></span> <span class='ocrx_word' id='word_1_11' title='bbox 885 270 1023 328; x_wconf 80' lang='grc' dir='ltr'><strong><em>ὅρκοις</em></strong></span> <span class='ocrx_word' id='word_1_12' title='bbox 1053 271 1231 316; x_wconf 81' lang='grc' dir='ltr'><em>ἀπειπεῖν</em></span> <span class='ocrx_word' id='word_1_13' title='bbox 1263 272 1376 331; x_wconf 77' lang='grc' dir='ltr'><strong><em>αὐτῷ</em></strong></span> <span class='ocrx_word' id='word_1_14' title='bbox 1405 271 1454 315; x_wconf 79' lang='grc' dir='ltr'><strong>τὸ</strong></span> <span class='ocrx_word' id='word_1_15' title='bbox 1485 270 1660 326; x_wconf 72' lang='grc' dir='ltr'><strong><em>ἀξίωμα,</em></strong></span> 
     </span>
     <span class='ocr_line' id='line_1_3' title="bbox 195 338 1663 398; baseline -0.003 -10"><span class='ocrx_word' id='word_1_16' title='bbox 195 347 263 388; x_wconf 84' lang='grc' dir='ltr'><strong>καὶ</strong></span> <span class='ocrx_word' id='word_1_17' title='bbox 294 342 373 386; x_wconf 60' lang='grc' dir='ltr'><strong>διὰ</strong></span> <span class='ocrx_word' id='word_1_18' title='bbox 391 346 512 385; x_wconf 77' lang='grc' dir='ltr'><strong><em>τοῦτο</em></strong></span> <span class='ocrx_word' id='word_1_19' title='bbox 541 346 678 398; x_wconf 82' lang='grc' dir='ltr'><em>τηρῶν</em></span> <span class='ocrx_word' id='word_1_20' title='bbox 699 342 775 397; x_wconf 87' lang='grc' dir='ltr'><strong><em>τὴν</em></strong></span> <span class='ocrx_word' id='word_1_21' title='bbox 797 339 1056 398; x_wconf 83' lang='grc' dir='ltr'><strong><em>ὅρκωμοσιάν</em></strong></span> <span class='ocrx_word' id='word_1_22' title='bbox 1079 342 1153 384; x_wconf 83' lang='grc' dir='ltr'><strong>οὒκ</strong></span> <span class='ocrx_word' id='word_1_23' title='bbox 1175 341 1300 397; x_wconf 76' lang='grc' dir='ltr'>ἤθελε</span> <span class='ocrx_word' id='word_1_24' title='bbox 1321 338 1522 396; x_wconf 79' lang='grc' dir='ltr'><em>δεσπότην</em></span> <span class='ocrx_word' id='word_1_25' title='bbox 1543 342 1663 397; x_wconf 73' lang='grc' dir='ltr'><strong><em>ἔγκα-</em></strong></span> 
     </span>
     <span class='ocr_line' id='line_1_4' title="bbox 196 408 1662 466; baseline -0.003 -10"><span class='ocrx_word' id='word_1_26' title='bbox 196 416 363 457; x_wconf 77' lang='grc' dir='ltr'><strong><em>θιστιῖν.</em></strong></span> <span class='ocrx_word' id='word_1_27' title='bbox 436 408 623 461; x_wconf 76' lang='grc' dir='ltr'><em>διδόντος</em></span> <span class='ocrx_word' id='word_1_28' title='bbox 652 411 697 454; x_wconf 78' lang='grc' dir='ltr'><strong>δὲ</strong></span> <span class='ocrx_word' id='word_1_29' title='bbox 723 410 792 454; x_wconf 78' lang='grc' dir='ltr'><strong>διὰ</strong></span> <span class='ocrx_word' id='word_1_30' title='bbox 824 415 955 453; x_wconf 82' lang='grc' dir='ltr'><strong><em>ταῦτα</em></strong></span> <span class='ocrx_word' id='word_1_31' title='bbox 977 410 1023 453; x_wconf 85' lang='grc' dir='ltr'><strong><em>τό</em></strong></span> <span class='ocrx_word' id='word_1_32' title='bbox 1048 409 1468 466; x_wconf 75' lang='grc' dir='ltr'><strong><em>σεβαστοκρατορικὸν</em></strong></span> <span class='ocrx_word' id='word_1_33' title='bbox 1488 409 1662 465; x_wconf 77' lang='grc' dir='ltr'><strong><em>ἀξίωμα,</em></strong></span> 
     </span>
     <span class='ocr_line' id='line_1_5' title="bbox 197 475 1663 535; baseline -0.003 -11"><span class='ocrx_word' id='word_1_34' title='bbox 197 483 343 530; x_wconf 72' lang='grc' dir='ltr'><strong><em>ἐκεῖνος</em></strong></span> <span class='ocrx_word' id='word_1_35' title='bbox 364 478 411 522; x_wconf 84' lang='grc' dir='ltr'><strong>οὗ</strong></span> <span class='ocrx_word' id='word_1_36' title='bbox 434 479 683 534; x_wconf 76' lang='grc' dir='ltr'><strong><em>κατεδέχετο.</em></strong></span> <span class='ocrx_word' id='word_1_37' title='bbox 755 479 980 522; x_wconf 74' lang='grc' dir='ltr'><strong><em>κάντεῦθεν</em></strong></span> <span class='ocrx_word' id='word_1_38' title='bbox 998 479 1221 535; x_wconf 69' lang='grc' dir='ltr'><strong><em>ἀγέραστος</em></strong></span> <span class='ocrx_word' id='word_1_39' title='bbox 1243 475 1318 534; x_wconf 76' lang='grc' dir='ltr'><strong><em>ἦν,</em></strong></span> <span class='ocrx_word' id='word_1_40' title='bbox 1357 477 1454 522; x_wconf 82' lang='grc' dir='ltr'><strong><em>ὅσον</em></strong></span> <span class='ocrx_word' id='word_1_41' title='bbox 1475 479 1516 529; x_wconf 74' lang='grc' dir='ltr'><strong>ἐξ</strong></span> <span class='ocrx_word' id='word_1_42' title='bbox 1534 477 1663 534; x_wconf 83' lang='grc' dir='ltr'><strong><em>ὂφφι-</em></strong></span> 
     </span>
     <span class='ocr_line' id='line_1_6' title="bbox 199 545 1698 607; baseline -0.003 -14"><span class='ocrx_word' id='word_1_43' title='bbox 199 552 287 594; x_wconf 79' lang='grc' dir='ltr'><strong><em>κίου</em></strong></span> <span class='ocrx_word' id='word_1_44' title='bbox 314 550 379 591; x_wconf 77' lang='grc' dir='ltr'><strong>καὶ</strong></span> <span class='ocrx_word' id='word_1_45' title='bbox 413 546 669 602; x_wconf 79' lang='grc' dir='ltr'><strong><em>ἀξιώματος,</em></strong></span> <span class='ocrx_word' id='word_1_46' title='bbox 706 545 821 607; x_wconf 83' lang='grc' dir='ltr'><strong><em>μόνῳ</em></strong></span> <span class='ocrx_word' id='word_1_47' title='bbox 856 549 900 590; x_wconf 75' lang='grc' dir='ltr'><strong>δὲ</strong></span> <span class='ocrx_word' id='word_1_48' title='bbox 928 552 986 606; x_wconf 81' lang='grc' dir='ltr'><strong>τῷ</strong></span> <span class='ocrx_word' id='word_1_49' title='bbox 1016 548 1219 602; x_wconf 74' lang='grc' dir='ltr'><strong><em>βασιλέως</em></strong></span> <span class='ocrx_word' id='word_1_50' title='bbox 1246 549 1321 602; x_wconf 75' lang='grc' dir='ltr'><strong><em>μὲν</em></strong></span> <span class='ocrx_word' id='word_1_51' title='bbox 1349 547 1438 597; x_wconf 65' lang='lat' dir='ltr'><strong>viae,-</strong></span> <span class='ocrx_word' id='word_1_52' title='bbox 1464 546 1698 601; x_wconf 74' lang='grc' dir='ltr'><strong><em>βασιλέωςό</em></strong></span> 
     </span>
     <span class='ocr_line' id='line_1_7' title="bbox 201 613 1670 674; baseline -0.003 -12"><span class='ocrx_word' id='word_1_53' title='bbox 201 619 245 662; x_wconf 74' lang='grc' dir='ltr'><strong>δ’</strong></span> <span class='ocrx_word' id='word_1_54' title='bbox 275 617 453 674; x_wconf 73' lang='grc' dir='ltr'><strong><em>ἀδελφὸς</em></strong></span> <span class='ocrx_word' id='word_1_55' title='bbox 485 615 590 660; x_wconf 73' lang='grc' dir='ltr'><strong><em>εἷναί</em></strong></span> <span class='ocrx_word' id='word_1_56' title='bbox 608 635 650 661; x_wconf 84' lang='grc' dir='ltr'><strong>τε</strong></span> <span class='ocrx_word' id='word_1_57' title='bbox 674 619 742 660; x_wconf 82' lang='grc' dir='ltr'><strong>καὶ</strong></span> <span class='ocrx_word' id='word_1_58' title='bbox 764 621 989 673; x_wconf 73' lang='grc' dir='ltr'><strong><em>κεκλῆσθαι</em></strong></span> <span class='ocrx_word' id='word_1_59' title='bbox 999 649 1013 670; x_wconf 86' lang='grc'>,</span> <span class='ocrx_word' id='word_1_60' title='bbox 1049 619 1117 660; x_wconf 81' lang='grc' dir='ltr'><strong>καὶ</strong></span> <span class='ocrx_word' id='word_1_61' title='bbox 1139 621 1220 661; x_wconf 85' lang='grc' dir='ltr'><strong><em>τῶν</em></strong></span> <span class='ocrx_word' id='word_1_62' title='bbox 1235 615 1448 672; x_wconf 79' lang='grc' dir='ltr'><strong><em>Ῥωμαίων</em></strong></span> <span class='ocrx_word' id='word_1_63' title='bbox 1464 613 1670 659; x_wconf 79' lang='grc' dir='ltr'><strong><em>δεσπόσυ-</em></strong></span> 
     </span>
     <span class='ocr_line' id='line_1_8' title="bbox 199 687 541 740; baseline -0.006 -8"><span class='ocrx_word' id='word_1_64' title='bbox 199 704 296 740; x_wconf 88' lang='grc' dir='ltr'><strong><em>νος,</em></strong></span> <span class='ocrx_word' id='word_1_65' title='bbox 335 687 541 738; x_wconf 73' lang='grc' dir='ltr'><strong><em>ἐκλέίζετο.</em></strong></span> 
     </span>
    </p>

    <p class='ocr_par' dir='ltr' id='par_1_3' title="bbox 148 752 1727 1018">
     <span class='ocr_line' id='line_1_9' title="bbox 148 752 1670 814; baseline -0.001 -17"><span class='ocrx_word' id='word_1_66' title='bbox 148 762 179 797; x_wconf 91' lang='grc' dir='ltr'><em>Β</em></span> <span class='ocrx_word' id='word_1_67' title='bbox 306 774 311 779; x_wconf 72' lang='grc'><strong>’</strong></span> <span class='ocrx_word' id='word_1_68' title='bbox 339 755 420 800; x_wconf 81' lang='lat'><strong>27.</strong></span> <span class='ocrx_word' id='word_1_69' title='bbox 484 754 592 797; x_wconf 75' lang='grc' dir='ltr'>Ἐπεὶ</span> <span class='ocrx_word' id='word_1_70' title='bbox 615 754 660 797; x_wconf 80' lang='grc' dir='ltr'><strong>δὲ</strong></span> <span class='ocrx_word' id='word_1_71' title='bbox 681 755 748 796; x_wconf 87' lang='grc' dir='ltr'><strong>καὶ</strong></span> <span class='ocrx_word' id='word_1_72' title='bbox 771 757 822 810; x_wconf 81' lang='grc' dir='ltr'><strong>τῇ</strong></span> <span class='ocrx_word' id='word_1_73' title='bbox 849 758 924 796; x_wconf 81' lang='grc' dir='ltr'><strong>τοῦ</strong></span> <span class='ocrx_word' id='word_1_74' title='bbox 946 758 1048 796; x_wconf 79' lang='grc' dir='ltr'><strong><em>θεοῦ</em></strong></span> <span class='ocrx_word' id='word_1_75' title='bbox 1079 754 1270 814; x_wconf 73' lang='grc' dir='ltr'><strong><em>ἐκκλησίᾳ</em></strong></span> <span class='ocrx_word' id='word_1_76' title='bbox 1290 757 1365 796; x_wconf 76' lang='grc' dir='ltr'><strong>τοῦ</strong></span> <span class='ocrx_word' id='word_1_77' title='bbox 1384 752 1670 810; x_wconf 74' lang='grc' dir='ltr'><strong><em>προστησαμέ-</em></strong></span> 
     </span>
     <span class='ocr_line' id='line_1_10' title="bbox 203 819 1671 879; baseline -0.002 -12"><span class='ocrx_word' id='word_1_78' title='bbox 203 842 276 868; x_wconf 88' lang='grc' dir='ltr'><strong><em>νου</em></strong></span> <span class='ocrx_word' id='word_1_79' title='bbox 301 822 402 876; x_wconf 72' lang='grc' dir='ltr'><strong><em>ἴδει,</em></strong></span> <span class='ocrx_word' id='word_1_80' title='bbox 442 823 615 878; x_wconf 69' lang='grc' dir='ltr'><strong><em>ἐζητεῖτο</em></strong></span> <span class='ocrx_word' id='word_1_81' title='bbox 639 821 659 866; x_wconf 81' lang='grc' dir='ltr'><em>ὅ</em></span> <span class='ocrx_word' id='word_1_82' title='bbox 683 825 815 865; x_wconf 84' lang='grc' dir='ltr'><strong><em>δοκῶν</em></strong></span> <span class='ocrx_word' id='word_1_83' title='bbox 839 822 963 873; x_wconf 72' lang='grc' dir='ltr'><strong><em>ἄξιος.</em></strong></span> <span class='ocrx_word' id='word_1_84' title='bbox 1033 820 1236 879; x_wconf 73' lang='grc' dir='ltr'><strong><em>εὖρίσκετό</em></strong></span> <span class='ocrx_word' id='word_1_85' title='bbox 1259 840 1319 872; x_wconf 84' lang='grc' dir='ltr'><strong>τις</strong></span> <span class='ocrx_word' id='word_1_86' title='bbox 1346 821 1425 865; x_wconf 81' lang='grc' dir='ltr'><strong><em>ἀνὰ</em></strong></span> <span class='ocrx_word' id='word_1_87' title='bbox 1453 821 1526 877; x_wconf 83' lang='grc' dir='ltr'><strong><em>τὴν</em></strong></span> <span class='ocrx_word' id='word_1_88' title='bbox 1552 819 1671 864; x_wconf 83' lang='grc' dir='ltr'><strong><em>πόλιν</em></strong></span> 
     </span>
     <span class='ocr_line' id='line_1_11' title="bbox 202 887 1727 947; baseline -0.005 -11"><span class='ocrx_word' id='word_1_89' title='bbox 202 895 381 947; x_wconf 81' lang='grc' dir='ltr'><strong><em>Κοσμᾶς</em></strong></span> <span class='ocrx_word' id='word_1_90' title='bbox 403 890 607 946; x_wconf 83' lang='grc' dir='ltr'><strong><em>μοναχός,</em></strong></span> <span class='ocrx_word' id='word_1_91' title='bbox 646 893 689 934; x_wconf 78' lang='grc' dir='ltr'><strong>ἔκ</strong></span> <span class='ocrx_word' id='word_1_92' title='bbox 705 890 978 944; x_wconf 70' lang='grc' dir='ltr'><strong><em>Σωζοπόλεως</em></strong></span> <span class='ocrx_word' id='word_1_93' title='bbox 997 893 1071 946; x_wconf 76' lang='grc' dir='ltr'><strong><em>μὲν</em></strong></span> <span class='ocrx_word' id='word_1_94' title='bbox 1091 891 1136 935; x_wconf 86' lang='grc' dir='ltr'><strong><em>τό</em></strong></span> <span class='ocrx_word' id='word_1_95' title='bbox 1157 892 1271 947; x_wconf 73' lang='grc' dir='ltr'><strong><em>γένος</em></strong></span> <span class='ocrx_word' id='word_1_96' title='bbox 1291 891 1439 943; x_wconf 66' lang='grc' dir='ltr'><strong><em>ἕλκων,</em></strong></span> <span class='ocrx_word' id='word_1_97' title='bbox 1477 892 1541 933; x_wconf 68' lang='grc' dir='ltr'><strong>ἐπὶ</strong></span> <span class='ocrx_word' id='word_1_98' title='bbox 1567 887 1670 947; x_wconf 83' lang='grc' dir='ltr'><strong><em>χρό-</em></strong></span> <span class='ocrx_word' id='word_1_99' title='bbox 1683 894 1727 929; x_wconf 88' lang='grc'><strong>10</strong></span> 
     </span>
     <span class='ocr_line' id='line_1_12' title="bbox 205 957 1670 1018; baseline -0.002 -14"><span class='ocrx_word' id='word_1_100' title='bbox 205 978 290 1011; x_wconf 90' lang='grc' dir='ltr'><strong><em>νοις</em></strong></span> <span class='ocrx_word' id='word_1_101' title='bbox 317 962 361 1003; x_wconf 78' lang='grc' dir='ltr'><strong>δὲ</strong></span> <span class='ocrx_word' id='word_1_102' title='bbox 391 963 457 1004; x_wconf 82' lang='grc' dir='ltr'><strong>καὶ</strong></span> <span class='ocrx_word' id='word_1_103' title='bbox 492 958 648 1018; x_wconf 80' lang='grc' dir='ltr'><strong><em>συζύγῳ</em></strong></span> <span class='ocrx_word' id='word_1_104' title='bbox 672 959 850 1015; x_wconf 85' lang='grc' dir='ltr'><strong><em>συζήσας</em></strong></span> <span class='ocrx_word' id='word_1_105' title='bbox 870 963 936 1003; x_wconf 85' lang='grc' dir='ltr'><strong>καὶ</strong></span> <span class='ocrx_word' id='word_1_106' title='bbox 957 963 1048 1013; x_wconf 77' lang='grc' dir='ltr'><strong><em>βίον</em></strong></span> <span class='ocrx_word' id='word_1_107' title='bbox 1073 960 1272 1017; x_wconf 73' lang='grc' dir='ltr'><strong><em>ἱερατικὸν</em></strong></span> <span class='ocrx_word' id='word_1_108' title='bbox 1293 962 1430 1010; x_wconf 81' lang='grc' dir='ltr'><strong><em>ἲδικῶς</em></strong></span> <span class='ocrx_word' id='word_1_109' title='bbox 1455 957 1670 1014; x_wconf 74' lang='grc' dir='ltr'><strong><em>ἐξηνυκώς,</em></strong></span> 
     </span>
    </p>

    <p class='ocr_par' dir='ltr' id='par_1_4' title="bbox 158 1027 1731 1427">
     <span class='ocr_line' id='line_1_13' title="bbox 158 1027 1676 1087; baseline 0.001 -17"><span class='ocrx_word' id='word_1_110' title='bbox 158 1035 189 1070; x_wconf 88' lang='lat' dir='ltr'>C</span> <span class='ocrx_word' id='word_1_111' title='bbox 211 1029 262 1086; x_wconf 70' lang='grc' dir='ltr'><strong>’ἢν</strong></span> <span class='ocrx_word' id='word_1_112' title='bbox 281 1030 332 1084; x_wconf 81' lang='grc' dir='ltr'><strong>δὴ</strong></span> <span class='ocrx_word' id='word_1_113' title='bbox 355 1032 421 1072; x_wconf 84' lang='grc' dir='ltr'><strong>καὶ</strong></span> <span class='ocrx_word' id='word_1_114' title='bbox 443 1027 569 1072; x_wconf 83' lang='grc' dir='ltr'><strong><em>πάλαι</em></strong></span> <span class='ocrx_word' id='word_1_115' title='bbox 589 1029 822 1072; x_wconf 77' lang='grc' dir='ltr'><strong><em>καταλιπών</em></strong></span> <span class='ocrx_word' id='word_1_116' title='bbox 839 1028 1027 1082; x_wconf 76' lang='grc' dir='ltr'><strong><em>μονάζειν</em></strong></span> <span class='ocrx_word' id='word_1_117' title='bbox 1049 1030 1219 1086; x_wconf 71' lang='grc' dir='ltr'><strong><em>αἱρεῖται</em></strong></span> <span class='ocrx_word' id='word_1_118' title='bbox 1242 1027 1395 1083; x_wconf 73' lang='grc' dir='ltr'><strong><em>συνάμ’</em></strong></span> <span class='ocrx_word' id='word_1_119' title='bbox 1418 1028 1584 1087; x_wconf 80' lang='grc' dir='ltr'><em>ἀδελφῷ</em></span> <span class='ocrx_word' id='word_1_120' title='bbox 1605 1029 1676 1071; x_wconf 75' lang='grc' dir='ltr'><strong><em>καὶ</em></strong></span> 
     </span>
     <span class='ocr_line' id='line_1_14' title="bbox 207 1096 1675 1154; baseline -0.002 -12"><span class='ocrx_word' id='word_1_121' title='bbox 207 1101 347 1142; x_wconf 85' lang='grc' dir='ltr'><strong><em>παιδί·</em></strong></span> <span class='ocrx_word' id='word_1_122' title='bbox 385 1100 451 1141; x_wconf 88' lang='grc' dir='ltr'><strong>καὶ</strong></span> <span class='ocrx_word' id='word_1_123' title='bbox 473 1098 525 1153; x_wconf 81' lang='grc' dir='ltr'><strong>δὴ</strong></span> <span class='ocrx_word' id='word_1_124' title='bbox 546 1099 613 1141; x_wconf 79' lang='grc' dir='ltr'><strong>καὶ</strong></span> <span class='ocrx_word' id='word_1_125' title='bbox 638 1099 678 1148; x_wconf 79' lang='grc' dir='ltr'><strong>ἒς</strong></span> <span class='ocrx_word' id='word_1_126' title='bbox 699 1096 816 1141; x_wconf 85' lang='grc' dir='ltr'><strong><em>πόλιν</em></strong></span> <span class='ocrx_word' id='word_1_127' title='bbox 836 1097 1007 1154; x_wconf 67' lang='grc' dir='ltr'><strong><em>ὕστερον</em></strong></span> <span class='ocrx_word' id='word_1_128' title='bbox 1028 1096 1310 1153; x_wconf 85' lang='grc' dir='ltr'><strong><em>καταντήσας,</em></strong></span> <span class='ocrx_word' id='word_1_129' title='bbox 1349 1099 1391 1140; x_wconf 75' lang='grc' dir='ltr'><strong><em>ἐν</em></strong></span> <span class='ocrx_word' id='word_1_130' title='bbox 1421 1102 1472 1154; x_wconf 80' lang='grc' dir='ltr'><strong>τῇ</strong></span> <span class='ocrx_word' id='word_1_131' title='bbox 1499 1101 1571 1139; x_wconf 81' lang='grc' dir='ltr'><strong>τοῦ</strong></span> <span class='ocrx_word' id='word_1_132' title='bbox 1596 1097 1675 1151; x_wconf 81' lang='grc' dir='ltr'><strong>ἀρ-</strong></span> 
     </span>
     <span class='ocr_line' id='line_1_15' title="bbox 203 1163 1675 1224; baseline -0.002 -14"><span class='ocrx_word' id='word_1_133' title='bbox 203 1166 480 1224; x_wconf 80' lang='grc' dir='ltr'><strong><em>χιστρατήγου</em></strong></span> <span class='ocrx_word' id='word_1_134' title='bbox 513 1171 587 1210; x_wconf 81' lang='grc' dir='ltr'><strong>τοῦ</strong></span> <span class='ocrx_word' id='word_1_135' title='bbox 618 1167 818 1221; x_wconf 73' lang='grc' dir='ltr'><strong><em>βασιλέως</em></strong></span> <span class='ocrx_word' id='word_1_136' title='bbox 851 1172 958 1224; x_wconf 83' lang='grc' dir='ltr'><strong><em>μονῇ</em></strong></span> <span class='ocrx_word' id='word_1_137' title='bbox 992 1165 1121 1217; x_wconf 70' lang='grc' dir='ltr'><strong><em>ἄλλας</em></strong></span> <span class='ocrx_word' id='word_1_138' title='bbox 1147 1184 1190 1209; x_wconf 78' lang='grc' dir='ltr'><strong>τε</strong></span> <span class='ocrx_word' id='word_1_139' title='bbox 1221 1168 1427 1216; x_wconf 81' lang='grc' dir='ltr'><strong><em>διακονίας</em></strong></span> <span class='ocrx_word' id='word_1_140' title='bbox 1449 1163 1586 1220; x_wconf 76' lang='grc' dir='ltr'><strong><em>ἐξὴνυε</em></strong></span> <span class='ocrx_word' id='word_1_141' title='bbox 1608 1166 1675 1207; x_wconf 79' lang='grc' dir='ltr'><strong>καὶ</strong></span> 
     </span>
     <span class='ocr_line' id='line_1_16' title="bbox 208 1229 1731 1292; baseline -0.001 -12"><span class='ocrx_word' id='word_1_142' title='bbox 208 1236 337 1291; x_wconf 81' lang='grc' dir='ltr'><strong><em>αὐτὴν</em></strong></span> <span class='ocrx_word' id='word_1_143' title='bbox 358 1237 406 1292; x_wconf 79' lang='grc' dir='ltr'><strong>δὴ</strong></span> <span class='ocrx_word' id='word_1_144' title='bbox 433 1236 507 1291; x_wconf 76' lang='grc' dir='ltr'><strong><em>τὴν</em></strong></span> <span class='ocrx_word' id='word_1_145' title='bbox 530 1240 604 1279; x_wconf 83' lang='grc' dir='ltr'><strong>τοῦ</strong></span> <span class='ocrx_word' id='word_1_146' title='bbox 626 1233 932 1291; x_wconf 78' lang='grc' dir='ltr'><strong><em>ἒκκλησιάρχου.</em></strong></span> <span class='ocrx_word' id='word_1_147' title='bbox 1004 1229 1125 1286; x_wconf 68' lang='grc' dir='ltr'><strong><em>οὗτος</em></strong></span> <span class='ocrx_word' id='word_1_148' title='bbox 1152 1235 1331 1291; x_wconf 65' lang='grc' dir='ltr'><strong><em>εὔγηρως</em></strong></span> <span class='ocrx_word' id='word_1_149' title='bbox 1358 1233 1415 1277; x_wconf 80' lang='grc' dir='ltr'><strong><em>ὢν</em></strong></span> <span class='ocrx_word' id='word_1_150' title='bbox 1446 1236 1514 1277; x_wconf 84' lang='grc' dir='ltr'><strong>καὶ</strong></span> <span class='ocrx_word' id='word_1_151' title='bbox 1539 1233 1674 1290; x_wconf 76' lang='grc' dir='ltr'><strong><em>πραῢς</em></strong></span> <span class='ocrx_word' id='word_1_152' title='bbox 1687 1243 1731 1279; x_wconf 84' lang='grc'><strong>15</strong></span> 
     </span>
     <span class='ocr_line' id='line_1_17' title="bbox 209 1301 1683 1361; baseline -0.003 -13"><span class='ocrx_word' id='word_1_153' title='bbox 209 1305 312 1361; x_wconf 80' lang='grc' dir='ltr'><strong><em>ἀνὴρ</em></strong></span> <span class='ocrx_word' id='word_1_154' title='bbox 344 1307 410 1347; x_wconf 84' lang='grc' dir='ltr'><strong>καὶ</strong></span> <span class='ocrx_word' id='word_1_155' title='bbox 440 1305 487 1348; x_wconf 85' lang='grc' dir='ltr'><strong>τὸ</strong></span> <span class='ocrx_word' id='word_1_156' title='bbox 521 1302 694 1348; x_wconf 78' lang='grc' dir='ltr'><strong><em>σύνολον</em></strong></span> <span class='ocrx_word' id='word_1_157' title='bbox 726 1303 917 1355; x_wconf 83' lang='grc' dir='ltr'><strong><em>ταπεινός</em></strong></span> <span class='ocrx_word' id='word_1_158' title='bbox 947 1322 990 1347; x_wconf 79' lang='grc' dir='ltr'><strong>τε</strong></span> <span class='ocrx_word' id='word_1_159' title='bbox 1017 1306 1084 1347; x_wconf 85' lang='grc' dir='ltr'><strong>καὶ</strong></span> <span class='ocrx_word' id='word_1_160' title='bbox 1111 1302 1284 1360; x_wconf 76' lang='grc' dir='ltr'><strong><em>ἥμερος,</em></strong></span> <span class='ocrx_word' id='word_1_161' title='bbox 1317 1303 1423 1346; x_wconf 74' lang='grc' dir='ltr'><strong><em>κατὰ</em></strong></span> <span class='ocrx_word' id='word_1_162' title='bbox 1442 1303 1513 1346; x_wconf 82' lang='grc' dir='ltr'><strong><em>τὸν</em></strong></span> <span class='ocrx_word' id='word_1_163' title='bbox 1534 1301 1683 1359; x_wconf 76' lang='grc' dir='ltr'><strong><em>καιρὸν·</em></strong></span> 
     </span>
     <span class='ocr_line' id='line_1_18' title="bbox 210 1371 1680 1427; baseline -0.001 -11"><span class='ocrx_word' id='word_1_164' title='bbox 210 1375 359 1416; x_wconf 71' lang='grc' dir='ltr'><strong><em>ἐκεῖνον</em></strong></span> <span class='ocrx_word' id='word_1_165' title='bbox 391 1374 461 1417; x_wconf 84' lang='grc' dir='ltr'><strong><em>τὸν</em></strong></span> <span class='ocrx_word' id='word_1_166' title='bbox 492 1378 566 1416; x_wconf 84' lang='grc' dir='ltr'><strong>τοῦ</strong></span> <span class='ocrx_word' id='word_1_167' title='bbox 590 1371 850 1427; x_wconf 76' lang='grc' dir='ltr'><strong><em>σκανδάλου,</em></strong></span> <span class='ocrx_word' id='word_1_168' title='bbox 887 1374 970 1416; x_wconf 74' lang='grc' dir='ltr'><strong>ἐπεὶ</strong></span> <span class='ocrx_word' id='word_1_169' title='bbox 994 1375 1061 1416; x_wconf 78' lang='grc' dir='ltr'><strong>καὶ</strong></span> <span class='ocrx_word' id='word_1_170' title='bbox 1084 1373 1252 1427; x_wconf 73' lang='grc' dir='ltr'><strong><em>πέμπων</em></strong></span> <span class='ocrx_word' id='word_1_171' title='bbox 1271 1371 1292 1416; x_wconf 79' lang='grc' dir='ltr'>ὅ</span> <span class='ocrx_word' id='word_1_172' title='bbox 1314 1372 1506 1425; x_wconf 79' lang='grc' dir='ltr'><strong><em>βασιλεὺς</em></strong></span> <span class='ocrx_word' id='word_1_173' title='bbox 1525 1376 1680 1426; x_wconf 73' lang='grc' dir='ltr'><strong><em>μαθεῖν</em></strong></span> 
     </span>
    </p>

    <p class='ocr_par' dir='ltr' id='par_1_5' title="bbox 155 1439 1736 1702">
     <span class='ocr_line' id='line_1_19' title="bbox 155 1439 1681 1497; baseline -0.001 -13"><span class='ocrx_word' id='word_1_174' title='bbox 155 1445 188 1480; x_wconf 91' lang='lat' dir='ltr'>D</span> <span class='ocrx_word' id='word_1_175' title='bbox 213 1441 337 1496; x_wconf 70' lang='grc' dir='ltr'>ἤθελε</span> <span class='ocrx_word' id='word_1_176' title='bbox 357 1442 455 1491; x_wconf 74' lang='grc' dir='ltr'><strong><em>τοὺς</em></strong></span> <span class='ocrx_word' id='word_1_177' title='bbox 477 1446 550 1496; x_wconf 77' lang='grc' dir='ltr'><strong>τῆς</strong></span> <span class='ocrx_word' id='word_1_178' title='bbox 572 1444 721 1491; x_wconf 77' lang='grc' dir='ltr'><strong><em>οἰκείας</em></strong></span> <span class='ocrx_word' id='word_1_179' title='bbox 736 1446 868 1495; x_wconf 80' lang='grc' dir='ltr'><strong><em>μονῆς</em></strong></span> <span class='ocrx_word' id='word_1_180' title='bbox 889 1441 999 1491; x_wconf 82' lang='grc' dir='ltr'><strong><em>ὅπως</em></strong></span> <span class='ocrx_word' id='word_1_181' title='bbox 1019 1443 1081 1482; x_wconf 76' lang='grc' dir='ltr'><strong>ἐπὶ</strong></span> <span class='ocrx_word' id='word_1_182' title='bbox 1103 1449 1190 1491; x_wconf 78' lang='grc' dir='ltr'><strong><em>τοῖς</em></strong></span> <span class='ocrx_word' id='word_1_183' title='bbox 1206 1441 1501 1497; x_wconf 75' lang='grc' dir='ltr'><strong><em>πραττομένοις</em></strong></span> <span class='ocrx_word' id='word_1_184' title='bbox 1518 1439 1681 1496; x_wconf 76' lang='grc' dir='ltr'><strong><em>γνώμης</em></strong></span> 
     </span>
     <span class='ocr_line' id='line_1_20' title="bbox 213 1507 1680 1567; baseline -0.001 -15"><span class='ocrx_word' id='word_1_185' title='bbox 213 1510 374 1564; x_wconf 66' lang='grc' dir='ltr'><strong><em>ἔχουσι,</em></strong></span> <span class='ocrx_word' id='word_1_186' title='bbox 421 1511 488 1551; x_wconf 86' lang='grc' dir='ltr'><strong>καὶ</strong></span> <span class='ocrx_word' id='word_1_187' title='bbox 530 1507 663 1551; x_wconf 81' lang='grc' dir='ltr'><strong><em>ὁποῖοι</em></strong></span> <span class='ocrx_word' id='word_1_188' title='bbox 702 1510 777 1562; x_wconf 73' lang='grc' dir='ltr'><strong><em>μέν</em></strong></span> <span class='ocrx_word' id='word_1_189' title='bbox 815 1509 854 1551; x_wconf 76' lang='grc' dir='ltr'><strong>οἳ</strong></span> <span class='ocrx_word' id='word_1_190' title='bbox 885 1513 943 1567; x_wconf 79' lang='grc' dir='ltr'><strong>τῷ</strong></span> <span class='ocrx_word' id='word_1_191' title='bbox 973 1507 1181 1564; x_wconf 75' lang='grc' dir='ltr'><strong><em>θελήματί</em></strong></span> <span class='ocrx_word' id='word_1_192' title='bbox 1214 1510 1251 1552; x_wconf 83' lang='grc' dir='ltr'><strong>οἱ</strong></span> <span class='ocrx_word' id='word_1_193' title='bbox 1283 1510 1586 1564; x_wconf 77' lang='grc' dir='ltr'><strong><em>προσκείμενοι,</em></strong></span> <span class='ocrx_word' id='word_1_194' title='bbox 1623 1507 1680 1558; x_wconf 81' lang='grc' dir='ltr'><strong>ὥς</strong></span> 
     </span>
     <span class='ocr_line' id='line_1_21' title="bbox 213 1576 1736 1635; baseline 0.001 -15"><span class='ocrx_word' id='word_1_195' title='bbox 213 1582 538 1634; x_wconf 76' lang='grc' dir='ltr'><strong><em>προσμενοῦντες</em></strong></span> <span class='ocrx_word' id='word_1_196' title='bbox 569 1582 619 1633; x_wconf 78' lang='grc' dir='ltr'><strong>τῇ</strong></span> <span class='ocrx_word' id='word_1_197' title='bbox 650 1581 758 1635; x_wconf 84' lang='grc' dir='ltr'><strong><em>μονῇ</em></strong></span> <span class='ocrx_word' id='word_1_198' title='bbox 790 1579 856 1619; x_wconf 79' lang='grc' dir='ltr'><strong>καὶ</strong></span> <span class='ocrx_word' id='word_1_199' title='bbox 886 1577 969 1630; x_wconf 69' lang='grc' dir='ltr'><strong><em>ἔτι,</em></strong></span> <span class='ocrx_word' id='word_1_200' title='bbox 1008 1576 1139 1620; x_wconf 78' lang='grc' dir='ltr'><strong><em>ὁποῖοι</em></strong></span> <span class='ocrx_word' id='word_1_201' title='bbox 1159 1578 1291 1620; x_wconf 82' lang='grc' dir='ltr'><strong><em>δὲκαὶ</em></strong></span> <span class='ocrx_word' id='word_1_202' title='bbox 1319 1576 1407 1620; x_wconf 82' lang='grc' dir='ltr'><strong><em>ὅσοι</em></strong></span> <span class='ocrx_word' id='word_1_203' title='bbox 1429 1577 1467 1620; x_wconf 78' lang='grc' dir='ltr'><strong>οἱ</strong></span> <span class='ocrx_word' id='word_1_204' title='bbox 1489 1578 1736 1626; x_wconf 73' lang='grc' dir='ltr'><strong><em>ἓναντίωςΞΟ</em></strong></span> 
     </span>
     <span class='ocr_line' id='line_1_22' title="bbox 215 1643 1683 1702; baseline -0.001 -13"><span class='ocrx_word' id='word_1_205' title='bbox 215 1646 397 1702; x_wconf 68' lang='grc' dir='ltr'><strong><em>ἔχοντες,</em></strong></span> <span class='ocrx_word' id='word_1_206' title='bbox 437 1643 492 1696; x_wconf 81' lang='grc' dir='ltr'><strong>ὥς</strong></span> <span class='ocrx_word' id='word_1_207' title='bbox 523 1645 670 1688; x_wconf 78' lang='grc' dir='ltr'><strong><em>αὐτίκα</em></strong></span> <span class='ocrx_word' id='word_1_208' title='bbox 699 1649 775 1701; x_wconf 79' lang='grc' dir='ltr'><strong>τῆς</strong></span> <span class='ocrx_word' id='word_1_209' title='bbox 802 1650 933 1702; x_wconf 84' lang='grc' dir='ltr'><strong><em>μονῆς</em></strong></span> <span class='ocrx_word' id='word_1_210' title='bbox 960 1643 1340 1702; x_wconf 72' lang='grc' dir='ltr'><strong><em>ἀπελαθησόμενοι,</em></strong></span> <span class='ocrx_word' id='word_1_211' title='bbox 1385 1644 1511 1702; x_wconf 71' lang='grc' dir='ltr'><strong><em>μέρος</em></strong></span> <span class='ocrx_word' id='word_1_212' title='bbox 1531 1646 1683 1702; x_wconf 74' lang='grc' dir='ltr'><strong><em>γίνεται</em></strong></span> 
     </span>
    </p>
   </div>
   <div class='ocr_carea' id='block_1_3' title="bbox 216 1798 1695 2859">
    <p class='ocr_par' dir='ltr' id='par_1_6' title="bbox 216 1798 1690 2123">
     <span class='ocr_line' id='line_1_23' title="bbox 216 1798 1684 1847; baseline -0.001 -11"><span class='ocrx_word' id='word_1_213' title='bbox 216 1802 349 1836; x_wconf 79' lang='lat' dir='ltr'><strong>iuraret</strong></span> <span class='ocrx_word' id='word_1_214' title='bbox 381 1801 567 1847; x_wconf 82' lang='lat' dir='ltr'><strong>imperator</strong></span> <span class='ocrx_word' id='word_1_215' title='bbox 591 1812 629 1835; x_wconf 83' lang='lat' dir='ltr'><strong>se</strong></span> <span class='ocrx_word' id='word_1_216' title='bbox 652 1812 833 1846; x_wconf 90' lang='lat' dir='ltr'><strong>numquam</strong></span> <span class='ocrx_word' id='word_1_217' title='bbox 852 1800 1035 1835; x_wconf 86' lang='lat' dir='ltr'><strong>Theodoro</strong></span> <span class='ocrx_word' id='word_1_218' title='bbox 1065 1799 1262 1846; x_wconf 81' lang='lat' dir='ltr'><strong>dignitatem</strong></span> <span class='ocrx_word' id='word_1_219' title='bbox 1289 1798 1454 1846; x_wconf 78' lang='lat' dir='ltr'><strong>despotae</strong></span> <span class='ocrx_word' id='word_1_220' title='bbox 1474 1799 1684 1838; x_wconf 82' lang='lat' dir='ltr'><strong>collaturum.</strong></span> 
     </span>
     <span class='ocr_line' id='line_1_24' title="bbox 219 1846 1688 1893; baseline -0.001 -11"><span class='ocrx_word' id='word_1_221' title='bbox 219 1859 327 1893; x_wconf 83' lang='lat' dir='ltr'><strong>quare</strong></span> <span class='ocrx_word' id='word_1_222' title='bbox 360 1852 451 1882; x_wconf 85' lang='lat' dir='ltr'><strong>metu</strong></span> <span class='ocrx_word' id='word_1_223' title='bbox 491 1847 719 1882; x_wconf 85' lang='lat' dir='ltr'><strong>consciscendi</strong></span> <span class='ocrx_word' id='word_1_224' title='bbox 749 1846 889 1893; x_wconf 86' lang='lat' dir='ltr'><strong>periurii</strong></span> <span class='ocrx_word' id='word_1_225' title='bbox 921 1853 1077 1881; x_wconf 81' lang='lat' dir='ltr'><strong>constans</strong></span> <span class='ocrx_word' id='word_1_226' title='bbox 1109 1846 1260 1892; x_wconf 72' lang='lat' dir='ltr'><strong>perstitit</strong></span> <span class='ocrx_word' id='word_1_227' title='bbox 1290 1846 1325 1880; x_wconf 88' lang='lat' dir='ltr'><strong>in</strong></span> <span class='ocrx_word' id='word_1_228' title='bbox 1355 1847 1420 1881; x_wconf 83' lang='lat' dir='ltr'><strong>hoc</strong></span> <span class='ocrx_word' id='word_1_229' title='bbox 1442 1846 1474 1880; x_wconf 89' lang='lat' dir='ltr'><strong>ei</strong></span> <span class='ocrx_word' id='word_1_230' title='bbox 1495 1846 1594 1881; x_wconf 84' lang='lat' dir='ltr'><strong>titulo</strong></span> <span class='ocrx_word' id='word_1_231' title='bbox 1622 1858 1688 1882; x_wconf 88' lang='lat' dir='ltr'><strong>ne-</strong></span> 
     </span>
     <span class='ocr_line' id='line_1_25' title="bbox 220 1892 1688 1938; baseline 0 -10"><span class='ocrx_word' id='word_1_232' title='bbox 220 1894 346 1938; x_wconf 85' lang='lat' dir='ltr'><strong>gando.</strong></span> <span class='ocrx_word' id='word_1_233' title='bbox 393 1893 490 1928; x_wconf 86' lang='lat' dir='ltr'><strong>cuius</strong></span> <span class='ocrx_word' id='word_1_234' title='bbox 514 1894 589 1928; x_wconf 87' lang='lat' dir='ltr'><strong>vice</strong></span> <span class='ocrx_word' id='word_1_235' title='bbox 612 1894 761 1928; x_wconf 84' lang='lat' dir='ltr'><strong>oblatam</strong></span> <span class='ocrx_word' id='word_1_236' title='bbox 784 1893 1069 1927; x_wconf 78' lang='lat' dir='ltr'><strong>sebastocratoris</strong></span> <span class='ocrx_word' id='word_1_237' title='bbox 1091 1893 1289 1937; x_wconf 86' lang='lat' dir='ltr'><strong>dignitatem</strong></span> <span class='ocrx_word' id='word_1_238' title='bbox 1311 1893 1512 1927; x_wconf 83' lang='lat' dir='ltr'><strong>Theodorus</strong></span> <span class='ocrx_word' id='word_1_239' title='bbox 1534 1904 1602 1927; x_wconf 87' lang='lat' dir='ltr'><strong>non</strong></span> <span class='ocrx_word' id='word_1_240' title='bbox 1623 1892 1688 1928; x_wconf 77' lang='lat' dir='ltr'><strong>ad-</strong></span> 
     </span>
     <span class='ocr_line' id='line_1_26' title="bbox 220 1938 1688 1985; baseline 0.001 -13"><span class='ocrx_word' id='word_1_241' title='bbox 220 1940 331 1981; x_wconf 83' lang='lat' dir='ltr'><strong>misit,</strong></span> <span class='ocrx_word' id='word_1_242' title='bbox 368 1950 408 1974; x_wconf 84' lang='lat' dir='ltr'><strong>ac</strong></span> <span class='ocrx_word' id='word_1_243' title='bbox 432 1945 615 1985; x_wconf 84' lang='lat' dir='ltr'><strong>propterea</strong></span> <span class='ocrx_word' id='word_1_244' title='bbox 637 1940 728 1974; x_wconf 89' lang='lat' dir='ltr'><strong>nulla</strong></span> <span class='ocrx_word' id='word_1_245' title='bbox 750 1939 891 1984; x_wconf 76' lang='lat' dir='ltr'><strong>insignis</strong></span> <span class='ocrx_word' id='word_1_246' title='bbox 913 1938 1111 1985; x_wconf 84' lang='lat' dir='ltr'><strong>principalis</strong></span> <span class='ocrx_word' id='word_1_247' title='bbox 1133 1939 1314 1984; x_wconf 81' lang='lat' dir='ltr'><strong>potestatis</strong></span> <span class='ocrx_word' id='word_1_248' title='bbox 1343 1938 1570 1984; x_wconf 74' lang='lat' dir='ltr'><strong>appellatione</strong></span> <span class='ocrx_word' id='word_1_249' title='bbox 1591 1949 1688 1973; x_wconf 82' lang='lat' dir='ltr'><strong>man-</strong></span> 
     </span>
     <span class='ocr_line' id='line_1_27' title="bbox 221 1985 1690 2031; baseline 0.001 -12"><span class='ocrx_word' id='word_1_250' title='bbox 221 1985 285 2028; x_wconf 83' lang='lat' dir='ltr'><strong>sit,</strong></span> <span class='ocrx_word' id='word_1_251' title='bbox 317 1985 389 2019; x_wconf 89' lang='lat' dir='ltr'><strong>sola</strong></span> <span class='ocrx_word' id='word_1_252' title='bbox 417 1987 616 2031; x_wconf 78' lang='lat' dir='ltr'><strong>conspicuus</strong></span> <span class='ocrx_word' id='word_1_253' title='bbox 647 1985 914 2020; x_wconf 74' lang='lat' dir='ltr'><strong>nomenclatione</strong></span> <span class='ocrx_word' id='word_1_254' title='bbox 936 1985 996 2018; x_wconf 86' lang='lat' dir='ltr'><strong>filii</strong></span> <span class='ocrx_word' id='word_1_255' title='bbox 1019 1997 1061 2019; x_wconf 89' lang='lat' dir='ltr'><strong>ac</strong></span> <span class='ocrx_word' id='word_1_256' title='bbox 1084 1986 1202 2019; x_wconf 82' lang='lat' dir='ltr'><strong>fratris</strong></span> <span class='ocrx_word' id='word_1_257' title='bbox 1224 1986 1470 2030; x_wconf 80' lang='lat' dir='ltr'><strong>Augustorum,</strong></span> <span class='ocrx_word' id='word_1_258' title='bbox 1501 1990 1538 2019; x_wconf 84' lang='lat' dir='ltr'><strong>et</strong></span> <span class='ocrx_word' id='word_1_259' title='bbox 1558 1985 1690 2020; x_wconf 76' lang='lat' dir='ltr'><strong>Roma-</strong></span> 
     </span>
     <span class='ocr_line' id='line_1_28' title="bbox 222 2030 1690 2078; baseline 0.001 -14"><span class='ocrx_word' id='word_1_260' title='bbox 222 2042 341 2065; x_wconf 88' lang='lat' dir='ltr'><strong>norum</strong></span> <span class='ocrx_word' id='word_1_261' title='bbox 360 2032 555 2076; x_wconf 71' lang='lat' dir='ltr'><strong>desposyni,</strong></span> <span class='ocrx_word' id='word_1_262' title='bbox 583 2033 682 2078; x_wconf 81' lang='lat' dir='ltr'><strong>quasi</strong></span> <span class='ocrx_word' id='word_1_263' title='bbox 705 2031 797 2065; x_wconf 83' lang='lat' dir='ltr'><strong>dicas</strong></span> <span class='ocrx_word' id='word_1_264' title='bbox 816 2032 1001 2066; x_wconf 85' lang='lat' dir='ltr'><strong>Romaniae</strong></span> <span class='ocrx_word' id='word_1_265' title='bbox 1022 2030 1270 2066; x_wconf 75' lang='lat' dir='ltr'><strong>dominantibus</strong></span> <span class='ocrx_word' id='word_1_266' title='bbox 1293 2031 1451 2077; x_wconf 74' lang='lat' dir='ltr'><strong>prognati</strong></span> <span class='ocrx_word' id='word_1_267' title='bbox 1473 2031 1690 2078; x_wconf 75' lang='lat' dir='ltr'><strong>cognatique,</strong></span> 
     </span>
     <span class='ocr_line' id='line_1_29' title="bbox 224 2077 1484 2123; baseline 0.002 -13"><span class='ocrx_word' id='word_1_268' title='bbox 224 2088 265 2110; x_wconf 89' lang='lat' dir='ltr'><strong>ac</strong></span> <span class='ocrx_word' id='word_1_269' title='bbox 289 2083 357 2111; x_wconf 78' lang='lat' dir='ltr'><strong>tam</strong></span> <span class='ocrx_word' id='word_1_270' title='bbox 382 2084 455 2111; x_wconf 87' lang='lat' dir='ltr'><strong>arto</strong></span> <span class='ocrx_word' id='word_1_271' title='bbox 480 2090 569 2111; x_wconf 89' lang='lat' dir='ltr'><strong>nexu</strong></span> <span class='ocrx_word' id='word_1_272' title='bbox 593 2078 739 2123; x_wconf 89' lang='lat' dir='ltr'><strong>quadam</strong></span> <span class='ocrx_word' id='word_1_273' title='bbox 760 2078 878 2111; x_wconf 82' lang='lat' dir='ltr'><strong>imbuti</strong></span> <span class='ocrx_word' id='word_1_274' title='bbox 899 2088 1047 2112; x_wconf 84' lang='lat' dir='ltr'><strong>summae</strong></span> <span class='ocrx_word' id='word_1_275' title='bbox 1069 2077 1268 2122; x_wconf 82' lang='lat' dir='ltr'><strong>contagione</strong></span> <span class='ocrx_word' id='word_1_276' title='bbox 1290 2077 1484 2122; x_wconf 73' lang='lat' dir='ltr'><strong>potestatis.</strong></span> 
     </span>
    </p>

    <p class='ocr_par' dir='ltr' id='par_1_7' title="bbox 222 2122 1695 2859">
     <span class='ocr_line' id='line_1_30' title="bbox 315 2122 1690 2170; baseline 0 -13"><span class='ocrx_word' id='word_1_277' title='bbox 315 2124 372 2157; x_wconf 77' lang='lat'><strong>27.</strong></span> <span class='ocrx_word' id='word_1_278' title='bbox 420 2123 588 2163; x_wconf 85' lang='lat' dir='ltr'><strong>Quoniam</strong></span> <span class='ocrx_word' id='word_1_279' title='bbox 612 2136 694 2158; x_wconf 83' lang='lat' dir='ltr'><strong>vero</strong></span> <span class='ocrx_word' id='word_1_280' title='bbox 719 2123 860 2158; x_wconf 81' lang='lat' dir='ltr'><strong>ecclesia</strong></span> <span class='ocrx_word' id='word_1_281' title='bbox 883 2123 1040 2170; x_wconf 83' lang='lat' dir='ltr'><strong>praeside</strong></span> <span class='ocrx_word' id='word_1_282' title='bbox 1062 2125 1199 2168; x_wconf 83' lang='lat' dir='ltr'><strong>egebat,</strong></span> <span class='ocrx_word' id='word_1_283' title='bbox 1222 2129 1258 2158; x_wconf 84' lang='lat' dir='ltr'><strong>et</strong></span> <span class='ocrx_word' id='word_1_284' title='bbox 1283 2124 1342 2169; x_wconf 90' lang='lat' dir='ltr'><strong>qui</strong></span> <span class='ocrx_word' id='word_1_285' title='bbox 1366 2123 1399 2158; x_wconf 91' lang='lat' dir='ltr'><strong>ei</strong></span> <span class='ocrx_word' id='word_1_286' title='bbox 1420 2123 1593 2159; x_wconf 80' lang='lat' dir='ltr'><strong>videretur</strong></span> <span class='ocrx_word' id='word_1_287' title='bbox 1613 2122 1690 2158; x_wconf 84' lang='lat' dir='ltr'><strong>ido-</strong></span> 
     </span>
     <span class='ocr_line' id='line_1_31' title="bbox 222 2168 1690 2215; baseline 0.001 -14"><span class='ocrx_word' id='word_1_288' title='bbox 222 2178 307 2201; x_wconf 84' lang='lat' dir='ltr'><strong>neus</strong></span> <span class='ocrx_word' id='word_1_289' title='bbox 338 2169 467 2202; x_wconf 89' lang='lat' dir='ltr'><strong>muneri</strong></span> <span class='ocrx_word' id='word_1_290' title='bbox 502 2171 755 2215; x_wconf 85' lang='lat' dir='ltr'><strong>quaerebatur,</strong></span> <span class='ocrx_word' id='word_1_291' title='bbox 788 2176 945 2215; x_wconf 83' lang='lat' dir='ltr'><strong>repertus</strong></span> <span class='ocrx_word' id='word_1_292' title='bbox 975 2170 1010 2204; x_wconf 90' lang='lat' dir='ltr'><strong>in</strong></span> <span class='ocrx_word' id='word_1_293' title='bbox 1039 2171 1125 2204; x_wconf 88' lang='lat' dir='ltr'><strong>urbe</strong></span> <span class='ocrx_word' id='word_1_294' title='bbox 1155 2170 1321 2215; x_wconf 82' lang='lat' dir='ltr'><strong>quispiam</strong></span> <span class='ocrx_word' id='word_1_295' title='bbox 1353 2170 1536 2204; x_wconf 72' lang='lat' dir='ltr'><strong>monachus</strong></span> <span class='ocrx_word' id='word_1_296' title='bbox 1556 2168 1690 2203; x_wconf 80' lang='lat' dir='ltr'><strong>nomine</strong></span> 
     </span>
     <span class='ocr_line' id='line_1_32' title="bbox 224 2213 1691 2262; baseline 0.001 -16"><span class='ocrx_word' id='word_1_297' title='bbox 224 2213 368 2247; x_wconf 87' lang='lat' dir='ltr'><strong>Cosmas</strong></span> <span class='ocrx_word' id='word_1_298' title='bbox 391 2220 461 2256; x_wconf 86' lang='lat' dir='ltr'><strong>est,</strong></span> <span class='ocrx_word' id='word_1_299' title='bbox 488 2216 647 2261; x_wconf 88' lang='lat' dir='ltr'><strong>Sozopoli</strong></span> <span class='ocrx_word' id='word_1_300' title='bbox 671 2227 778 2261; x_wconf 84' lang='lat' dir='ltr'><strong>genus</strong></span> <span class='ocrx_word' id='word_1_301' title='bbox 800 2217 959 2259; x_wconf 51' lang='lat' dir='ltr'><strong>tranensi,</strong></span> <span class='ocrx_word' id='word_1_302' title='bbox 982 2216 1040 2262; x_wconf 89' lang='lat' dir='ltr'><strong>qui</strong></span> <span class='ocrx_word' id='word_1_303' title='bbox 1064 2216 1193 2262; x_wconf 83' lang='lat' dir='ltr'><strong>aliquot</strong></span> <span class='ocrx_word' id='word_1_304' title='bbox 1216 2215 1313 2250; x_wconf 81' lang='lat' dir='ltr'><strong>annis</strong></span> <span class='ocrx_word' id='word_1_305' title='bbox 1337 2227 1412 2250; x_wconf 90' lang='lat' dir='ltr'><strong>cum</strong></span> <span class='ocrx_word' id='word_1_306' title='bbox 1433 2225 1540 2249; x_wconf 82' lang='lat' dir='ltr'><strong>uxore</strong></span> <span class='ocrx_word' id='word_1_307' title='bbox 1553 2214 1691 2249; x_wconf 77' lang='lat' dir='ltr'><strong>vixerat</strong></span> 
     </span>
     <span class='ocr_line' id='line_1_33' title="bbox 224 2259 1690 2308; baseline 0 -15"><span class='ocrx_word' id='word_1_308' title='bbox 224 2263 263 2294; x_wconf 83' lang='lat' dir='ltr'><strong>et</strong></span> <span class='ocrx_word' id='word_1_309' title='bbox 296 2259 399 2293; x_wconf 87' lang='lat' dir='ltr'><strong>vitam</strong></span> <span class='ocrx_word' id='word_1_310' title='bbox 431 2263 679 2296; x_wconf 83' lang='lat' dir='ltr'><strong>sacerdotalem</strong></span> <span class='ocrx_word' id='word_1_311' title='bbox 710 2262 867 2308; x_wconf 88' lang='lat' dir='ltr'><strong>privatim</strong></span> <span class='ocrx_word' id='word_1_312' title='bbox 898 2267 1119 2304; x_wconf 87' lang='lat' dir='ltr'><strong>exercuerat,</strong></span> <span class='ocrx_word' id='word_1_313' title='bbox 1156 2263 1216 2296; x_wconf 91' lang='lat' dir='ltr'><strong>sed</strong></span> <span class='ocrx_word' id='word_1_314' title='bbox 1238 2261 1382 2306; x_wconf 86' lang='lat' dir='ltr'><strong>coniuge</strong></span> <span class='ocrx_word' id='word_1_315' title='bbox 1403 2261 1528 2295; x_wconf 85' lang='lat' dir='ltr'><strong>dudum</strong></span> <span class='ocrx_word' id='word_1_316' title='bbox 1551 2259 1690 2294; x_wconf 76' lang='lat' dir='ltr'><strong>dimissa</strong></span> 
     </span>
     <span class='ocr_line' id='line_1_34' title="bbox 223 2305 1690 2354; baseline 0.001 -16"><span class='ocrx_word' id='word_1_317' title='bbox 223 2305 441 2339; x_wconf 83' lang='lat' dir='ltr'><strong>monasticam</strong></span> <span class='ocrx_word' id='word_1_318' title='bbox 470 2307 621 2352; x_wconf 85' lang='lat' dir='ltr'><strong>elegerat</strong></span> <span class='ocrx_word' id='word_1_319' title='bbox 654 2309 917 2353; x_wconf 85' lang='lat' dir='ltr'><strong>professionem,</strong></span> <span class='ocrx_word' id='word_1_320' title='bbox 952 2320 1051 2354; x_wconf 88' lang='lat' dir='ltr'><strong>quam</strong></span> <span class='ocrx_word' id='word_1_321' title='bbox 1074 2308 1173 2342; x_wconf 85' lang='lat' dir='ltr'><strong>simul</strong></span> <span class='ocrx_word' id='word_1_322' title='bbox 1195 2319 1270 2342; x_wconf 88' lang='lat' dir='ltr'><strong>cum</strong></span> <span class='ocrx_word' id='word_1_323' title='bbox 1292 2309 1400 2342; x_wconf 74' lang='lat' dir='ltr'><strong>fratre</strong></span> <span class='ocrx_word' id='word_1_324' title='bbox 1421 2310 1459 2340; x_wconf 83' lang='lat' dir='ltr'><strong>et</strong></span> <span class='ocrx_word' id='word_1_325' title='bbox 1479 2305 1550 2340; x_wconf 88' lang='lat' dir='ltr'><strong>filio</strong></span> <span class='ocrx_word' id='word_1_326' title='bbox 1573 2317 1690 2340; x_wconf 67' lang='lat' dir='ltr'><strong>msce-</strong></span> 
     </span>
     <span class='ocr_line' id='line_1_35' title="bbox 224 2351 1691 2397; baseline 0.001 -13"><span class='ocrx_word' id='word_1_327' title='bbox 224 2351 290 2396; x_wconf 82' lang='lat' dir='ltr'><strong>pit.</strong></span> <span class='ocrx_word' id='word_1_328' title='bbox 339 2351 393 2385; x_wconf 80' lang='lat' dir='ltr'><strong>hic</strong></span> <span class='ocrx_word' id='word_1_329' title='bbox 416 2359 536 2396; x_wconf 85' lang='lat' dir='ltr'><strong>postea</strong></span> <span class='ocrx_word' id='word_1_330' title='bbox 558 2354 590 2387; x_wconf 93' lang='lat' dir='ltr'><strong>in</strong></span> <span class='ocrx_word' id='word_1_331' title='bbox 614 2356 729 2389; x_wconf 90' lang='lat' dir='ltr'><strong>urbem</strong></span> <span class='ocrx_word' id='word_1_332' title='bbox 753 2355 955 2396; x_wconf 82' lang='lat' dir='ltr'><strong>adveniens,</strong></span> <span class='ocrx_word' id='word_1_333' title='bbox 987 2355 1021 2388; x_wconf 90' lang='lat' dir='ltr'><strong>in</strong></span> <span class='ocrx_word' id='word_1_334' title='bbox 1045 2354 1248 2388; x_wconf 80' lang='lat' dir='ltr'><strong>monasterio</strong></span> <span class='ocrx_word' id='word_1_335' title='bbox 1271 2351 1507 2397; x_wconf 78' lang='lat' dir='ltr'><strong>imperatoris,</strong></span> <span class='ocrx_word' id='word_1_336' title='bbox 1544 2351 1599 2385; x_wconf 88' lang='lat' dir='ltr'><strong>cui</strong></span> <span class='ocrx_word' id='word_1_337' title='bbox 1621 2354 1691 2386; x_wconf 84' lang='lat' dir='ltr'><strong>Ar-</strong></span> 
     </span>
     <span class='ocr_line' id='line_1_36' title="bbox 225 2396 1691 2442; baseline 0.002 -13"><span class='ocrx_word' id='word_1_338' title='bbox 225 2396 426 2441; x_wconf 75' lang='lat' dir='ltr'><strong>chistrategi</strong></span> <span class='ocrx_word' id='word_1_339' title='bbox 459 2409 479 2431; x_wconf 84' lang='lat' dir='ltr'><strong>a</strong></span> <span class='ocrx_word' id='word_1_340' title='bbox 510 2405 650 2441; x_wconf 84' lang='lat' dir='ltr'><strong>sancto,</strong></span> <span class='ocrx_word' id='word_1_341' title='bbox 686 2399 742 2433; x_wconf 86' lang='lat' dir='ltr'><strong>cui</strong></span> <span class='ocrx_word' id='word_1_342' title='bbox 767 2405 820 2434; x_wconf 84' lang='lat' dir='ltr'><strong>est</strong></span> <span class='ocrx_word' id='word_1_343' title='bbox 843 2401 1008 2442; x_wconf 85' lang='lat' dir='ltr'><strong>dicatum,</strong></span> <span class='ocrx_word' id='word_1_344' title='bbox 1043 2400 1201 2434; x_wconf 87' lang='lat' dir='ltr'><strong>coelestis</strong></span> <span class='ocrx_word' id='word_1_345' title='bbox 1232 2398 1371 2433; x_wconf 81' lang='lat' dir='ltr'><strong>militiae</strong></span> <span class='ocrx_word' id='word_1_346' title='bbox 1393 2397 1547 2442; x_wconf 85' lang='lat' dir='ltr'><strong>principe</strong></span> <span class='ocrx_word' id='word_1_347' title='bbox 1569 2408 1691 2432; x_wconf 79' lang='lat' dir='ltr'><strong>nomen</strong></span> 
     </span>
     <span class='ocr_line' id='line_1_37' title="bbox 225 2443 1689 2488; baseline 0.001 -12"><span class='ocrx_word' id='word_1_348' title='bbox 225 2446 302 2484; x_wconf 76' lang='lat' dir='ltr'><strong>est,</strong></span> <span class='ocrx_word' id='word_1_349' title='bbox 335 2455 411 2477; x_wconf 90' lang='lat' dir='ltr'><strong>cum</strong></span> <span class='ocrx_word' id='word_1_350' title='bbox 438 2443 505 2478; x_wconf 85' lang='lat' dir='ltr'><strong>alia</strong></span> <span class='ocrx_word' id='word_1_351' title='bbox 528 2445 682 2479; x_wconf 85' lang='lat' dir='ltr'><strong>exercuit</strong></span> <span class='ocrx_word' id='word_1_352' title='bbox 704 2445 912 2488; x_wconf 86' lang='lat' dir='ltr'><strong>ministeria,</strong></span> <span class='ocrx_word' id='word_1_353' title='bbox 944 2450 1013 2479; x_wconf 89' lang='lat' dir='ltr'><strong>tum</strong></span> <span class='ocrx_word' id='word_1_354' title='bbox 1045 2445 1292 2479; x_wconf 84' lang='lat' dir='ltr'><strong>ecclesiarchae</strong></span> <span class='ocrx_word' id='word_1_355' title='bbox 1325 2443 1440 2478; x_wconf 75' lang='lat' dir='ltr'><strong>officio</strong></span> <span class='ocrx_word' id='word_1_356' title='bbox 1463 2445 1600 2477; x_wconf 79' lang='lat' dir='ltr'><strong>functus</strong></span> <span class='ocrx_word' id='word_1_357' title='bbox 1623 2448 1689 2478; x_wconf 77' lang='lat' dir='ltr'><strong>est.</strong></span> 
     </span>
     <span class='ocr_line' id='line_1_38' title="bbox 225 2489 1691 2536; baseline 0 -13"><span class='ocrx_word' id='word_1_358' title='bbox 225 2499 329 2523; x_wconf 85' lang='lat' dir='ltr'><strong>senex</strong></span> <span class='ocrx_word' id='word_1_359' title='bbox 354 2489 383 2522; x_wconf 84' lang='lat' dir='ltr'><strong>is</strong></span> <span class='ocrx_word' id='word_1_360' title='bbox 407 2496 484 2523; x_wconf 87' lang='lat' dir='ltr'><strong>erat</strong></span> <span class='ocrx_word' id='word_1_361' title='bbox 507 2502 693 2535; x_wconf 84' lang='lat' dir='ltr'><strong>prosperae</strong></span> <span class='ocrx_word' id='word_1_362' title='bbox 715 2491 917 2524; x_wconf 82' lang='lat' dir='ltr'><strong>valetudinis</strong></span> <span class='ocrx_word' id='word_1_363' title='bbox 941 2491 1134 2536; x_wconf 88' lang='lat' dir='ltr'><strong>specieique</strong></span> <span class='ocrx_word' id='word_1_364' title='bbox 1157 2489 1389 2531; x_wconf 84' lang='lat' dir='ltr'><strong>venerandae,</strong></span> <span class='ocrx_word' id='word_1_365' title='bbox 1413 2489 1466 2523; x_wconf 85' lang='lat' dir='ltr'><strong>vir</strong></span> <span class='ocrx_word' id='word_1_366' title='bbox 1483 2494 1691 2531; x_wconf 73' lang='lat' dir='ltr'><strong>mansuetus,</strong></span> 
     </span>
     <span class='ocr_line' id='line_1_39' title="bbox 225 2534 1693 2582; baseline 0.001 -15"><span class='ocrx_word' id='word_1_367' title='bbox 225 2534 410 2568; x_wconf 81' lang='lat' dir='ltr'><strong>modestiae</strong></span> <span class='ocrx_word' id='word_1_368' title='bbox 440 2536 474 2568; x_wconf 90' lang='lat' dir='ltr'><strong>in</strong></span> <span class='ocrx_word' id='word_1_369' title='bbox 507 2537 660 2570; x_wconf 90' lang='lat' dir='ltr'><strong>omnibus</strong></span> <span class='ocrx_word' id='word_1_370' title='bbox 694 2537 937 2582; x_wconf 78' lang='lat' dir='ltr'><strong>compositique</strong></span> <span class='ocrx_word' id='word_1_371' title='bbox 961 2537 1049 2570; x_wconf 82' lang='lat' dir='ltr'><strong>citra</strong></span> <span class='ocrx_word' id='word_1_372' title='bbox 1073 2542 1234 2570; x_wconf 85' lang='lat' dir='ltr'><strong>tumorem</strong></span> <span class='ocrx_word' id='word_1_373' title='bbox 1257 2547 1298 2570; x_wconf 84' lang='lat' dir='ltr'><strong>ac</strong></span> <span class='ocrx_word' id='word_1_374' title='bbox 1320 2536 1445 2570; x_wconf 74' lang='lat' dir='ltr'><strong>fastum</strong></span> <span class='ocrx_word' id='word_1_375' title='bbox 1476 2535 1600 2577; x_wconf 85' lang='lat' dir='ltr'><strong>animi,</strong></span> <span class='ocrx_word' id='word_1_376' title='bbox 1627 2546 1693 2569; x_wconf 85' lang='lat' dir='ltr'><strong>nec</strong></span> 
     </span>
     <span class='ocr_line' id='line_1_40' title="bbox 225 2580 1694 2627; baseline 0.001 -13"><span class='ocrx_word' id='word_1_377' title='bbox 225 2591 292 2614; x_wconf 90' lang='lat' dir='ltr'><strong>non</strong></span> <span class='ocrx_word' id='word_1_378' title='bbox 324 2580 516 2615; x_wconf 78' lang='lat' dir='ltr'><strong>mitissimae</strong></span> <span class='ocrx_word' id='word_1_379' title='bbox 551 2582 751 2616; x_wconf 86' lang='lat' dir='ltr'><strong>clementiae</strong></span> <span class='ocrx_word' id='word_1_380' title='bbox 781 2583 949 2627; x_wconf 87' lang='lat' dir='ltr'><strong>specimen</strong></span> <span class='ocrx_word' id='word_1_381' title='bbox 974 2594 1056 2626; x_wconf 89' lang='lat' dir='ltr'><strong>prae</strong></span> <span class='ocrx_word' id='word_1_382' title='bbox 1078 2583 1203 2616; x_wconf 85' lang='lat' dir='ltr'><strong>ferens.</strong></span> <span class='ocrx_word' id='word_1_383' title='bbox 1249 2588 1400 2626; x_wconf 83' lang='lat' dir='ltr'><strong>tempore</strong></span> <span class='ocrx_word' id='word_1_384' title='bbox 1422 2581 1480 2614; x_wconf 92' lang='lat' dir='ltr'><strong>illo</strong></span> <span class='ocrx_word' id='word_1_385' title='bbox 1502 2582 1618 2615; x_wconf 80' lang='lat' dir='ltr'><strong>factae</strong></span> <span class='ocrx_word' id='word_1_386' title='bbox 1638 2580 1694 2615; x_wconf 85' lang='lat' dir='ltr'><strong>in-</strong></span> 
     </span>
     <span class='ocr_line' id='line_1_41' title="bbox 226 2625 1694 2672; baseline 0.001 -13"><span class='ocrx_word' id='word_1_387' title='bbox 226 2625 321 2670; x_wconf 83' lang='lat' dir='ltr'><strong>genti</strong></span> <span class='ocrx_word' id='word_1_388' title='bbox 343 2626 528 2661; x_wconf 80' lang='lat' dir='ltr'><strong>offensione</strong></span> <span class='ocrx_word' id='word_1_389' title='bbox 550 2629 760 2662; x_wconf 86' lang='lat' dir='ltr'><strong>Graecorum</strong></span> <span class='ocrx_word' id='word_1_390' title='bbox 780 2639 853 2662; x_wconf 92' lang='lat' dir='ltr'><strong>cum</strong></span> <span class='ocrx_word' id='word_1_391' title='bbox 873 2627 1009 2661; x_wconf 82' lang='lat' dir='ltr'><strong>Latinis</strong></span> <span class='ocrx_word' id='word_1_392' title='bbox 1030 2627 1137 2672; x_wconf 87' lang='lat' dir='ltr'><strong>pacis,</strong></span> <span class='ocrx_word' id='word_1_393' title='bbox 1162 2639 1235 2661; x_wconf 91' lang='lat' dir='ltr'><strong>cum</strong></span> <span class='ocrx_word' id='word_1_394' title='bbox 1257 2627 1441 2672; x_wconf 83' lang='lat' dir='ltr'><strong>imperator</strong></span> <span class='ocrx_word' id='word_1_395' title='bbox 1463 2627 1498 2660; x_wconf 92' lang='lat' dir='ltr'><strong>in</strong></span> <span class='ocrx_word' id='word_1_396' title='bbox 1520 2626 1694 2672; x_wconf 86' lang='lat' dir='ltr'><strong>proprium</strong></span> 
     </span>
     <span class='ocr_line' id='line_1_42' title="bbox 227 2673 1695 2718; baseline 0.001 -12"><span class='ocrx_word' id='word_1_397' title='bbox 227 2673 463 2707; x_wconf 82' lang='lat' dir='ltr'><strong>monasterium</strong></span> <span class='ocrx_word' id='word_1_398' title='bbox 487 2678 599 2708; x_wconf 76' lang='lat' dir='ltr'><strong>certos</strong></span> <span class='ocrx_word' id='word_1_399' title='bbox 624 2674 774 2708; x_wconf 85' lang='lat' dir='ltr'><strong>homines</strong></span> <span class='ocrx_word' id='word_1_400' title='bbox 797 2673 943 2707; x_wconf 77' lang='lat' dir='ltr'><strong>misisset</strong></span> <span class='ocrx_word' id='word_1_401' title='bbox 965 2674 1076 2707; x_wconf 78' lang='lat' dir='ltr'><strong>iussos</strong></span> <span class='ocrx_word' id='word_1_402' title='bbox 1099 2675 1278 2718; x_wconf 83' lang='lat' dir='ltr'><strong>explorare</strong></span> <span class='ocrx_word' id='word_1_403' title='bbox 1302 2673 1398 2707; x_wconf 89' lang='lat' dir='ltr'><strong>cuius</strong></span> <span class='ocrx_word' id='word_1_404' title='bbox 1421 2680 1535 2707; x_wconf 77' lang='lat' dir='ltr'><strong>essent</strong></span> <span class='ocrx_word' id='word_1_405' title='bbox 1556 2675 1695 2708; x_wconf 83' lang='lat' dir='ltr'><strong>senten-</strong></span> 
     </span>
     <span class='ocr_line' id='line_1_43' title="bbox 226 2717 1694 2765; baseline 0.001 -14"><span class='ocrx_word' id='word_1_406' title='bbox 226 2718 295 2752; x_wconf 86' lang='lat' dir='ltr'><strong>tiae</strong></span> <span class='ocrx_word' id='word_1_407' title='bbox 326 2719 500 2762; x_wconf 85' lang='lat' dir='ltr'><strong>monachi,</strong></span> <span class='ocrx_word' id='word_1_408' title='bbox 531 2720 729 2754; x_wconf 83' lang='lat' dir='ltr'><strong>denuntiato</strong></span> <span class='ocrx_word' id='word_1_409' title='bbox 765 2719 894 2753; x_wconf 84' lang='lat' dir='ltr'><strong>cunctis</strong></span> <span class='ocrx_word' id='word_1_410' title='bbox 917 2720 992 2753; x_wconf 75' lang='lat' dir='ltr'><strong>fore</strong></span> <span class='ocrx_word' id='word_1_411' title='bbox 1015 2724 1053 2753; x_wconf 84' lang='lat' dir='ltr'><strong>ut</strong></span> <span class='ocrx_word' id='word_1_412' title='bbox 1076 2731 1275 2765; x_wconf 87' lang='lat' dir='ltr'><strong>permanere</strong></span> <span class='ocrx_word' id='word_1_413' title='bbox 1296 2719 1331 2754; x_wconf 90' lang='lat' dir='ltr'><strong>in</strong></span> <span class='ocrx_word' id='word_1_414' title='bbox 1354 2720 1427 2754; x_wconf 89' lang='lat' dir='ltr'><strong>loco</strong></span> <span class='ocrx_word' id='word_1_415' title='bbox 1451 2719 1644 2753; x_wconf 83' lang='lat' dir='ltr'><strong>sinerentur</strong></span> <span class='ocrx_word' id='word_1_416' title='bbox 1664 2717 1694 2751; x_wconf 82' lang='lat' dir='ltr'><strong>ii</strong></span> 
     </span>
     <span class='ocr_line' id='line_1_44' title="bbox 227 2763 1694 2810; baseline 0.002 -14"><span class='ocrx_word' id='word_1_417' title='bbox 227 2763 334 2798; x_wconf 86' lang='lat' dir='ltr'><strong>solum</strong></span> <span class='ocrx_word' id='word_1_418' title='bbox 357 2764 415 2810; x_wconf 87' lang='lat' dir='ltr'><strong>qui</strong></span> <span class='ocrx_word' id='word_1_419' title='bbox 438 2766 605 2801; x_wconf 82' lang='lat' dir='ltr'><strong>voluntati</strong></span> <span class='ocrx_word' id='word_1_420' title='bbox 629 2766 772 2810; x_wconf 77' lang='lat' dir='ltr'><strong>Augusti</strong></span> <span class='ocrx_word' id='word_1_421' title='bbox 795 2777 889 2800; x_wconf 84' lang='lat' dir='ltr'><strong>suam</strong></span> <span class='ocrx_word' id='word_1_422' title='bbox 912 2765 1167 2810; x_wconf 86' lang='lat' dir='ltr'><strong>subiungerent,</strong></span> <span class='ocrx_word' id='word_1_423' title='bbox 1192 2765 1251 2810; x_wconf 88' lang='lat' dir='ltr'><strong>qui</strong></span> <span class='ocrx_word' id='word_1_424' title='bbox 1275 2769 1394 2808; x_wconf 80' lang='lat' dir='ltr'><strong>contra</strong></span> <span class='ocrx_word' id='word_1_425' title='bbox 1417 2765 1597 2806; x_wconf 81' lang='lat' dir='ltr'><strong>sentirent,</strong></span> <span class='ocrx_word' id='word_1_426' title='bbox 1620 2767 1694 2799; x_wconf 75' lang='lat' dir='ltr'><strong>sta-</strong></span> 
     </span>
     <span class='ocr_line' id='line_1_45' title="bbox 227 2808 1695 2859; baseline 0.001 -17"><span class='ocrx_word' id='word_1_427' title='bbox 227 2808 289 2843; x_wconf 85' lang='lat' dir='ltr'><strong>tim</strong></span> <span class='ocrx_word' id='word_1_428' title='bbox 313 2810 535 2854; x_wconf 85' lang='lat' dir='ltr'><strong>eiicereutur,</strong></span> <span class='ocrx_word' id='word_1_429' title='bbox 559 2812 648 2848; x_wconf 84' lang='lat' dir='ltr'><strong>inter</strong></span> <span class='ocrx_word' id='word_1_430' title='bbox 671 2823 794 2859; x_wconf 87' lang='lat' dir='ltr'><strong>parere</strong></span> <span class='ocrx_word' id='word_1_431' title='bbox 817 2816 1015 2847; x_wconf 79' lang='lat' dir='ltr'><strong>recusantes</strong></span> <span class='ocrx_word' id='word_1_432' title='bbox 1039 2812 1183 2847; x_wconf 82' lang='lat' dir='ltr'><strong>Cosmas</strong></span> <span class='ocrx_word' id='word_1_433' title='bbox 1205 2811 1261 2846; x_wconf 84' lang='lat' dir='ltr'><strong>hic</strong></span> <span class='ocrx_word' id='word_1_434' title='bbox 1284 2811 1358 2846; x_wconf 80' lang='lat' dir='ltr'><strong>suit.</strong></span> <span class='ocrx_word' id='word_1_435' title='bbox 1406 2811 1496 2846; x_wconf 83' lang='lat' dir='ltr'><strong>uude</strong></span> <span class='ocrx_word' id='word_1_436' title='bbox 1518 2813 1598 2857; x_wconf 69' lang='lat' dir='ltr'><strong>pont</strong></span> <span class='ocrx_word' id='word_1_437' title='bbox 1620 2810 1695 2845; x_wconf 85' lang='lat' dir='ltr'><strong>lon-</strong></span> 
     </span>
    </p>
   </div>
  </div>
 </body>
</html>
