1858 3126
326 178 425 231 840

345 282 421 310 Anni
468 281 615 307 Romano-

346 315 419 343 Chr.
462 321 526 340 rum
544 311 622 339 Pon-

329 453 435 494 1290

334 1386 433 1426 1291

478 344 604 406 &3253-

516 411 562 439 ιν

541 451 566 493 3

543 1381 569 1422 4

711 171 1017 218 OBSERVAT.
1049 138 1358 214 PActiYMER.

646 276 804 312 lmptho-

687 318 764 338 man.

647 375 806 405 Andronici

727 449 754 489 8

906 278 1155 319 Andronicus
1181 277 1353 317 Veccum
1378 283 1418 316 et
1443 279 1567 318 socios
1597 289 1754 316 carcere

853 336 1013 374 eductos
1032 333 1253 373 humaniter
1276 332 1460 382 admittit,
1487 334 1667 372 comitate
1685 333 1755 370 illa

853 404 1083 444 praeparare
1099 390 1188 428 illos
1206 389 1368 431 studens
1381 388 1432 427 ad
1443 388 1755 440 amplectendum

853 447 1031 486 schisma.
1088 458 1200 497 quem
1223 444 1266 482 in
1291 444 1407 483 finem
1434 443 1577 483 iterum
1601 454 1758 495 quoque

852 502 1012 555 Lopadii
1042 514 1107 540 eos
1139 501 1334 539 allocutus
1358 505 1430 538 est.
1483 500 1511 542 1.
1537 505 1559 542 1
1586 512 1620 538 c.
1637 501 1693 540 36
1717 512 1757 549 p.

853 558 905 600 64
923 564 962 597 et
980 558 1046 601 65.
1101 557 1170 595 sed
1200 561 1374 594 tractatu
1410 569 1493 594 non
1526 554 1759 593 succedente

851 614 1132 706 relinquuntur
1158 612 1200 650 in
1230 624 1405 659 carcere,
1443 617 1487 650 ut
1523 609 1759 661 intelligitur

851 683 901 709 ex
922 684 956 711 c.
975 672 1029 711 29
1065 698 1074 707 .
1094 671 1132 710 3.

906 737 1124 788 Imperator
1157 735 1299 773 collata
1330 733 1536 772 Theodoro
1564 731 1760 771 Muzaloni

851 805 988 843 magno
1012 790 1232 841 logothetae
1249 788 1539 841 protovestiarii
1559 787 1760 838 dignitate,

850 847 1122 900 Nymphaeum
1142 845 1323 898 pervenit
1341 845 1413 883 sub
1430 844 1548 883 finem
1566 843 1669 882 Maii.
1696 843 1761 885 1.2

851 917 885 942 e.
906 906 970 945 18.
1026 903 1158 954 ibique
1175 901 1300 953 spatio
1318 900 1409 952 plus
1424 913 1554 939 annuo
1572 904 1759 947 moratur,

844 963 896 998 'ut
919 958 1158 1008 intelligitur
1181 971 1230 995 ex
1253 970 1338 1008 cap.
1361 955 1549 1006 sequenti.
1603 954 1696 995 vide
1722 959 1762 993 et

852 1027 886 1055 c.
909 1018 936 1056 2
955 1015 985 1054 1.
1006 1014 1122 1051 huius
1142 1013 1309 1053 Observ.
1327 1015 1352 1053 3
1374 1025 1413 1050 n.
1430 1015 1472 1054 7.

907 1079 1186 1119 Constantinus
1204 1077 1565 1129 Porphyrogenitus
1591 1076 1760 1128 impera-

851 1137 950 1175 toris
978 1137 1099 1174 frater
1120 1133 1338 1186 Nymphaei
1365 1133 1529 1184 Augusti
1548 1132 1670 1182 gratia
1691 1145 1763 1170 ex-

854 1191 950 1230 cidit
965 1222 975 1240 ,
1005 1198 1044 1230 et
1071 1191 1168 1228 dure
1198 1203 1243 1227 ac
1268 1189 1522 1241 contemptim
1546 1188 1593 1225 ab
1612 1200 1658 1226 eo
1678 1193 1764 1226 tra-

853 1253 996 1286 ctatur.
1051 1246 1078 1285 l.
1098 1248 1125 1287 2
1145 1258 1178 1283 c.
1201 1248 1252 1287 19
1271 1259 1308 1296 p.
1331 1245 1409 1287 105
1433 1250 1473 1283 et
1491 1256 1569 1294 seq.

910 1379 1188 1418 Constantinus
1214 1376 1574 1429 Porphyrogenitus
1595 1375 1766 1414 affectati

853 1435 1007 1487 imperii
1036 1435 1187 1473 delatus
1214 1446 1344 1471 mense
1367 1431 1508 1470 Martio
1529 1431 1644 1470 huius
1668 1429 1764 1468 anni

857 1491 1055 1530 custodiae
1081 1489 1253 1528 traditur
1271 1501 1348 1527 una
1369 1501 1459 1526 cum
1478 1486 1762 1538 Strategopulo.

855 1548 882 1585 1.
900 1551 927 1588 2
949 1561 980 1584 e.
1005 1549 1052 1587 19
1074 1559 1114 1596 p.
1134 1547 1224 1586 108.

887 1628 891 1632 -
914 1610 1257 1662 Constantinopoli
1275 1609 1379 1646 circa
1398 1608 1568 1646 medium
1586 1608 1765 1646 Novem-

854 1668 963 1705 brem
991 1667 1121 1703 forum
1151 1677 1333 1715 magnum
1355 1677 1445 1701 casu
1466 1669 1602 1701 exorto
1619 1663 1765 1702 incen—

856 1722 920 1760 dio
945 1720 1171 1770 conflagrat.
1226 1720 1253 1757 1.
1272 1723 1300 1760 2
1320 1731 1353 1755 c.
1371 1718 1438 1759 25.

910 1777 957 1815 In
977 1774 1250 1814 restaurandas
1270 1774 1351 1812 eius
1367 1772 1539 1811 incendii
1553 1772 1688 1812 ruinas
1705 1772 1766 1811 ci-

858 1844 925 1870 ves
948 1838 1103 1870 strenue
1121 1830 1365 1869 incumbunt.
1421 1828 1516 1867 ibid.

911 1886 1145 1926 Athanasius
1163 1884 1385 1938 patriarcha
1400 1882 1690 1922 Alexandrinus
1705 1882 1766 1921 in.

856 1942 977 1981 iurias
1003 1941 1079 1993 ipsi
1107 1941 1155 1979 ab
1178 1939 1389 1979 Athanasio
1412 1938 1768 1990 Constantinopoli-

860 2005 952 2036 tano
983 1998 1113 2036 illatas
1141 2010 1223 2035 non
1248 1997 1375 2034 ferens
1400 1995 1583 2034 Rhodum
1609 1993 1767 2033 secedit.

858 2055 1042 2096 L3Q5

917 2109 1028 2147 Circa
1047 2108 1124 2146 hoc
1151 2114 1306 2159 tempus
1326 2105 1449 2145 Melec
1467 2104 1596 2143 Masur
1615 2102 1767 2142 Azatini

860 2164 1031 2203 Sultanis
1057 2163 1183 2213 filius,
1211 2168 1307 2214 post
1334 2161 1457 2214 patris
1479 2166 1663 2205 mortem,
1693 2171 1766 2196 au-

860 2220 958 2258 xilio
986 2219 1149 2270 Arganis
1175 2217 1442 2256 Tocharorum
1474 2216 1616 2264 Kanis,
1653 2214 1766 2264 'rhy-

861 2288 1019 2314 maenae
1057 2275 1161 2312 ultra
1187 2275 1352 2312 Pontum
1380 2271 1579 2310 Euxinum
1604 2275 1642 2307 et
1669 2268 1765 2307 locis

864 2329 1095 2369 circumsitis
1111 2329 1344 2377 dominatus,
1364 2327 1512 2376 magnis
1530 2324 1669 2364 deinde
1687 2324 1768 2361 cla-

865 2386 978 2424 dibus
996 2385 1044 2423 ab
1063 2385 1225 2422 Amurio
1244 2391 1398 2432 satrapa
1418 2381 1683 2420 Tocharorum
1700 2392 1767 2416 va-

863 2441 954 2479 lidis
991 2441 1114 2492 copiis
1148 2440 1281 2478 adiuto
1308 2438 1486 2485 affectus,
1521 2434 1688 2486 supplex
1716 2433 1767 2471 ad

865 2495 1132 2534 Andronicum
1158 2496 1427 2546 imperatorem
1457 2503 1544 2528 cum
1572 2502 1696 2527 uxore
1722 2502 1766 2526 ac

864 2550 999 2601 liberis
1031 2551 1216 2600 confugit.
1273 2548 1342 2587 sed
1365 2560 1409 2585 eo
1429 2544 1769 2596 Constantinopoli

867 2619 948 2643 non
972 2611 1146 2656 reperto,
1177 2605 1271 2642 dum
1297 2615 1421 2640 uxore
1446 2602 1488 2639 in
1511 2600 1609 2639 urbe
1628 2600 1768 2638 relicta

867 2660 1136 2711 Nymphaeum
1170 2660 1219 2697 ad
1256 2671 1363 2708 eum,
1400 2656 1528 2694 accitu
1558 2655 1704 2706 ipsius,
1745 2668 1769 2695 a

868 2713 1173 2767 prothieracario
1189 2713 1436 2765 imperatoris
1447 2713 1684 2762 Abrampace
1698 2710 1769 2749 du-

872 2771 1000 2821 citur,
1029 2769 1201 2810 offensus
1229 2769 1274 2808 in
1297 2769 1436 2809 itinere
1465 2766 1664 2807 observari
1689 2778 1729 2806 se
1747 2778 1770 2803 a
