1820 3112
167 127 266 173 262
590 121 826 167 GEORGII
853 121 1206 177 PAcmMEms

167 239 294 299 φόνον
332 238 460 294 μηδὲν
494 239 702 292 προσῆκον
741 234 809 278 διὰ
839 235 914 291 τὴν
948 238 1024 291 τῆς
1056 233 1322 292 συνειδήσεως
1348 233 1636 294 καθαρότητα.

166 313 300 353 ταῦτα
321 306 444 363 λέγων
463 304 730 359 ἀντετεχνᾶτο
759 303 964 358 κάκεῖνος,
1000 307 1067 348 καὶ
1093 304 1169 360 τὴν
1187 303 1321 349 εῗκόνα
1337 310 1413 350 τοῦ
1426 304 1639 365 μάρτυρος

168 378 303 436 φέρων
336 371 555 431 ἐπευφήμει
588 373 688 424 τοὺς
717 377 914 428 βασιλεῖς.
987 375 1053 416 καὶ
1086 373 1229 417 λοιπὸν
1260 373 1471 432 ἄπρακτον
1493 376 1568 430 μὲν
1586 372 1638 432 ἦν

29 454 54 486 Ρ
80 455 145 491 177
169 446 310 495 αὐτοῖς
329 443 376 487 τὸ
399 444 631 500 ἐγχείρημα,
669 449 849 486 συνεῖναι
870 442 914 485 δ’
940 443 1103 493 ε’κείνοις
1122 441 1270 498 ἥκιστα
1289 443 1474 502 ἀσφαλὲς
1493 442 1634 490 ἐδόκει.

169 514 269 559 ὅθεν
294 515 362 557 καὶ
382 516 521 556 πᾶσαν
550 512 667 569 ἀφεὶς
689 511 832 567 ένοχὴν
855 511 1092 569 προστρέχει
1112 516 1171 571 τῷ
1194 517 1358 566 βασιλεῖ
1377 517 1429 571 τῇ
1457 516 1673 562 nohum-5

166 580 324 642 ὀρούσῃ
344 579 458 625 πόλει
479 581 760 639 Θεσσαλονίκῃ
784 581 1094 638 ἐνδιατρίβοντι.
1146 581 1251 625 ἀλλὰ
1269 586 1403 625 ταῦτα
1423 583 1499 637 μὲν
1518 580 1640 626 ῧστε-
1666 590 1669 598 “

167 671 266 711 ρον,
305 650 407 695 καθ’
441 649 487 694 ὃν
521 650 663 707 καιρὸν
687 647 740 692 τά
773 650 812 693 οἳ
839 654 1137 706 στρατηγοῦντι
1155 651 1414 706 πεπονημένα
1433 651 1640 695 ἐσπουδα-

167 721 325 777 σμένως
346 724 422 776 τῆς
441 723 522 763 τῶν
545 721 627 762 ἐκεῖ
642 716 895 776 πραγμάτων
917 716 1219 776 κατορθώσεως
1234 717 1357 778 χάριν
1376 719 1640 776 ἆθετηθέντα

168 792 235 835 καὶ
268 791 325 840 εἷς
355 788 472 832 οὐδὲν
502 788 748 845 λογισθέντα
767 788 879 845 παρὰ
904 792 986 831 τῶν
1006 789 1180 839 ἐσαῦθις
1197 789 1464 845 πεμπομένων
1483 789 1640 846 πολλὴν

166 859 241 916 τὴν
269 856 403 914 λύμην
430 857 622 900 ἐνέδοσαν
653 858 863 915 γίνεσθαι,
901 855 1167 914 ὑπερημέρων
1187 859 1262 913 μὲν
1285 860 1352 901 καὶ
1374 863 1458 902 τῶν
1482 863 1640 915 μισθο-
1652 866 1696 902 10

117 939 146 972 Β
172 931 328 987 φοριῶν
359 925 579 983 γινομένων
609 923 881 983 στρατιώταις
906 926 1019 982 παρὰ
1041 931 1123 970 τῶν
1146 926 1240 970 κατ’
1266 927 1472 983 ἀνατολὴν
1494 931 1641 971 συλλε-

165 995 321 1054 γόντων
335 993 556 1053 χρήματα,
595 995 907 1050 ε’λλελειμμένων
928 996 973 1039 δὲ
993 997 1058 1038 καὶ
1080 999 1163 1039 τῶν
1180 997 1380 1040 πλείστων
1403 997 1447 1039 ἐκ
1464 1001 1540 1052 τῆς
1557 1000 1642 1040 τῶν

166 1063 432 1124 προυχόντων
450 1066 541 1121 περὶ
563 1063 670 1107 αὐτοὶ
690 1066 959 1121 σφετερῖσεως
969 1097 983 1118 ,
1017 1066 1084 1108 καὶ
1101 1069 1184 1109 τῶν
1202 1069 1431 1121 πολεμικῶν
1451 1066 1641 1110 ἐντεῦθεν

168 1134 457 1190 ἀμελουμένων
476 1133 582 1176 κατὰ
603 1133 650 1177 τὸ
671 1133 776 1183 εῗκὸς
793 1131 993 1190 πράξεων.

27 1215 54 1248 Ρ
82 1215 145 1250 178
309 1204 389 1250 26,
459 1205 565 1260 Περὶ
587 1202 634 1245 δέ
649 1218 691 1258 γε
711 1206 792 1245 τῶν
810 1203 983 1259 βορείων
1006 1198 1207 1258 Τοχάρων
1233 1202 1292 1262 (οἳ
1313 1202 1392 1260 γὰρ
1414 1201 1512 1246 κατ’
1537 1201 1640 1245 ἄνα-
1653 1206 1696 1242 15

166 1272 290 1328 τολὴν
312 1271 383 1316 τὸν
406 1269 600 1327 Καζάνην
620 1269 748 1326 εἶχον,
781 1269 837 1321 ὥς
857 1270 976 1314 αὐτοὶ
999 1278 1119 1328 φαῖεν
1141 1270 1215 1324 ἄν,
1252 1269 1400 1324 mim,
1437 1269 1484 1321 ὃς
1502 1270 1554 1326 δὴ
1573 1272 1642 1314 καὶ

169 1343 212 1386 ἐκ
237 1345 417 1384 Χαλαοῧ
445 1358 489 1384 τε
521 1342 588 1383 καὶ
612 1339 769 1397 Ἀπαγᾶ
799 1339 847 1383 τὸ
877 1339 991 1397 γένος
1022 1339 1196 1397 κατῆγε)
1220 1341 1317 1396 ’περὶ
1348 1343 1448 1397 γοῦν
1480 1340 1641 1384 ἐκείνων

169 1410 283 1462 ἄξιον
301 1409 464 1454 ἄνωθεν
483 1411 672 1454 διελθεῖν.
745 1407 767 1452 ὅ
789 1410 926 1452 τοίνυν
950 1411 1114 1466 Νογᾶς,
1150 1410 1240 1467 περὶ
1269 1403 1319 1452 οὗ
1349 1410 1418 1452 καὶ
1441 1406 1642 1467 πρότερον

169 1543 248 1576 labe
271 1540 500 1576 conscientiae
522 1540 641 1575 veraci
664 1541 858 1575 testimonio
880 1540 1153 1576 innocentissimi.
1163 1540 1184 1557 ”
1230 1540 1313 1575 talia
1336 1540 1492 1585 locutus,
1524 1543 1566 1576 ut
1586 1541 1642 1576 in-

169 1587 274 1622 festis
297 1587 598 1621 machinationibus
619 1587 774 1621 invidiae
803 1599 884 1621 suas
906 1593 1027 1621 contra
1049 1587 1126 1633 ipse
1153 1597 1289 1632 quoque
1316 1590 1409 1621 artes
1441 1590 1642 1633 opponeret,

171 1633 307 1668 sublata
338 1633 376 1667 in
406 1643 524 1667 manus
557 1633 693 1679 alteque
726 1637 863 1667 ostensa
889 1633 1035 1677 imagine
1065 1633 1251 1677 martyris,
1286 1634 1476 1668 acclamare
1496 1633 1640 1668 salutem

170 1679 433 1725 imperatoribus
465 1679 555 1724 patri
585 1682 620 1712 et
650 1678 723 1713 filio
755 1680 938 1724 faustaque
961 1680 1124 1713 ambobus
1149 1678 1284 1724 precari
1307 1679 1418 1713 omnia
1440 1679 1535 1714 clara
1554 1691 1643 1715 voce

171 1725 308 1770 saepius
331 1724 540 1769 ingeminans
563 1724 698 1759 institit.
744 1725 795 1759 sic
816 1724 871 1759 illo
903 1725 1079 1759 seditionis
1108 1725 1236 1771 impetu
1268 1727 1426 1772 repulso,
1457 1725 1560 1760 facile
1587 1725 1641 1759 in·

171 1772 327 1816 telligens
359 1771 448 1805 haud
472 1774 546 1806 tuto
570 1771 630 1805 diu
659 1782 699 1805 se
719 1782 821 1816 posse
844 1771 1040 1805 consistere
1054 1771 1088 1804 in
1111 1775 1182 1805 tam
1212 1770 1510 1805 infensorumrsibi
1532 1770 1642 1806 homi-

172 1829 251 1852 num
275 1817 516 1861 contubernio,
549 1817 593 1851 ad
618 1818 804 1862 Augustum
831 1817 867 1851 in
888 1816 1160 1862 frequentissima
1181 1816 1533 1852 Thessalonicensium
1555 1817 1644 1861 urbe

173 1869 256 1898 tunc
275 1864 453 1910 degentem
485 1864 587 1909 (nam
612 1864 717 1905 haec,
741 1867 780 1897 ut
802 1863 980 1905 admonui,
1003 1862 1173 1909 posterius
1197 1867 1275 1898 sunt
1297 1863 1422 1907 gesta)
1453 1862 1646 1898 Thessalo-

172 1910 303 1953 nicam,
337 1909 496 1955 inquam,
527 1910 571 1944 ad
594 1909 821 1944 Andronicum
842 1921 880 1944 se
901 1909 979 1943 inde
1002 1909 1182 1955 proripuit.
1229 1920 1296 1955 quo
1320 1909 1455 1955 quidem
1476 1912 1644 1955 tempore,

171 1955 304 1990 intento
328 1955 425 1990 unice
447 1956 654 2001 imperatore
677 1956 912 2001 praesentibus
936 1955 1114 1998 curandis,
1139 1960 1175 1989 et
1195 1954 1331 2001 imperii
1354 1955 1445 1990 vires
1469 1956 1543 1990 fere
1565 1955 1643 1990 uni-
1706 1976 1711 1980 -

172 2012 291 2036 versas
322 2001 537 2047 impendente
570 2002 812 2036 constituendis
843 2001 911 2036 illis
932 2001 969 2036 in
1001 2002 1123 2048 quibus
1147 2006 1229 2036 tunc
1252 2002 1457 2036 versabatur
1480 2001 1643 2036 Occiduiz

173 2047 362 2089 tractibus,
394 2048 538 2093 contigit
569 2048 666 2083 brevi
700 2048 815 2094 perire
850 2049 999 2082 fructum
1036 2059 1165 2083 omnem
1198 2059 1326 2093 operae
1357 2059 1379 2082 a
1410 2047 1645 2082 Tarchaniom
1703 2090 1706 2094 .

172 2093 334 2138 prudenti
366 2105 447 2128 suae
479 2095 718 2139 praefecturae
748 2093 923 2129 functione
943 2094 1154 2139 reipublicae
1176 2097 1333 2130 navatae.
1378 2105 1455 2127 narn
1479 2092 1540 2139 qui
1562 2092 1643 2128 hnic
1740 2131 1750 2138 ,

172 2143 412 2174 successerunt
434 2141 476 2174 ab
487 2143 640 2186 Augusto
663 2140 819 2176 submissi
843 2141 887 2175 ad
911 2141 1080 2185 regendas
1103 2139 1298 2175 Orientales
1321 2139 1528 2185 provincias,
1551 2149 1643 2184 quae

175 2184 235 2218 ille
265 2185 365 2218 malis
397 2186 544 2231 publicis
570 2187 786 2222 emendandis
809 2189 1000 2232 opportuna
1023 2187 1198 2233 sapienter
1220 2186 1495 2230 excogitaverat,
1526 2183 1642 2219 fundi-

175 2234 232 2264 tus
255 2230 498 2275 neglexerunt3
534 2244 675 2277 quorum
697 2233 880 2268 salubritas
903 2233 1135 2267 institutorum
1159 2244 1203 2267 ex
1225 2232 1321 2277 gravi
1343 2230 1516 2277 pernicie,
1537 2240 1641 2275 (luam

173 2276 299 2310 sensim
322 2275 358 2310 in
381 2277 634 2313 desuetudinem
658 2280 819 2314 abeuntia
849 2291 994 2325 moxque
1016 2279 1111 2314 nihili
1133 2279 1253 2313 habita
1274 2277 1328 2312 sui
1351 2275 1536 2311 abolitione
1558 2286 1642 2310 con-

175 2326 374 2367 temptuque
408 2323 442 2356 in
477 2325 718 2369 rempublicam
750 2329 986 2368 attraxerunt,
1017 2337 1094 2360 sero
1125 2325 1237 2370 potuit
1256 2321 1418 2369 perspici.
1462 2333 1540 2356 nam
1564 2332 1641 2356 cnm

175 2367 347 2413 stipendia
374 2380 439 2402 non
470 2371 612 2416 amplius
647 2372 691 2406 ad
722 2371 810 2406 diem
834 2371 994 2406 militibus
1016 2371 1229 2406 solverentur
1251 2370 1295 2403 ab
1317 2368 1359 2403 iis
1382 2366 1440 2413 qui
1464 2366 1642 2412 vectigali-

176 2413 241 2447 bus
275 2425 338 2458 per
369 2413 446 2448 illos
481 2420 614 2451 tractus
647 2417 822 2461 exigendis
845 2422 944 2451 erant
966 2416 1174 2462 praepositi,
1205 2415 1299 2461 quod
1327 2413 1470 2459 pecunia
1503 2413 1642 2460 publica

177 2458 306 2505 rapinis
337 2458 489 2505 ipsorum
521 2468 557 2496 et
583 2463 670 2508 ipsis
701 2463 910 2498 consciorum
940 2463 1112 2497 imminuta
1143 2471 1355 2507 nequaquam
1379 2459 1421 2494 ad
1443 2459 1478 2493 id
1501 2459 1643 2493 suffice-s
1675 2501 1677 2508 k

178 2509 252 2547 ret,
283 2505 424 2550 dilapsis
454 2512 597 2552 propter
620 2509 765 2555 inopiam
787 2508 1020 2554 praesidiariis
1040 2507 1230 2542 functiones
1249 2506 1317 2540 illic
1341 2516 1455 2540 omnes
1475 2505 1642 2540 militares

177 2556 416 2593 cessaverunt,
449 2557 609 2598 totusque
642 2556 714 2590 sine
735 2555 805 2589 ulla
828 2554 982 2588 custodia
1005 2553 1194 2588 Orientalis
1217 2553 1313 2587 limes
1347 2551 1491 2586 hostium
1513 2551 1644 2587 barba-

178 2607 291 2631 rorum
314 2597 430 2632 liberis
452 2597 701 2635 incursionibus
725 2601 933 2635 condonatus
954 2600 990 2633 in
1014 2600 1174 2644 praedam
1198 2602 1260 2633 est.
1645 2621 1651 2625 ι

269 2643 325 2678 26.
371 2643 425 2677 De
447 2644 641 2679 borealibus
672 2658 775 2692 porro
797 2645 966 2681 Tocharis
999 2647 1092 2690 (nam
1124 2645 1307 2680 orientales
1336 2643 1523 2689 principem
1554 2642 1642 2684 sive,

180 2690 218 2720 ut
239 2687 306 2732 ipsi
329 2688 532 2735 loquuntur,
554 2691 677 2734 Kanin,
700 2693 933 2737 agnoscebant
955 2692 1136 2734 Cazanem,
1161 2691 1220 2737 qui
1244 2702 1286 2725 ex
1309 2690 1439 2724 chalan
1462 2693 1498 2724 et
1519 2689 1642 2734 Apaga

178 2733 370 2769 deducebat
391 2735 514 2780 genus)
538 2736 582 2770 de
602 2737 688 2779 illis,
708 2738 866 2785 inquam,
890 2737 948 2784 qui
971 2737 1254 2783 septentrionales
1275 2735 1474 2771 obtinebant
1494 2739 1641 2778 tractus,

179 2782 232 2812 est
254 2781 344 2825 quod
368 2781 466 2816 modo
489 2783 638 2828 repetito
662 2784 764 2829 paulo
786 2785 888 2820 altius
909 2783 1075 2831 principio
1095 2794 1280 2819 narremus.
1326 2782 1446 2827 Nugas
1466 2781 1582 2827 igitur,
1599 2781 1642 2815 de
