1858 3126
338 139 414 182 DE
447 133 777 180 ANDRONICO
805 130 1180 175 PALAEOLOGO
1212 130 1263 172 L.
1286 127 1364 173 IV.
1503 127 1598 172 335

137 254 309 311 Πέρσας
336 253 403 295 καὶ
431 247 731 306 διασπαρέντας
752 246 879 290 ἄλλον
898 245 1082 300 ἀλλαχοῦ
1101 243 1360 299 κατατρέχειν
1388 241 1442 285 τὰ
1468 238 1601 298 πρόσ-

135 339 252 379 χωρα
262 354 275 375 ,
312 325 395 365 τῶν
423 322 588 363 πολλῶν
615 318 804 361 ἐντεῦθεν
821 317 877 366 εἷς
894 315 1043 376 ῥᾳδίαν
1059 313 1271 368 προνομὴν
1290 310 1478 366 κειμένων
1495 309 1601 353 κατὰ

137 390 293 446 πολλὴν
323 389 495 446 ἐρημίαν
524 391 607 430 τῶν
635 382 889 430 κωλυόντων.
959 379 1054 439 ἦρξε
1085 383 1222 425 τοίνυν
1252 385 1387 424 ταῦτα
1416 377 1603 436 μεγάλων

139 464 274 504 κακῶν
302 456 443 514 ἁπάσῃ
469 460 522 514 τῇ
549 452 691 514 χώρᾳ,
730 454 793 496 ἐπὶ
821 458 978 509 καιροῖς
1002 452 1260 507 ἀναγκαίοις,
1297 455 1386 499 τοῖς
1404 452 1489 492 τῶν
1504 464 1606 504 καρ-
1628 453 1658 488 Β

107 535 129 569 5
143 533 228 571 πῶν
250 530 474 583 συλλογῆς,
509 528 593 567 τῶν
611 524 686 578 μὲν
704 521 970 579 ἀπαγομένων
991 524 1074 564 τῶν
1093 520 1138 562 δὲ
1160 518 1457 576 σφαττομένων
1469 549 1484 570 ,
1521 516 1608 560 ἔστι

139 597 184 640 δ’
212 590 270 640 ὧν
295 596 364 638 καὶ
395 590 650 651 φευγόντων,
688 591 730 634 εἶ’
741 608 802 641 τις
820 591 886 634 καὶ
906 589 1247 647 προαπανίστατο
1271 591 1354 630 τῶν
1378 588 1519 630 δεινῶν
1538 587 1606 628 καὶ

139 664 325 723 φρουρίῳ
346 665 422 707 τινὶ
441 662 494 705 τὰ
515 660 620 704 καθ’
645 657 771 703 αὖτόν
790 660 1006 702 ἐπίστευεν.

277 732 356 778 26.
426 729 546 780 Εἶδες
578 729 623 772 δὲ
649 725 741 772 τότε
770 730 838 771 καὶ
865 727 964 778 τοὺς
1003 723 1204 782 ἐνδοτέρω
1228 726 1600 779 σκευαγωγοῦντας,
1627 730 1656 766 P
1681 730 1747 767 231

141 803 208 844 καὶ
228 800 394 857 οἰκτρὰν
411 799 517 842 θέαν
535 797 852 855 περαιουμένους
879 798 935 846 εἷς
968 793 1113 847 πόλιν,
1151 790 1408 849 ἀπογνόντας
1430 791 1509 847 ἤδη
1529 791 1606 847 τὴν

88 877 132 911 10
142 874 225 914 τῶν
246 871 360 913 ῗδίων
379 869 597 923 σωτηρίαν.
668 868 735 910 καὶ
763 865 784 909 ὃ
809 865 1003 922 πορθμὸς
1034 858 1156 913 οὗτος
1176 860 1352 917 ἑκάστης
1369 861 1606 918 μυρμηκιὰν

141 935 376 994 ἀνθρώπων
398 939 466 980 καὶ
484 933 596 990 ζώων
615 935 771 990 ἐδέχετο
783 968 797 988 ,
833 934 908 977 οὐκ
938 933 1035 976 ἄνευ
1055 935 1286 989 συμφορῶν
1304 934 1388 973 τῶν
1403 930 1604 986 μεγίστων

141 1005 479 1063 ἀπαλλαγέντων·
523 1003 620 1048 οὐδὲ
646 1004 726 1061 γὰρ
756 999 807 1059 ἦν
830 1001 943 1053 ὅστις
971 1001 1020 1046 οὗ
1041 1005 1125 1045 τῶν
1153 1001 1266 1044 ἰδίων
1286 996 1512 1056 ἀπεθρήνει
1529 998 1604 1053 τὴν

141 1075 355 1132 στέρησιν,
390 1078 466 1129 τῆς
492 1073 567 1128 μὲν
595 1071 929 1127 ἆνακαλουμένης
961 1070 1033 1114 τὸν
1064 1069 1221 1126 ἄνδρα,
1258 1072 1333 1123 τῆς
1366 1068 1413 1111 δὲ
1428 1067 1500 1111 τὸν
1513 1067 1604 1110 υἱὸν

139 1143 166 1199 ἢ
188 1143 270 1199 μὴν
289 1142 364 1198 τὴν
383 1141 619 1198 θυγατέρα,
655 1140 782 1198 ἄλλης
800 1137 980 1198 ἀδελφόν
999 1156 1044 1182 τε
1063 1140 1131 1182 καὶ
1151 1134 1348 1194 ἀδελφήν,
1382 1138 1451 1179 καὶ
1473 1135 1600 1192 ἄλλης
1623 1142 1653 1178 Β

87 1218 131 1254 15
144 1212 244 1256 ἄλλο
269 1229 310 1255 τι
329 1211 555 1267 συγγενείας
571 1208 703 1264 ὄνομα
717 1242 731 1263 ,
756 1208 920 1254 πάντων
938 1209 983 1252 δὲ
1000 1209 1178 1257 ἐλεεινῶς
1197 1205 1484 1263 προκειμένων,
1520 1209 1604 1248 τῶν

142 1281 217 1336 μὲν
237 1279 350 1330 ἐντὸς
368 1277 538 1332 πόλεως,
575 1283 658 1321 τῶν
681 1279 724 1322 δέ
743 1281 810 1322 καὶ
830 1278 945 1328 ἐκτὸς
961 1276 1066 1333 παρ’
1088 1275 1273 1332 αἰγιαλὸν
1293 1275 1453 1324 εἶκαίως
1474 1291 1605 1317 κατα-

143 1347 433 1403 σποδουμένων
445 1380 459 1400 ,
495 1347 673 1401 λείψανα
703 1345 913 1404 φερόντων
939 1348 1006 1389 καὶ
1027 1349 1131 1399 ζωῆς
1149 1347 1215 1387 καὶ
1233 1345 1344 1399 βίου.
1413 1340 1539 1398 νήπια
1561 1343 1607 1385 δὲ

142 1419 211 1460 καὶ
227 1423 411 1474 γυναῖκες
428 1417 497 1459 καὶ
527 1416 682 1472 οἰκτροὶ
700 1420 928 1473 πρεσβῦται
954 1415 1206 1470 προκείμενοι
1226 1418 1317 1462 ταῖς
1343 1410 1455 1462 ὁδοῖς
1473 1411 1608 1468 ἀλγεῖν

143 1487 267 1530 ἐποίει
285 1487 354 1529 καὶ
381 1484 453 1528 τὸν
476 1482 603 1539 μόνον
632 1483 850 1528 ἀκούοντα.
920 1483 1026 1539 πλὴν
1041 1484 1233 1526 ἐντεῦθεν
1257 1481 1437 1538 στρατὸς
1460 1481 1535 1536 μὲν
1556 1480 1603 1524 τὸ

142 1594 196 1629 usi
226 1593 373 1629 victoria
405 1597 506 1636 sunt,
537 1597 577 1627 ut
607 1593 751 1628 medium
782 1593 908 1628 nullum
943 1592 1174 1627 intercederet
1195 1592 1343 1637 spatium
1363 1591 1454 1626 inter
1474 1591 1606 1625 cladem

142 1640 250 1675 nostri
275 1639 448 1675 exercitus
469 1646 506 1674 et
527 1640 797 1674 distributionem
829 1640 959 1673 illorum
985 1640 1019 1673 in
1043 1650 1160 1673 manus
1189 1639 1326 1680 varias,
1358 1650 1447 1683 quae
1470 1638 1608 1671 diverse

141 1686 179 1720 in
212 1686 335 1720 multas
364 1686 463 1720 simul
492 1692 610 1731 partes
639 1687 812 1720 Romanae
834 1685 970 1720 ditionis
990 1686 1228 1730 irrumperent.
1275 1690 1311 1718 et
1332 1684 1527 1718 sufficiebat
1549 1683 1607 1716 vel

141 1732 284 1776 exiguus
307 1743 465 1766 numerus
488 1731 541 1765 rei
562 1731 687 1777 ubique
711 1743 753 1766 ex
775 1732 924 1777 ipsorum
948 1732 1118 1765 sententia
1146 1730 1337 1775 gerendae,
1369 1736 1512 1774 propter
1541 1729 1602 1763 de-

141 1777 305 1812 bilitatem
325 1781 361 1813 et
382 1777 630 1812 destitutionem
652 1777 687 1812 in
708 1778 764 1812 illo
787 1777 894 1811 limite
914 1777 1127 1822 interiusque
1149 1782 1332 1811 extremam
1356 1775 1524 1816 omnium,
1546 1786 1607 1808 ne-

141 1823 231 1857 mine
258 1824 325 1858 iam
353 1834 493 1869 prorsus
522 1823 651 1869 uspiam
677 1827 894 1869 comparente
917 1823 977 1868 qui
1000 1823 1156 1857 subditos
1189 1822 1332 1867 imperio
1354 1821 1506 1855 Romano
1528 1824 1607 1854 tue-

141 1873 250 1902 retur.
295 1880 402 1914 quare
424 1880 539 1903 omnes
561 1874 597 1903 et
619 1869 731 1904 omnia
753 1874 875 1915 parata
895 1869 966 1903 illic
989 1870 1119 1915 praeda
1140 1867 1317 1914 quibusvis
1339 1867 1458 1900 tollere
1482 1877 1605 1900 curan-

143 1914 236 1947 tibus
256 1913 425 1948 iacebant.
470 1915 655 1959 ingentium
681 1916 766 1949 haec
792 1915 900 1960 igitur
921 1917 1061 1949 fuerunt
1082 1914 1178 1948 initia
1199 1913 1379 1955 malorum,
1411 1915 1604 1956 geminante

144 1959 248 1992 etiam
276 1959 516 1994 incommodum
541 1960 798 2005 importunitate
828 1962 1011 2006 temporis,
1046 1960 1136 2005 quod
1159 1960 1244 1993 haec
1266 1958 1458 1992 Muzalonis
1489 1958 1603 1992 clades

142 2003 262 2038 incidit
282 2004 318 2038 in
340 2005 501 2039 aestivam
522 2016 675 2047 messem,
704 2017 772 2051 qua
792 2010 995 2051 tempestate
1017 2005 1130 2039 cuncti
1151 2011 1251 2038 erant
1271 2003 1392 2037 intenti
1415 2003 1604 2038 collectioni

144 2054 181 2083 et
201 2049 430 2094 importationi
452 2051 586 2094 frugum
608 2051 645 2084 in
666 2051 809 2094 horrea,
830 2052 907 2086 vice
930 2052 1023 2085 cuius
1047 2051 1082 2084 hi
1105 2050 1240 2095 quidem
1264 2050 1528 2093 abducebantur,
1542 2050 1601 2084 illi

142 2095 422 2138 trucidabantur,
453 2095 517 2129 nisi
551 2095 582 2129 si
612 2095 672 2141 qui
698 2097 786 2130 mala
814 2097 994 2141 istavfuga
1016 2101 1150 2131 matura
1172 2095 1439 2141 praevenissent
1460 2096 1601 2142 arcique

142 2141 248 2176 alicui.
266 2141 387 2175 obviae
408 2152 447 2175 se
469 2152 510 2175 ac
533 2152 595 2175 sua
614 2142 848 2176 credidissent.

233 2188 291 2222 26.
337 2186 489 2229 Yidisses
516 2190 597 2220 tunc
627 2186 802 2222 citeriores
826 2187 1024 2222 Nicomedia
1053 2186 1143 2222 ruris
1171 2187 1300 2222 incolas
1332 2192 1518 2223 convasata
1543 2200 1603 2222 su-

141 2232 523 2313 Kffss‘issssissstffiss‘ssfl‘ssn
544 2232 1470 2314 'isssssss'bxffl‘ffss‘sss’.tss‘dssssssssffliffissoeYm'Q
1487 2235 1602 2289 ἕως

143 2324 301 2367 ciabant3
328 2290 597 2370 cernebaturgue
619 2291 829 2370 quotidieqin
851 2325 996 2359 traiectu
1017 2290 1086 2367 ing,
1109 2325 1206 2360 velut
1227 2292 1366 2370 ‹huza-{⁰1
1385 2292 1602 2361 afflcai'ilum

141 2380 262 2413 agmen
292 2382 368 2404 sese
400 2371 543 2404 trudens
573 2374 727 2413 terrore,
774 2371 952 2406 multitudo
983 2370 1112 2405 mixtim
1144 2371 1311 2406 hominum
1342 2377 1380 2407 et
1406 2374 1605 2407 bestiarum.

143 2425 207 2449 nec
228 2416 405 2462 quisquam
428 2428 470 2450 ea
491 2417 564 2451 ibat
585 2428 651 2451 non
674 2416 804 2451 eiulans
827 2429 867 2451 ac
889 2417 1046 2462 plorans,
1080 2417 1171 2462 quod
1201 2418 1355 2452 maximis
1375 2418 1519 2454 iacturis
1544 2430 1604 2453 ae-

143 2471 206 2503 gre
226 2461 329 2496 vitam
350 2462 566 2505 redemisset,
595 2462 727 2497 nemine
756 2465 830 2498 fere
857 2474 924 2497 non
956 2462 1142 2508 cuiuspiam
1175 2475 1218 2497 ex
1239 2463 1367 2498 intimis
1390 2465 1603 2499 amissionem

142 2505 359 2542 lamentante.
404 2509 489 2542 haec
516 2507 651 2554 quidem
680 2509 792 2543 virum
824 2510 983 2544 abactum
1013 2513 1074 2542 aut
1102 2509 1249 2543 occisum
1278 2509 1367 2545 fleus
1388 2511 1604 2550 inclamabat,

142 2549 201 2586 illa
222 2552 326 2587 filium
350 2556 410 2588 aut
440 2554 563 2595 filiam,
597 2555 666 2589 alia
697 2566 819 2589 nomen
843 2555 933 2590 aliud
957 2554 1102 2589 affectus
1124 2561 1162 2589 et
1183 2556 1394 2600 cognationi-s
1416 2557 1600 2602 proximae.

143 2597 256 2631 cuncti
277 2603 390 2634 autem
410 2599 646 2635 miserabiliter
666 2600 701 2635 in
723 2601 861 2647 publico
893 2601 1043 2636 iacentes
1075 2602 1358 2646 procumbebant,
1390 2603 1526 2648 quidam
1548 2602 1605 2636 in-

145 2644 200 2694 tra·
219 2644 355 2697 urbem,
388 2646 445 2679 alii
466 2650 566 2680 extra
586 2657 648 2692 per
670 2647 773 2681 maris
794 2647 908 2690 littus,
940 2646 976 2680 iu
997 2645 1139 2691 pulvere
1160 2652 1336 2682 versantes
1358 2649 1500 2682 miseras
1522 2647 1603 2682 reli-

144 2697 242 2730 qmas
263 2692 353 2724 vitae
374 2702 416 2725 ac
438 2691 521 2737 spei.
565 2692 702 2738 parvuli
725 2697 837 2728 autem
860 2697 896 2727 et
917 2692 1075 2727 mulieres
1096 2703 1263 2739 senesque
1291 2694 1474 2729 miserandi
1502 2693 1603 2728 strati

143 2734 273 2786 temere
291 2745 355 2779 per
373 2736 449 2771 vias
469 2748 534 2771 non
556 2739 663 2772 solum
683 2738 841 2774 videntes
862 2738 1029 2773 horrendo
1052 2740 1254 2783 spectaculo,
1278 2740 1340 2774 sed
1363 2744 1401 2774 et
1425 2739 1600 2774 audientes

142 2778 374 2814 lmmedicabili
395 2782 542 2818 cordolio
563 2783 795 2820 vulnerabant.
842 2790 1014 2820 caeterum
1036 2783 1196 2828 indidem,
1223 2786 1287 2820 hoc
1312 2790 1367 2821 est
1389 2785 1598 2829 Nicomedia,
