1858 3126
297 162 394 208 818
463 145 466 147 ’
647 155 1009 205 sonsaavss.
1038 156 1348 203 PAcnYMER.
1395 167 1399 196 ³.

294 269 506 317 lebrasset,
543 265 753 318 postridie,
791 265 856 305 die
882 267 1019 316 lunae,
1060 267 1247 305 convivio
1283 272 1492 318 exceptum
1517 282 1541 306 a
1567 268 1740 320 quodam

297 328 412 364 Persa
431 324 590 361 nomine
610 323 825 372 Banlzam5
856 323 1014 361 mistum
1037 323 1085 360 ab
1107 322 1184 361 hoc
1213 323 1309 362 cibis
1337 336 1532 362 venenum
1549 323 1740 373 hausisse,

297 395 348 420 ex
364 392 441 431 quo
463 379 526 417 die
546 378 681 417 Martis
700 380 832 417 statim
858 385 1045 430 sequente
1063 380 1234 429 graviter
1254 385 1453 430 aegrotare
1469 380 1655 430 coeptu-it,
1676 381 1742 419 die

295 436 480 475 Mercurii
512 435 698 484 contiguo
726 442 901 473 mortuus
930 435 991 474 sit.
1047 434 1156 472 hunc
1191 450 1311 485 porro
1341 436 1444 473 diem
1473 435 1655 474 Mercurii
1684 436 1743 474 ait

296 494 416 531 fuisse
438 492 667 530 vicesimum
695 491 835 529 mensis
854 491 1139 540 Dhul-Haiae‚
1177 491 1242 529 hic
1271 497 1329 530 est
1352 491 1494 529 mensis
1518 491 1678 529 ultimus
1701 492 1744 530 in

297 559 402 587 anno
423 547 607 586 Arabum.
665 545 851 585 habemus
873 548 916 585 in
933 547 996 585 h'is
1022 547 1266 585 characteres
1287 548 1410 595 duos,
1442 546 1610 586 Paschae
1627 546 1745 585 chri-

299 606 517 644 stianorum
535 609 572 642 et
592 603 711 641 feriae
729 609 892 654 quartae
915 604 1183 641 concurrentis
1205 604 1247 641 in
1268 603 1370 641 diem
1391 606 1447 646 20
1463 602 1745 650 Dhul-Haiae,

300 674 467 713 quorum
496 665 633 698 neuter
658 672 761 698 anno
784 660 947 709 Hegirae
968 662 1044 701 681
1070 659 1277 710 competit,
1307 665 1427 712 prout
1445 658 1657 697 clarissime
1674 658 1748 697 de-

299 723 491 756 monstro.
547 726 671 753 annus
704 729 813 754 aerae
841 715 1080 754 Christianae
1100 715 1270 765 vulgaris
1299 717 1417 761 1283,
1437 714 1479 753 in
1502 714 1617 753 cuius
1636 728 1747 752 men-

301 787 382 813 sem
405 772 539 810 saltem
569 772 671 809 ultra
700 771 862 810 tertium
886 771 1103 810 necessario
1128 770 1304 809 excurrit
1331 784 1455 809 annus
1482 770 1647 821 Hegirae
1665 772 1744 813 681

302 827 448 882 Aprilis
469 827 679 865 undecimo
697 828 760 865 die
775 827 866 865 anni
887 828 1154 880 praecedentis
1176 830 1283 870 1282
1302 827 1520 876 inchoatus,
1553 839 1641 864 cum
1664 826 1747 863 sue·

301 887 355 925 rit
383 883 535 936 periodi
565 883 739 921 Iulianae
763 885 885 931 5996,
908 883 1064 935 cyclum
1092 882 1316 921 numeravit
1341 883 1435 921 solis
1457 883 1485 925 4
1519 895 1610 921 cum
1635 882 1748 919 litera

303 939 531 980 dominicali
555 939 607 988 C3
642 939 796 992 cyclum
819 953 915 977 vero
942 941 1058 978 lunae
1078 943 1140 981 11.
1198 938 1297 976 haec
1324 939 1433 990 signa
1455 937 1600 977 Pascha
1629 937 1748 975 Chri-

301 998 521 1036 stianorum
547 995 761 1046 indigitant
781 995 821 1032 in
846 996 908 1033 die
931 998 981 1038 18
1002 996 1143 1033 mensis
1165 994 1308 1046 Aprilis
1324 1024 1334 1043 ‚
1374 995 1443 1046 qui
1463 995 1546 1033 dies
1564 1006 1750 1032 necessa-

302 1053 363 1091 rio
391 1058 502 1090 extra
522 1051 686 1101 Hegirae
704 1051 795 1088 anni
820 1053 899 1093 681
921 1051 1017 1089 fines
1044 1051 1224 1089 excessit.
1280 1049 1358 1088 hoc
1378 1050 1537 1088 infitiari
1564 1063 1645 1088 non
1675 1062 1750 1100 po—

302 1108 394 1147 terit
421 1107 490 1158 qui
515 1107 635 1158 sciet,
675 1107 783 1158 quod
807 1112 958 1145 certum
990 1113 1072 1156 est,
1111 1113 1257 1144 annum
1288 1106 1459 1144 Arabum
1484 1105 1638 1143 Iuliano
1666 1117 1749 1142 esse

305 1164 497 1203 minorem
521 1163 658 1201 diebus
679 1163 817 1201 saltem
850 1163 994 1202 decem.
1050 1163 1157 1200 unde
1183 1162 1432 1200 manifestum
1457 1167 1537 1210 est,
1566 1161 1600 1198 si
1623 1173 1749 1198 annus

304 1220 496 1259 Arabicus
513 1222 594 1261 681
614 1219 676 1256 die
694 1222 749 1260 22
772 1219 916 1270 Aprilis
941 1219 1035 1257 anni
1057 1218 1147 1257 Chr.
1170 1221 1278 1260 1282
1309 1218 1418 1266 iniit,
1443 1217 1619 1256 desinere
1635 1217 1750 1254 illum

306 1276 484 1315 debuisse
499 1281 590 1312 ante
613 1277 663 1317 18
683 1275 827 1326 Aprilis
845 1276 938 1312 anni
959 1275 1048 1313 Chr*
1073 1277 1189 1322 1288,
1207 1273 1394 1324 quoniam
1410 1288 1432 1311 a
1450 1277 1505 1317 22
1524 1272 1671 1325 Aprilis
1687 1272 1751 1310 die

307 1332 359 1371 ad
375 1331 479 1370 diem
493 1330 663 1369 eiusdem
682 1331 824 1368 mensis
848 1334 899 1372 18
922 1345 1002 1369 non
1020 1331 1269 1369 intercedunt
1288 1329 1370 1368 dies
1391 1329 1538 1369 decema
1566 1342 1612 1367 en
1624 1334 1752 1367 osten-

308 1401 395 1426 sum
422 1387 626 1435 evidenter
649 1385 796 1425 Pascha
820 1386 1132 1426 Christianorum
1159 1386 1253 1423 anni
1283 1385 1449 1437 Hegirae
1469 1387 1548 1428 681
1573 1384 1617 1423 iu
1638 1397 1751 1422 men-

309 1455 389 1482 sem
411 1443 545 1481 Dhul-
559 1442 694 1480 Haiam
718 1443 902 1481 ultimum
927 1444 1018 1481 anni
1048 1442 1203 1481 Arabici
1226 1448 1308 1480 non
1331 1441 1507 1494 potuisse
1526 1439 1751 1479 convenire.

308 1499 491 1549 deinceps
512 1498 600 1549 pari
628 1498 823 1537 evidentia
854 1499 1084 1538 demonstro
1110 1497 1336 1537 vicesimam
1365 1496 1631 1536 Dhul-Haine
1648 1495 1750 1534 diem

309 1554 446 1593 eodem
469 1554 539 1590 illo
567 1568 671 1591 anno
699 1554 860 1605 Hegirae
887 1558 965 1597 681
998 1555 1131 1593 feriam
1158 1561 1339 1604 quartam
1366 1559 1448 1591 non
1486 1553 1618 1592 fuisse.
1674 1551 1753 1590 suit

308 1611 377 1648 ille
397 1620 523 1647 annus
547 1608 734 1646 Arabicus
757 1609 1030 1648 embolimaeus
1049 1624 1094 1647 ac
1115 1615 1397 1660 consequenter
1418 1608 1499 1650 365
1517 1608 1685 1656 dierum,
1714 1613 1752 1645 et

310 1665 453 1703 Dhul-
466 1664 563 1702 Haia
582 1665 722 1702 mensis
742 1666 826 1703 eius
846 1665 1010 1703 ultimus
1034 1666 1075 1702 in
1101 1665 1213 1703 annis
1239 1664 1448 1702 ordinariis
1467 1676 1607 1711 cavus,
1634 1662 1678 1700 in
1705 1676 1751 1700 eo

310 1722 451 1774 plenus
473 1720 550 1757 fuit
565 1749 576 1768 ‚
606 1719 688 1758 ‹li'es
709 1732 917 1758 numerans
944 1721 1115 1770 triginta.
1171 1720 1366 1757 tollantur
1383 1720 1478 1768 355,
1505 1718 1575 1769 qui
1595 1725 1655 1756 est
1671 1731 1752 1756 nu-

313 1790 443 1816 merus
464 1775 615 1814 dierum
639 1775 732 1813 anni
753 1776 845 1826 Heg.
858 1779 953 1825 681,
973 1777 1022 1814 de
1040 1777 1120 1818 365
1137 1789 1158 1812 a
1178 1775 1243 1813 die
1262 1778 1316 1818 22
1331 1775 1477 1826 Aprilis
1495 1775 1590 1812 anni
1610 1773 1755 1813 Christi

316 1835 423 1874 1282
457 1830 754 1883 incipientibus:
798 1831 963 1870 ultimus
995 1832 1244 1870 residuorum
1281 1831 1394 1868 cadet
1422 1830 1463 1868 in
1498 1830 1753 1868 undecimum

314 1888 461 1941 Aprilis
479 1887 571 1925 anni
592 1887 737 1926 Christi
759 1890 876 1930 1283.
932 1887 1000 1925 hic
1017 1892 1075 1925 est
1087 1887 1305 1925 tricesimus
1325 1885 1607 1935 Dhul-Haiae3
1634 1901 1655 1924 a
1675 1893 1753 1937 qu'o

315 1945 349 1983 si
384 1948 490 1982 retro
516 1943 649 1982 decem
677 1943 815 1981 diebus
839 1956 1088 1994 promoveas3
1126 1943 1302 1994 invenies
1333 1942 1561 1981 vicesimum
1583 1942 1754 1980 eiusdem

316 1998 587 2038 Dhul-Haiae
613 1998 785 2051 primum
818 1999 969 2047 Martii,
999 1999 1067 2050 qui
1102 1997 1185 2037 dies
1210 1998 1316 2036 Iovis
1345 2004 1383 2035 e't
1411 1997 1548 2050 quinta
1564 1997 1681 2045 feria,
1709 2010 1754 2034 eo

318 2062 422 2093 anno
440 2055 594 2092 literam
628 2055 897 2093 dominicalem
923 2055 952 2092 C
979 2055 1170 2103 habente5
1203 2053 1301 2102 suit5
1332 2067 1414 2092 non
1443 2059 1597 2104 autem,
1626 2059 1673 2092 ut
1701 2053 1756 2091 ait

320 2109 655 2161 Abulpharagius,
686 2111 767 2149 dies
786 2110 972 2149 Mercurii
997 2111 1080 2149 sive
1102 2116 1240 2161 quarta
1257 2109 1365 2162 feria.

430 2165 537 2205 XIV.
590 2166 662 2204 His
679 2167 805 2205 lector
822 2167 982 2204 adactus
1000 2167 1049 2204 ad
1066 2166 1267 2205 fatendum
1285 2165 1528 2215 characteres
1545 2163 1642 2202 istos
1657 2163 1756 2201 duos

323 2220 632 2271 chronologicos,
663 2222 832 2260 Paschae
851 2222 1058 2260 incidentis
1079 2223 1121 2260 in
1146 2235 1317 2271 mensem
1338 2219 1474 2259 Dhul-
1487 2219 1623 2258 Haiam
1641 2225 1680 2256 et
1696 2219 1755 2256 fe'·

322 2278 403 2315 riae
430 2283 590 2328 quartae
618 2277 867 2328 insignientis
891 2278 1123 2316 vicesimum
1153 2276 1416 2315 Dhul--Haiae
1438 2275 1569 2323 diem,
1599 2273 1756 2312 minime

327 2333 536 2370 convenire
562 2332 607 2370 iu
632 2346 779 2371 annum
813 2333 974 2384 Hegirae
996 2337 1091 2378 681,
1117 2339 1276 2383 quaeret
1303 2333 1406 2370 forte
1431 2344 1527 2368 num
1556 2329 1598 2367 in
1633 2330 1754 2367 alium

326 2389 573 2428 conveniant,
629 2392 710 2426 tion
738 2390 852 2439 longe
879 2389 1069 2427 ebibitur:
1101 2389 1161 2426 aio
1193 2387 1392 2439 aptissime
1414 2386 1546 2424 ambos
1564 2385 1757 2436 quadrare
1794 2396 1797 2402 ‘

324 2443 368 2481 in
391 2455 535 2480 aunum
554 2439 705 2494 ἆμέσως
729 2445 1040 2495 praecedentem,
1068 2444 1251 2482 videlicet
1268 2443 1431 2493 Hegirae
1447 2443 1544 2483 680.
1599 2439 1667 2478 hic
1685 2449 1756 2478 an—

327 2511 402 2537 nus
422 2497 575 2535 initium
594 2498 711 2536 duxit
726 2513 747 2536 a
769 2500 832 2537 die
856 2503 910 2542 22
927 2492 1070 2551 Aprilis
1092 2495 1233 2538 Iuliani
1253 2511 1355 2545 anno
1375 2494 1519 2534 Christi
1538 2498 1655 2544 1281,
1684 2497 1756 2534 de-

327 2553 396 2592 siit
411 2559 540 2592 autem
558 2553 622 2591 die
636 2553 784 2591 decima
799 2554 968 2592 eiusdem
991 2554 1136 2605 Aprilis
1149 2563 1250 2592 anno
1271 2550 1418 2591 Christi
1437 2551 1615 2602 sequenti
1638 2553 1755 2593 1282.

331 2609 408 2648 fuit
431 2621 554 2648 annus
572 2608 716 2647 Christi
735 2612 841 2650 1282
860 2610 1008 2660 periodi
1030 2610 1200 2647 Iulianae
1220 2610 1340 2651 6996.
1398 2608 1555 2658 cyclum
1573 2606 1666 2645 solis
1682 2606 1754 2644 ha—

333 2665 421 2703 buit
441 2669 467 2708 3
492 2670 578 2703 cum
602 2665 716 2702 litera
745 2663 972 2703 dominicali
995 2666 1038 2712 Ι),-
1066 2666 1221 2715 cyclum
1247 2677 1342 2702 vero
1366 2663 1483 2702 lunae
1507 2665 1574 2704 10.
1630 2661 1756 2700 exhis

333 2726 442 2772 patet
467 2719 610 2759 Pascha
635 2720 716 2759 eius
748 2720 839 2757 anni
871 2732 1079 2772 occupasse
1096 2719 1198 2758 'diem
1220 2722 1272 2761 29
1301 2720 1441 2758 mensis
1459 2717 1600 2757 Iuliani
1617 2718 1756 2756 Martii.

333 2776 429 2814 haec
457 2777 539 2815 dies
567 2777 696 2815 deesse
721 2789 800 2814 non
831 2776 960 2828 potnit
989 2776 1086 2827 quin
1109 2775 1257 2815 ambitu
1282 2775 1426 2815 'mensis
1455 2773 1610 2814 Arabici
1630 2773 1756 2812 Dhul-
