1858 3126
474 622 788 701 INDEX*
828 639 1422 703 HISTORICUS.

199 938 352 1006 Abbas
377 972 606 1008 Genuensium
636 974 853 1019 magistratus
875 974 920 1009 ad

201 1019 387 1064 populares
411 1019 512 1064 Cpoli
537 1020 701 1064 degentes
728 1021 846 1055 missus
870 1021 919 1065 ΙΙ,

200 1065 283 1107 623,
309 1067 362 1100 17.
411 1066 594 1110 paciscitur
627 1078 702 1101 cum
727 1068 920 1111 Amogaba-

200 1110 248 1144 ris
273 1122 335 1156 pro
360 1111 431 1145 suis
448 1124 611 1157 prospere
635 1114 680 1154 ΙΙ,
697 1115 778 1156 624,
803 1115 824 1149 6
843 1125 918 1158 sqq.

199 1156 285 1237 ἐξ,
309 1158 344 1237 18.
403 1158 534 1208 frustra
568 1170 632 1204 pro
662 1159 825 1194 Romanis
864 1159 919 1204 11,

248 1248 419 1283 abdicatio
447 1251 701 1295 patriarchatus
729 1254 851 1286 exacta
874 1251 919 1286 ab

199 1295 343 1329 Arsenio
363 1297 392 1339 Ι,
412 1299 488 1339 111,
515 1299 558 1332 12
574 1309 647 1342 sqq.
707 1309 808 1331 suasa
826 1298 921 1331 Ger-

201 1352 298 1374 mano
325 1342 361 1383 1,
388 1344 467 1384 292,
492 1345 522 1379 2
571 1344 716 1389 Iosepho
742 1344 922 1389 supposita

200 1386 240 1427 Ι,
265 1387 353 1431 398,
379 1390 409 1423 6.
459 1389 549 1423 ultro
584 1390 667 1423 data
699 1401 721 1423 a
751 1391 868 1424 Vecco
892 1390 920 1432 1,

199 1431 292 1474 454,
320 1435 373 1469 17.
421 1435 599 1470 Athanasii
631 1436 773 1470 subdola
807 1435 922 1470 habita

199 1478 246 1520 Π,
266 1479 342 1514 175.
366 1480 407 1514 15
424 1492 497 1526 sqq.
535 1481 670 1516 Ioannis
686 1482 834 1517 Cosmae
850 1494 922 1516 am-

202 1525 308 1568 bigua
331 1525 376 1566 ΙΙ,
410 1527 489 1571 347,
510 1529 553 1561 12
565 1539 638 1573 sqq.

205 1571 447 1650 16Abrampax
473 1573 762 1617 prothieracarius
781 1573 826 1617 II,
844 1575 925 1617 328,

251 1662 363 1699 Abula
387 1663 569 1698 Persarum
590 1663 835 1699 incursionibus
858 1676 923 1698 ve-

204 1713 290 1741 xata
311 1709 340 1750 Ι,
365 1710 444 1751 311,
470 1711 503 1745 7.

259 1755 406 1789 Aeacius
441 1756 584 1790 ecclesia
623 1756 809 1791 dissidente
850 1768 923 1791 me-

203 1799 295 1834 dium
319 1812 358 1834 se
380 1813 502 1845 gerens
525 1802 572 1846 ΙΙ,
587 1803 645 1840 45.
671 1805 702 1838 1.

251 1847 402 1881 Achaiae
427 1848 584 1894 princeps
617 1848 778 1883 Michaeli
801 1848 925 1893 despo-

204 1895 263 1926 tae
287 1893 468 1927 auxiliatur
483 1895 511 1937 Ι,
529 1895 586 1938 84,
606 1897 639 1930 1.
679 1895 839 1929 Ioannem
854 1894 925 1928 Mi-

204 1939 334 1973 chaelis
357 1939 400 1973 F.
425 1941 564 1974 nothum
586 1941 690 1975 laedit
711 1942 761 1975 ib.
790 1942 843 1976 18.
881 1941 924 1975 ab

204 1996 247 2018 eo
262 1985 419 2030 proditus
440 1987 602 2020 Romanis
626 1988 654 2030 1,
672 1987 728 2029 85,
753 1990 786 2022 5.
817 1987 923 2020 liber-

202 2035 310 2064 tatem
343 2031 478 2066 redimit
510 2033 546 2074 1,
578 2034 643 2076 86,
679 2033 733 2068 15.
781 2043 923 2077 magnus

203 2076 410 2111 domesticus
434 2085 572 2115 creatur
596 2079 640 2112 ab
663 2078 869 2124 imperatore
893 2079 923 2120 Ι,

204 2123 262 2164 88,
291 2123 345 2158 13.
380 2123 596 2158 iureiurando
622 2125 819 2169 imperatori
842 2125 922 2159 dato

205 2168 350 2202 solvitur
370 2181 391 2202 a
415 2181 505 2215 papa
527 2170 573 2204 ib.
590 2172 642 2205 16.

251 2215 394 2248 actuarii
411 2216 469 2260 qui
492 2216 561 2250 sint
583 2216 611 2257 Ι,
636 2216 714 2250 539.

252 2260 380 2293 additio
404 2262 500 2294 vocis
523 2262 738 2306 ,‚Filioque“
763 2261 806 2295 ad
830 2273 922 2304 sym-

206 2306 320 2339 bolum
344 2306 530 2341 Nicaenum
547 2308 682 2352 quando
708 2312 743 2341 et
767 2319 834 2353 quo
850 2308 925 2342 iure

206 2351 299 2388 facta
323 2352 368 2384 sit
391 2363 411 2385 a
435 2353 566 2388 Latinis
589 2354 617 2395 I,
643 2355 721 2388 666.

254 2397 550 2442 Adrianopolitani
581 2401 815 2443 Amogabaros
838 2399 924 2433 turri

192 2443 356 2479 'inclusos
380 2445 577 2478 comburunt
613 2445 658 2487 ΙΙ,
683 2446 762 2485 554,
788 2447 831 2480 17
846 2458 876 2479 s(
889 2457 924 2490 q.

255 2489 460 2523 Aecaterina
483 2490 645 2524 Michaeli
671 2491 854 2524 Andronici
875 2458 923 2526 Ιθ.

209 2546 296 2569 uxor
328 2536 516 2569 destinatur
550 2537 595 2577 11,
628 2537 705 2577 153,
737 2538 770 2571 7.
816 2547 928 2582 neque

210 2585 323 2615 tamen
347 2582 379 2615 ei
403 2582 498 2615 nubit
521 2582 564 2624 ΙΙ,
587 2583 667 2623 202,
692 2582 725 2616 8.

211 2671 230 2707 I
255 2628 406 2674 Aegypti
430 2627 587 2674 princeps
611 2628 778 2672 Bulgaros
794 2627 928 2672 ignorat

231 2698 243 2715 ‚
266 2674 345 2717 428,
365 2676 419 2709 17.

258 2719 378 2753 Aeliae
417 2719 611 2764 patriarcha
643 2718 830 2753 concitatus
865 2718 926 2752 ad-

212 2774 332 2798 versus
349 2765 549 2799 Michaelem
571 2765 651 2810 imp.
668 2777 690 2800 a
711 2763 824 2799 Maria
842 2764 926 2798 Bul-

214 2811 330 2853 gariae
341 2811 460 2858 regina
474 2811 502 2855 1,
518 2812 598 2856 427,
624 2813 678 2848 12.
725 2810 927 2858 imperatori

964 927 1094 963 resistit
1125 926 1169 962 de
1198 926 1419 962 ecclesiarum
1448 925 1696 961 conciliatione·

984 1001 994 1018 ⁵
1013 1021 1099 1055 Aeni
1122 1031 1183 1054 arx
1211 1031 1231 1054 a
1264 1019 1421 1065 Bnlgaris
1454 1023 1491 1053 et
1514 1018 1692 1053 Tocharis'

967 1067 1107 1101 obsessa
1130 1066 1157 1107 Ι,
1182 1066 1262 1110 235,
1299 1067 1352 1101 13.
1401 1078 1422 1100 a
1445 1065 1615 1099 Catelauis
1637 1065 1683 1108 ΙΙ,

966 1114 1045 1156 639,
1073 1115 1103 1147 1.
1150 1112 1230 1192 1115de
1267 1111 1357 1157 fugit
1379 1111 1539 1147 Azatines
1571 1110 1683 1146 sultau

1003 1185 1113 1239 ’aerae
1136 1205 1346 1238 Graecorum
1360 1201 1439 1238 anni
1462 1212 1529 1248 qua
1546 1202 1684 1238 'ratione

966 1251 1174 1286 reducantur
1190 1251 1234 1284 ad
1258 1260 1371 1284 aeram
1395 1248 1522 1283 Christi
1544 1247 1576 1292 1,
1601 1248 1694 1284 741:

1011 1297 1233 1341 Aesculapius
1257 1307 1318 1330 cur
1334 1295 1467 1329 dicatur
1490 1299 1590 1328 natus
1609 1299 1696 1329 esse¹

967 1355 987 1378 e
1002 1349 1110 1378 matre
1134 1355 1201 1376 non
1226 1353 1396 1387 puerpera
1418 1341 1464 1382 ΙΙ,
1489 1341 1568 1376 661.
1692 1347 1696 1354 ”

1013 1388 1198 1434 Aethiopes
1223 1390 1375 1433 Scythas
1399 1391 1514 1422 emunt
1535 1387 1573 1420 in
1586 1396 1684 1421 usum

967 1435 1106 1470 militiae
1127 1435 1167 1478 Ι,
1197 1436 1273 1476 176,
1300 1435 1356 1469 13.
1403 1433 1543 1468 liberum
1569 1443 1695 1466 eorum·

967 1482 1147 1516 transitum
1171 1492 1192 1514 a
1215 1480 1386 1515 Michaele
1407 1480 1485 1524 imp.
1502 1479 1686 1524 impetrant

969 1528 1015 1562 ib.
1044 1528 1098 1562 16.
1147 1538 1262 1561 eorum
1274 1538 1340 1572 ope
1360 1526 1498 1571 Syriam
1515 1524 1685 1559 Palaesti-

971 1585 1046 1608 nam
1063 1573 1210 1618 aliasque
1226 1572 1419 1617 provincias
1434 1571 1593 1605 Romanis
1617 1570 1695 1605 eri-¹

971 1620 1069 1666 piunt
1093 1619 1120 1661 Ι,
1147 1621 1223 1661 178,
1246 1617 1300 1653 14.
1347 1618 1550 1662 Aethiopum
1572 1617 1695 1651 sultan·

971 1677 994 1700 a
1016 1665 1128 1698 Maria
1150 1664 1304 1707 Bulgara
1326 1664 1455 1697 frustm
1478 1665 1599 1696 contra
1620 1661 1684 1696 im-

967 1716 1163 1792 pgratorem
1202 1709 1392 1745 concitatur
1435 1708 1474 1753 1,
1508 1707 1597 1751 428,
1627 1709 1684 1743 11.

1029 1767 1044 1790 s
1095 1782 1102 1789 .

1015 1767 1164 1836 afffiitas
1178 1799 1358 1834 Michaelis
1371 1799 1453 1845 imp.
1471 1810 1545 1834 cum
1565 1799 1686 1846 Apaga

969 1849 1206 1884 Tocharorum
1238 1846 1371 1882 sultaue
1399 1847 1428 1886 1.
1464 1845 1542 1890 174,
1566 1846 1601 1881 3.
1626 1846 1686 1880 21.

971 1907 1047 1929 cum
1080 1893 1185 1938 Noga
1212 1892 1364 1938 principe
1397 1892 1634 1926 Tocharorum
1656 1891 1698 1934 1,-
1758 1918 1764 1925 .

972 1941 1058 1982 344,
1085 1941 1117 1975 7.
1174 1951 1249 1973 cum
1278 1938 1444 1974 Micbasle
1477 1938 1622 1983 despota
1653 1937 1697 1979 1,

967 1989 1054 2027 242,
1080 1987 1133 2021 18.
1157 1986 1239 2027 439,
1264 1987 1305 2019 11
1326 1995 1403 2029 sqq.
1450 1995 1526 2017 cum
1547 1984 1685 2017 Panno-

968 2033 1045 2067 niae
1066 2043 1147 2076 rege
1170 2032 1197 2074 Ι,
1213 2033 1292 2073 317,
1316 2031 1350 2065 4.
1397 2040 1473 2063 cum
1495 2041 1580 2074 rege
1601 2028 1687 2063 Bul-

967 2079 1086 2124 gariae
1109 2079 1137 2120 1,
1156 2079 1234 2117 342,
1261 2078 1315 2111 16.
1364 2087 1439 2115 cum
1454 2076 1582 2109 Ioanne
1597 2077 1685 2108 Asa-

968 2137 1013 2159 ne
1033 2125 1072 2167 1,
1099 2124 1187 2166 430,
1216 2125 1268 2159 18.
1316 2133 1392 2155 cum
1422 2121 1550 2155 Ioanne
1570 2121 1698 2155 Lazo-'

967 2182 1041 2205 rum
1057 2170 1208 2215 principe
1231 2169 1257 2209 Ι,
1283 2168 1362 2208 520,
1387 2168 1443 2202 19.

1013 2217 1180 2260 Agabana
1204 2212 1395 2248 Oblivionis
1427 2212 1610 2247 Castellum
1641 2211 1685 2245 ab

969 2262 1143 2297 Ammiano
1168 2260 1368 2295 Marcellino
1392 2259 1518 2293 dictum
1540 2258 1585 2301 11,
1605 2259 1685 2292 691.

971 2309 1044 2343 eius
1070 2307 1210 2341 nominis
1226 2307 1321 2350 origo
1338 2306 1384 2339 ib.

1016 2353 1201 2399 Agalmatis
1225 2351 1460 2386 monasterium
1482 2360 1590 2396 prope
1618 2348 1686 2382 Ni-

971 2411 1084 2435 caeam
1108 2400 1136 2442 Ι,
1162 2400 1240 2442 112,
1268 2400 1300 2436 1.
1673 2440 1683 2448 .

1016 2446 1122 2490 Agari
1147 2444 1227 2479 Albi
1249 2443 1331 2478 dicti
1353 2454 1375 2477 a
1398 2441 1530 2477 Latinis
1555 2441 1686 2476 Graem

989 2518 1001 2537 '
1018 2517 1255 2582 Agathiopolis
1269 2537 1371 2580 capta
1393 2533 1421 2576 1,
1437 2533 1517 2576 348,
1536 2532 1591 2568 14.

1018 2582 1242 2628 Agathopolis
1274 2592 1348 2615 cum
1383 2577 1686 2626 Osphentisthlabo

972 2628 1016 2662 de
1038 2628 1214 2663 deditione
1234 2626 1391 2671 transigit
1413 2626 1458 2669 ΙΙ,
1478 2627 1560 2667 601,
1581 2623 1615 2658 5.

971 2674 1144 2754 11²&ngoe
1166 2674 1290 2719 Nogae
1313 2684 1401 2707 uxor
1415 2673 1557 2708 Tzaoee
1578 2672 1686 2704 mater

1009 2745 1018 2761 ‚
1034 2721 1056 2753 2
1105 2746 1113 2762 ‚
1132 2721 1165 2755 8.

1019 2765 1112 2799 Alais
1136 2766 1245 2800 Persa
1261 2765 1405 2801 cazani„
1429 2764 1533 2799 Canis
1548 2761 1686 2797 Tocha-

972 2821 1087 2848 rorum
1110 2811 1223 2848 edicto
1239 2818 1390 2848 terretur
1403 2812 1449 2857 11,
1461 2810 1541 2854 402,
1559 2807 1601 2846 15
1611 2807 1685 2853 sqq*-
