1858 3126
280 152 377 199 774
681 150 992 195 OBSERVAT.
1022 150 1327 196 PACHYMER.

278 261 423 302 sororis
451 273 543 300 suae
570 260 739 298 Ioannae
765 260 911 311 (quam
931 259 1071 298 Graeci
1090 259 1244 298 Annam
1261 262 1530 314 vocaverunt)
1558 260 1719 301 Andro-

278 319 368 358 nico
400 316 565 365 iuninri,
593 315 793 359 Michaelis
815 316 967 368 saepius
989 315 1067 354 hoc
1086 329 1203 368 opere
1221 316 1428 355 memorati
1443 316 1546 366 filio,
1574 317 1616 356 in
1640 317 1718 355 im-

278 372 380 425 perii
406 371 648 416 consortium
679 372 850 422 adscito,
878 372 1142 411 collocandae.
1200 378 1321 424 prout
1347 373 1435 411 fuse
1457 378 1595 413 narrat
1611 373 1718 411 Can-

275 436 486 471 tacuzenus
507 427 534 469 l.
555 431 575 470 1
595 442 630 467 c.
651 428 717 472 40.
1574 451 1576 453 -

387 509 426 548 p.
448 498 526 536 611
551 508 591 535 v.
615 494 679 537 15⁴
737 494 862 533 Filius
893 495 1040 533 Chalaii
1065 495 1241 547 Apagas,
1282 506 1363 532 non
1390 493 1515 532 frater
1540 500 1647 544 erat,
1674 501 1721 534 ut

279 551 453 601 agnoscit
479 552 565 602 ipse
589 551 846 602 Pachymeres
878 551 959 592 vol.
986 552 1003 589 Ι
1031 565 1072 603 Ρ.
1093 552 1172 593 175
1198 563 1237 590 v.
1256 553 1284 591 2
1312 556 1353 588 et
1381 549 1425 587 in
1447 549 1524 588 hac
1548 550 1721 589 secunda

274 613 388 662 parte
418 621 460 659 Ρ.
479 610 563 649 262
592 621 630 650 v.
656 610 723 649 17.
780 607 960 658 idemque
992 613 1225 645 attestantur
1251 619 1402 643 summo
1433 619 1624 645 consensu
1649 605 1723 644 hi·-

275 663 414 701 storici
437 663 594 703 Arabes.
649 663 743 701 vide
760 663 906 701 librum
931 667 956 705 3
980 663 1121 702 harum
1139 662 1468 700 Observationum
1487 676 1522 703 c.
1542 666 1568 704 7
1592 676 1629 703 n.
1653 664 1720 704 12.

275 719 557 770 ignoscendum
578 718 698 769 igitur
711 718 789 757 hoc
807 719 896 757 loco
915 725 973 758 est
990 715 1237 772 μνημονικόν
1253 713 1415 771 σφάλμα
1431 717 1672 769 Pachymeri.

385 800 424 838 p.
438 789 520 829 620
535 799 574 827 v,
588 789 652 831 17.
699 787 866 839 Μαρίαν
884 783 959 839 τήν
977 785 1191 827 δέσποιναν
1209 788 1287 825 τῶν
1307 785 1575 838 Μουγουλίων
1591 787 1719 837 θρυλ-

273 842 481 894 λουμένην.
539 841 717 881 similiter
750 842 915 884 inferius
947 856 988 894 p.
1005 845 1085 895 637
1115 855 1152 880 v.
1173 845 1222 884 8:
1261 837 1489 892 αὖταδὲλφη
1511 842 1584 881 τοῦ
1604 841 1719 893 βασι-

275 897 372 946 λὲως
400 899 567 951 Μαρία,
597 897 665 939 καὶ
685 900 766 943 ταῖν
795 898 1063 952 Μουγουλίων
1086 894 1190 938 οὕτω
1209 912 1295 944 πως
1314 896 1503 938 δέσποινα
1524 892 1720 950 ὄνομαζο·

276 953 386 1006 μένῃ.
446 954 721 1006 Carmpantani
736 954 951 993 successori
970 954 1128 992 Cazanis
1149 960 1186 1000 et
1204 967 1307 992 novo
1327 953 1430 991 Kani
1450 951 1720 1004 Tocharorum

276 1010 473 1061 obtulerat
507 1010 549 1048 in
589 1024 775 1063 sponsam
806 1011 1052 1049 Andronicus
1082 1011 1279 1060 Augustus
1312 1021 1484 1048 sororem
1515 1006 1720 1060 propriam

135 1068 164 1103 Ρ
187 1068 253 1103 559
274 1065 458 1117 Mariam,
489 1072 527 1104 et
553 1065 623 1104 illo
647 1072 877 1117 acceptante
901 1067 1061 1106 eandem
1089 1079 1177 1104 cum
1207 1065 1312 1115 regio
1333 1064 1522 1103 comitatu
1538 1063 1721 1108 Nicaeam

275 1122 446 1161 miserat.
502 1122 606 1160 hanc
637 1123 693 1161 ait
725 1121 937 1168 historicus
965 1122 1085 1173 vulgo
1115 1121 1236 1160 fuisse
1260 1120 1507 1161 nominatam·
1521 1119 1720 1161 dominam

276 1178 553 1228 Muguliorum.
611 1179 668 1218 sic
698 1179 801 1217 enim
829 1179 1075 1228 Mogulenses
1105 1177 1301 1230 principes
1329 1176 1554 1228 primariam
1570 1182 1610 1215 et
1624 1188 1721 1228 prae

278 1235 444 1276 caeteris
463 1235 635 1274 nobilem
654 1248 817 1274 uxorem
840 1235 1020 1275 solebant
1038 1249 1060 1271 a
1080 1233 1241 1274 caeteris
1262 1232 1501 1283 distinguere
1525 1231 1661 1274 addito
1683 1231 1722 1270 ei

277 1289 462 1336 dominae
497 1291 628 1333 titulo.
683 1290 727 1329 id
767 1290 914 1329 diserte
946 1296 1113 1330 testatur
1146 1287 1457 1341 Abulpharagius
1484 1301 1526 1340 Ρ.
1548 1287 1630 1331 429
1656 1286 1720 1328 sui

278 1345 464 1385 chronici
479 1347 660 1397 Arabici,
692 1359 808 1397 agens
826 1347 874 1385 de
890 1346 1158 1398 Gingizchano
1175 1344 1304 1398 primo
1324 1345 1560 1397 imperatore
1578 1343 1720 1394 Mogu-
1786 1379 1793 1393 ,

277 1408 463 1459 lensium,
493 1410 605 1448 cuius
631 1423 794 1448 uxorem
809 1410 1034 1462 primariam
1062 1415 1102 1448 et
1127 1408 1411 1448 nobilissimam
1438 1389 1637 1473 ω-,Ξι-ΜῘ
1658 1403 1721 1443 Al

283 1467 466 1515 ΟΙιαιιιη,
499 1467 576 1505 hoc
609 1474 666 1505 est
695 1465 903 1504 dominam
925 1473 1125 1515 vocatam,
1150 1467 1316 1519 proprio
1335 1466 1494 1505 nomine
1510 1478 1720 1517 nuncupa-

277 1528 358 1562 tam
379 1523 498 1562 fuisse
517 1523 570 1559 ait
595 1523 813 1560 Ovisuniin
830 1525 947 1573 Regi.
1003 1523 1182 1562 similiter
1199 1523 1241 1560 in
1258 1523 1365 1572 aliis,
1394 1535 1563 1573 quorum
1579 1521 1719 1559 ordine

276 1577 468 1624 meminit,
499 1578 795 1628 imperatoribus
826 1579 910 1616 eius
937 1579 1061 1628 gentis
1091 1579 1324 1630 plerumque
1350 1583 1538 1618 memorat
1565 1575 1719 1628 praeci-

276 1646 395 1684 puam
414 1632 606 1683 cuiusque,
622 1634 839 1684 coniugem,
858 1647 1010 1685 semper
1026 1634 1086 1671 illi
1103 1635 1173 1672 uni
1190 1635 1367 1675 tribuens
1379 1633 1542 1674 titulum.
1555 1632 1718 1670 chacun

278 1689 360 1726 sive
390 1688 613 1740 praeposito
644 1688 812 1726 articulo
848 1689 908 1726 Al
935 1689 1119 1738 Clcatzcn5
1169 1703 1284 1740 quem
1317 1689 1476 1727 titulum
1507 1687 1716 1726 Eduardus

278 1743 515 1792 Pocockius,
545 1743 704 1782 Latinus
725 1743 806 1782 eius
832 1744 1016 1784 Chronici
1039 1746 1254 1797 interpres,
1284 1745 1384 1782 solet
1404 1742 1621 1796 exprimere
1638 1757 1715 1782 vo-

280 1796 419 1837 cabulo
450 1798 644 1837 dominae.
700 1799 819 1838 Maria
841 1800 960 1850 igitur
981 1800 1207 1851 Palaeologa
1222 1829 1234 1851 ,
1263 1802 1322 1838 uti
1344 1800 1422 1838 iam
1439 1812 1547 1838 nunc
1560 1799 1717 1851 >prima-

279 1855 339 1893 ria
357 1868 461 1893 uxor
483 1855 776 1906 Carmpantanis
791 1856 913 1894 Kanis
932 1856 1210 1908 Muguliorum,
1238 1870 1260 1895 a
1276 1856 1356 1897 suis
1377 1855 1536 1894 Graecis
1554 1855 1718 1894 titulum

284 1911 447 1949 Clzatun
474 1911 509 1949 ei
539 1925 561 1948 a
588 1911 878 1961 Mogulensibus
905 1912 1098 1950 tributum
1129 1926 1199 1950 sua
1224 1912 1357 1963 lingua
1378 1911 1631 1950 reddentibus
1650 1910 1718 1951 δέ-

280 1973 423 2006 σποινα
450 1965 614 2006 domina
641 1967 906 2019 Muguliorum
930 1968 1198 2018 vocitabatur,
1227 1974 1348 2022 prout
1362 1967 1424 2008 his
1443 1967 1595 2007 duobus
1615 1967 1715 2006 locis

279 2022 535 2076 Pachymeres
555 2023 737 2064 affirmat.

391 2115 429 2151 p·
447 2103 527 2142 629
545 2114 584 2139 v·
607 2105 673 2143 13.
729 2101 887 2154 Bizyam
912 2102 1033 2141 fuisse
1048 2102 1093 2143 in
1109 2100 1403 2142 mediterraneis
1420 2099 1609 2141 Thraciae
1636 2101 1716 2140 du-

281 2155 376 2193 dum
399 2155 619 2195 docuerunt
638 2158 882 2196 Ptolomaeus
902 2164 940 2196 et
956 2158 1187 2210 Stephanus.
1242 2157 1360 2198 πόλιν
1380 2165 1508 2196 autem
1528 2157 1714 2206 eamdem,

279 2225 359 2248 non
377 2208 515 2263 κώμην
533 2213 727 2263 extitisse,
758 2215 975 2264 civitatem,
1005 2228 1086 2252 non
1103 2217 1257 2262 vicum,
1287 2214 1528 2252 demonstrat
1543 2213 1714 2264 scriptor

281 2279 499 2318 anonymus
525 2269 693 2318 aequalis
720 2276 943 2321 temporum
976 2270 1107 2308 Basilii
1130 2270 1374 2318 Macedonis,
1406 2269 1475 2320 qui
1504 2268 1614 2306 annis
1631 2268 1713 2306 fere

283 2322 503 2372 quingentis
521 2324 630 2374 prius
648 2325 874 2363 Andronico
894 2326 971 2363 hoc
987 2332 1120 2364 nostro
1139 2325 1476 2364 Orientale-tenuit
1492 2322 1713 2375 imperium,

280 2378 325 2416 in
353 2377 434 2417 vita
466 2379 643 2417 nondum
672 2380 775 2419 edita
806 2394 918 2430 quam
948 2382 1093 2419 Graece
1118 2381 1278 2432 scripsit
1296 2382 1460 2418 Sanctae
1475 2378 1618 2421 Mariae
1638 2392 1712 2416 co-

281 2439 491 2483 gnomento
510 2434 689 2476 iunioris.
746 2442 924 2474 servatur
948 2436 1044 2474 haec
1067 2437 1110 2474 in
1127 2435 1360 2474 bibliotheca
1380 2434 1504 2475 Vatic.
1524 2434 1612 2473 cod.
1629 2437 1715 2477 800

282 2489 352 2530 fol.
374 2491 468 2531 230.
524 2488 579 2527 ibi
606 2496 736 2528 autem
767 2498 971 2542 postquam
999 2492 1160 2530 dixisset
1178 2498 1316 2529 auctor
1335 2490 1496 2533 Mariam
1515 2502 1607 2531 cum
1622 2490 1713 2531 viro

282 2558 357 2584 suo
385 2558 434 2584 ex
462 2543 551 2582 vico
578 2545 768 2595 quodam,
797 2547 840 2586 αἱ
860 2543 1046 2599 Καμςῖραι
1063 2554 1224 2595 vocato,
1248 2545 1315 2584 ubi
1333 2545 1463 2585 mariti
1479 2544 1562 2585 eius
1587 2545 1711 2587 Nice-

281 2599 399 2656 phori
422 2605 582 2652 paterna
607 2606 690 2638 erat
715 2602 876 2650 domus,
905 2604 1088 2652 migrasse
1112 2602 1293 2652 Bizyam,
1323 2600 1450 2640 addit:
1480 2600 1656 2642 ἐνταῦθα
1679 2598 1711 2652 ἦ

282 2657 452 2708 μακαρία
466 2651 531 2695 τὸν
550 2653 622 2707 μὲν
639 2652 762 2697 τόπον
781 2653 953 2708 ἥμειψεν
975 2654 1051 2698 sin&
1073 2654 1210 2708 κώμης
1236 2657 1292 2705 εἷς
1319 2654 1444 2700 πόλιν.
1499 2656 1566 2698 llic
1591 2657 1714 2699 beata«

280 2713 414 2750 locum
447 2710 607 2763 quidem
638 2713 813 2752 mutavit
842 2727 861 2750 e
887 2715 972 2752 νὶεο
1001 2715 1044 2750 in
1072 2712 1219 2752 urbem.
1278 2725 1397 2763 quam
1422 2718 1461 2751 et
1485 2726 1566 2751 non
1586 2712 1710 2755 multo

280 2775 374 2820 post
407 2763 731 2822 πολυάνθρωπον
766 2774 901 2820 vocat,
939 2769 1129 2809 celebrem
1151 2773 1188 2807 et
1211 2768 1455 2821 populosam.
1512 2782 1594 2820 quo
1616 2766 1714 2809 facit
