1820 3112
357 128 432 171 DE
460 126 792 172 ANDRONICO
824 128 1197 174 PALAEOLOGO
1227 130 1272 174 L.
1301 128 1376 173 111.
1505 129 1600 176 263

138 241 312 298 ἐρρέθη,
346 242 552 298 πεμφθεὶς
575 239 758 297 ἀρχῆθεν
773 241 887 297 παρὰ
919 244 1002 284 τῶν
1033 242 1076 284 ἔκ
1095 241 1236 298 γένους
1258 238 1466 299 ἀρχόντων
1477 276 1491 296 ,
1527 243 1602 287 οὒκ

137 309 275 366 ἅρχων
309 307 365 352 ὢν
392 309 488 352 ἀλλ’
519 307 831 366 ὑποστράτηγος
860 313 1004 365 σφῶν,
1059 312 1264 366 πεμφθεὶς
1295 305 1368 354 οὖν
1395 311 1499 365 μεθ’
1535 311 1598 356 ὅτι
1622 318 1650 352 Β

138 379 328 432 πλείστης
357 375 567 431 δυνάμεως
596 378 658 438 ἐπὶ
688 382 763 434 τῆς
788 377 892 420 κατὰ
913 382 1073 434 βορρᾶν
1101 380 1294 434 περαίας,
1328 380 1398 422 ‘lm
1421 382 1487 423 καὶ
1508 380 1599 424 διά-

139 463 251 503 φορα
267 445 370 502 ἔθνη
391 443 518 489 πάλαι
534 446 609 500 μὲν
625 444 837 500 Ῥωμαίοις
855 443 1030 499 ὑπήκοα,
1058 445 1229 502 ὕστερον
1253 447 1299 490 δ’
1322 445 1503 505 ἁλούσης
1526 455 1600 505 τῆς

107 515 459 559 5Κωνσταντίνου
489 514 596 557 καθ’
627 512 734 557 anit&
764 513 864 558 ὄντα
895 515 963 556 καὶ
982 517 1223 570 τοπαρχίαις
1250 515 1596 573 τισὶμεριζόμενα,

139 582 195 634 ὥς
211 580 374 641 ἐρήμων
405 581 814 640 καταδραμούμενος,
853 582 1018 633 ἐπιστὰς
1045 587 1106 642 τῷ
1126 584 1232 626 κατὰ
1251 589 1363 641 σφᾶς
1386 587 1463 629 δέει
1483 584 1599 646 μόνῳ

136 655 343 708 χειροῦται
363 653 429 694 καὶ
448 649 648 695 ὖποκλίνει
673 649 875 708 Τοχάροις
897 649 1234 707 αὐτονομούμενα
1254 650 1466 710 πρότερον.
1512 654 1600 710 ἅμα

138 724 237 776 γοῦν
263 717 472 764 τοσούτων
505 720 640 763 ἐθνῶν
671 714 823 777 ἦρξαν,
881 722 948 763 καὶ
975 719 1063 775 ἅμα
1097 723 1436 777 πολυανδροῧντα
1467 721 1594 767 τόπον
1620 735 1648 768 C

138 786 293 839 ἰδόντες
314 790 380 831 καὶ
400 787 611 845 ἄρετῶσαν
628 793 702 845 γῆν
723 789 826 845 πρὸς
845 787 979 832 πάντα
999 789 1051 831 τὰ
1072 788 1299 846 ἀναγκαῖα,’
1321 788 1482 841 ἕαυτοΐς
1494 790 1598 835 ὕπο-

85 869 128 903 10
138 862 348 900 ποιοῦνται
370 857 445 907 τὰς
458 854 597 914 χώρας
616 859 681 900 καὶ
701 857 804 900 καθ’
825 855 978 908 αὖτούς
995 853 1114 912 ἦσαν.
1186 856 1242 908 ὥς
1262 860 1307 902 δὲ
1324 861 1391 902 καὶ
1413 864 1496 903 τῶν
1512 860 1598 905 ἅνω

141 923 342 982 Τοχάρων
351 959 365 979 ,
398 923 460 976 οἷς
475 927 540 968 καὶ
562 921 613 980 ἦν
629 925 765 980 ὂίρχειν
776 959 790 979 ,
828 923 1022 969 ἐπιόντων
1041 928 1108 969 καὶ
1131 926 1178 970 τὸ
1200 925 1352 983 κράτος
1370 927 1597 984 ζητούντων

138 994 287 1044 ἐκεῖνος
302 994 457 1037 συνέσει
474 1011 518 1036 τε
536 995 603 1036 καὶ
620 998 679 1052 τῷ
699 993 805 1038 καθ’
830 993 956 1038 αὑτὸν
975 992 1127 1050 πλήθει
1147 997 1406 1052 περιεγένετο,
1418 1002 1493 1040 τοῦ
1509 1002 1597 1042 λοι-

138 1067 218 1106 ποῦ
248 1061 396 1118 ἀνέδην
426 1062 732 1118 ηὕτονομοῦντο
763 1065 830 1106 καὶ
852 1063 923 1107 τὸν
946 1063 1032 1107 ἄνω
1050 1063 1243 1114 Εὐξείνου
1262 1062 1388 1109 τόπον
1405 1065 1597 1123 ἄρχοντι-

135 1135 216 1182 mag
237 1132 510 1187 ἓκαρπίζοντο.
583 1126 631 1186 ἦν
649 1135 748 1187 γοῦν
766 1136 897 1175 ταῦτα
920 1134 982 1175 ἐπὶ
1002 1139 1172 1188 καιροῖς,
1209 1135 1276 1175 καὶ
1295 1138 1354 1193 τῷ
1374 1139 1449 1177 τοῦ
1467 1139 1591 1190 βασι·
1616 1139 1646 1172 D

83 1206 125 1242 15
138 1199 238 1250 λε’ως
270 1197 382 1254 κήδει
414 1197 436 1242 ὅ
463 1202 604 1256 Νογᾶς
634 1200 853 1256 ἦγλαΐζετο.
924 1203 1007 1244 ἐπεὶ
1031 1202 1076 1243 δὲ
1098 1205 1260 1244 πολλῶν
1282 1202 1464 1246 ἐκποδών
1483 1221 1597 1260 γεγο-

138 1266 267 1312 νότων
286 1266 348 1318 οἶς
368 1268 417 1323 δὴ
438 1269 504 1310 καὶ
528 1268 574 1311 τὸ
599 1268 734 1325 ἄρχειν
758 1270 801 1312 ἐκ
822 1268 960 1325 γένους
983 1273 1166 1324 προσῆν,
1205 1268 1226 1313 ὃ
1255 1269 1457 1322 Τουκτάῖς
1479 1273 1596 1328 ἔγκα-

136 1335 368 1380 ταλέλειπτο
388 1338 454 1379 καὶ
475 1336 554 1392 ἤδη
580 1336 817 1394 γεγηρακότι
841 1344 898 1398 τῷ
927 1341 1046 1398 Νογᾷ
1071 1336 1294 1395 ἐφειστήκει
1319 1342 1386 1383 καὶ
1410 1342 1597 1397 εἰσβολῆς

229 1469 281 1503 10.
305 1465 346 1503 δὲ
368 1467 498 1502 deerat.

134 1593 202 1627 quo
225 1584 279 1616 est
299 1581 454 1626 superius
477 1594 498 1617 a
521 1583 616 1618 nobis
639 1583 775 1626 dictum,
793 1584 910 1619 missus
929 1583 1006 1618 olim
1030 1596 1051 1619 a
1073 1584 1279 1630 principibus
1301 1585 1414 1629 gentis
1436 1596 1500 1619 non
1525 1586 1593 1620 dux

134 1628 209 1673 ipse
230 1638 417 1672 supremus,
439 1629 498 1663 sed
521 1630 716 1674 praefectus
739 1630 843 1676 copiis
867 1630 1072 1665 auctoritate
1093 1631 1233 1673 vicaria,
1258 1643 1331 1666 cum
1354 1631 1507 1666 exercitu
1530 1644 1592 1666 nu-

134 1673 357 1707 merosissimo
390 1674 426 1707 in
448 1675 613 1710 obversae
635 1676 737 1710 Asiae
760 1676 960 1711 continentis
988 1676 1141 1711 boreales
1161 1682 1278 1721 partes
1298 1677 1517 1722 irruptionem
1542 1679 1594 1711 se-

134 1719 193 1753 cit.
237 1719 336 1753 sedes
358 1719 428 1754 illic
449 1720 621 1756 habebant
642 1728 762 1766 gentes
784 1722 901 1757 variae
923 1723 998 1756 olim
1021 1723 1181 1757 Romanis
1203 1723 1379 1758 subiectae
1393 1748 1404 1764 ‚
1428 1723 1489 1757 sed
1516 1731 1592 1768 post

135 1769 268 1810 captam
291 1776 314 1799 a
333 1765 467 1800 Latinis
490 1767 813 1814 Constantinopolim
845 1769 897 1802 sui
924 1768 1010 1803 iuris
1041 1770 1172 1811 sactae,
1204 1769 1399 1813 divisaeque
1420 1769 1454 1802 iu
1477 1768 1592 1813 plures

132 1810 328 1856 toparchias
350 1810 546 1856 singiliatim
569 1813 718 1855 debiles,
740 1826 803 1849 nec
824 1826 891 1848 uno
913 1814 947 1848 in
970 1825 1142 1849 commune
1165 1814 1304 1848 consilio
1326 1817 1484 1856 utentes,
1518 1815 1594 1848 nul-

132 1857 202 1889 lam
221 1856 374 1890 idoneam
394 1858 599 1893 irruentibus
621 1860 777 1894 barbaris
798 1871 970 1906 opponere
1002 1860 1229 1894 defensionem
1253 1864 1454 1904 potuerunt3
1485 1870 1593 1904 quare

133 1901 179 1935 ud
210 1901 354 1946 primum
383 1904 499 1938 statim
530 1905 699 1940 incursum
728 1911 820 1940 metu
851 1907 924 1950 ipso
955 1906 1136 1947 debellati,
1170 1905 1281 1939 facilis
1304 1905 1394 1939 citra
1421 1908 1592 1938 certamen

133 1945 347 1980 vincentibus
375 1949 504 1992 praeda
537 1962 680 1986 cessere.
726 1951 760 1985 in
782 1953 840 1987 illa
862 1952 1042 1989 felicitate*
1056 1951 1221 1996 insperati
1242 1961 1418 1984 successus
1441 1950 1593 1985 animad-

133 1994 272 2025 vertens
295 1992 414 2036 Nugas
437 2006 511 2028 cum
533 1996 603 2030 suis
626 1997 752 2031 habere
783 2010 821 2032 se
842 1999 905 2031 sub
927 2008 1060 2031 manum
1082 1996 1372 2041 frequentissimas
1397 2001 1434 2030 et
1455 1997 1593 2030 conser-

134 2041 190 2071 tas
211 2037 334 2082 populo
355 2039 533 2083 regiones,
565 2042 768 2087 easdemque
791 2043 857 2077 soli
878 2043 992 2076 uberis
1015 2047 1051 2076 et
1072 2042 1215 2075 omnium
1238 2042 1332 2075 vitae
1353 2041 1500 2076 tuendae
1522 2042 1591 2076 uti-

134 2082 216 2116 lium
237 2082 374 2124 feracis,
396 2095 462 2118 non
485 2086 628 2130 amplius
650 2089 807 2132 precaria
829 2093 999 2133 potestate
1019 2087 1062 2121 iis
1085 2098 1244 2132 praeesse
1267 2091 1346 2121 sunt
1367 2087 1507 2131 dignati,
1529 2092 1591 2122 aut

133 2128 254 2162 ducum
274 2133 429 2163 veterum
442 2154 453 2173 ‚
490 2142 513 2164 a
536 2131 658 2176 quibus
681 2139 780 2167 erant
801 2135 843 2167 ad
873 2134 976 2167 istam
995 2133 1239 2177 expeditionem
1262 2133 1441 2177 destinati,
1471 2138 1588 2167 nutum

132 2173 301 2219 respicere
324 2180 497 2209 curarunt.
544 2178 683 2222 proprio
715 2179 792 2212 illas
823 2179 970 2224 nullique
993 2178 1136 2212 obnoxio
1156 2178 1327 2213 subiectas
1346 2179 1489 2224 imperio
1512 2179 1589 2214 No-

131 2230 196 2264 gas
217 2219 354 2262 babuit3
377 2232 418 2255 ac
441 2224 663 2267 repetentium
687 2223 740 2257 ius
763 2236 857 2258 suum
880 2224 1092 2269 antiquorum
1115 2225 1298 2270 principum
1321 2225 1434 2268 gentis
1449 2226 1587 2260 Tocha-

131 2266 222 2299 ricae
245 2266 400 2310 querelas
423 2273 630 2313 conatusque
653 2270 773 2313 partim
803 2270 902 2304 elusit
931 2269 1151 2314 ambiguitate
1172 2281 1406 2316 responsorum
1430 2276 1466 2305 et
1487 2271 1588 2305 ficta-

133 2322 207 2344 rum
230 2311 276 2345 ud
297 2316 431 2357 tempus
453 2314 706 2359 promissionum
728 2315 894 2350 industria
915 2315 1053 2356 solerti,
1085 2315 1206 2360 partim
1235 2316 1294 2351 ubi
1315 2321 1437 2362 aperta
1459 2317 1509 2351 vis
1532 2317 1587 2350 in-

130 2361 267 2391 tentata
299 2362 372 2400 est,
405 2360 563 2404 oppositu
586 2361 927 2400 numerosissimarum
948 2361 1116 2406 copiarum
1147 2362 1280 2408 repulit.
1324 2374 1389 2397 uec
1410 2363 1461 2397 its.
1481 2364 1585 2397 multo

133 2406 232 2447 post,
266 2403 366 2448 quasi
390 2404 523 2440 firmato
553 2407 628 2441 iure
650 2407 868 2453 possessionis
901 2407 991 2452 longi
1013 2407 1279 2453 praescriptione
1300 2408 1481 2454 temporis,
1513 2409 1586 2443 sine

133 2449 362 2483 controversis
382 2452 549 2495 regnavit,
574 2452 671 2497 pleno
693 2453 759 2488 iam
781 2465 845 2487 nec
866 2457 1026 2487 revocato
1060 2465 1081 2487 a
1114 2463 1281 2499 quoquam
1302 2455 1338 2488 in
1362 2454 1500 2488 dubium
1523 2455 1585 2488 do-

131 2493 233 2527 minio
255 2496 447 2539 superiores
469 2497 604 2532 Euxino
629 2499 738 2534 Ponto
760 2499 916 2544 regiones
938 2498 1102 2534 obtinens.
1147 2498 1177 2533 is
1201 2504 1311 2534 status
1333 2500 1402 2534 illic
1427 2501 1585 2534 diuturno

132 2539 256 2584 spatio⁴
276 2551 390 2576 rerum
421 2542 507 2585 fuit,
538 2546 672 2590 quando
703 2546 746 2580 ad
778 2550 947 2580 caeteram
970 2544 1092 2588 Nogae
1120 2545 1306 2580 claritatem
1329 2547 1474 2581 accessit
1494 2545 1583 2579 haud

132 2594 250 2628 parum
273 2597 347 2620 eum
370 2587 539 2624 illustrans
563 2591 713 2625 affinitas
736 2603 811 2625 cum
834 2590 1002 2625 michaele
1022 2590 1172 2634 Augusto
1194 2595 1381 2634 contracta,
1404 2592 1458 2625 cui
1481 2602 1586 2636 gener

131 2630 243 2664 factus
265 2636 320 2666 est
340 2634 468 2678 nuptiis
489 2635 582 2670 filiae
604 2637 859 2683 Euphrosynes.
904 2636 1041 2671 iuterim
1072 2636 1186 2671 multis
1211 2638 1350 2672 mortuis
1373 2649 1488 2672 eorum
1511 2636 1586 2681 qui-

131 2674 195 2708 bus
215 2681 308 2711 sorte
330 2679 491 2713 natalium
513 2683 683 2716 successio
714 2695 757 2717 ex
785 2693 911 2727 genere
937 2683 1149 2727 competebat
1170 2682 1300 2729 imperii
1334 2695 1355 2717 a
1377 2695 1444 2727 quo
1468 2682 1587 2726 Negas

131 2719 327 2764 defecerat,
358 2725 508 2771 reliquus
536 2739 579 2761 ex
608 2739 650 2762 ea
679 2729 788 2774 stirpe
809 2727 953 2762 Tuctais
982 2727 1034 2762 ius
1056 2728 1182 2762 avitum
1213 2739 1416 2775 recuperare
1438 2727 1586 2762 tentavit

132 2770 290 2812 suscepta
310 2769 345 2803 in
367 2781 442 2805 eum
464 2773 678 2817 expeditione
700 2785 740 2808 eo
763 2785 943 2816 successu,
966 2778 1006 2808 ut
1026 2773 1093 2809 iam
1115 2785 1219 2811 senex
1241 2775 1361 2821 Nugas
1385 2773 1513 2820 praelio
1537 2773 1586 2808 vi·
