1858 3126
251 179 346 225 308
673 174 910 219 GEORGII
946 174 1299 220 PACHYMERIS

251 292 412 347 μαίοις,
452 287 520 332 ἐπ’
555 287 761 343 ἀνατολῆς
789 286 923 345 ὥρμα.
992 284 1044 344 ἦν
1072 289 1118 332 δὲ
1150 290 1216 332 καὶ
1246 288 1594 347 προστεταγμένον
1622 289 1725 347 πρὸς

251 359 453 415 βασιλέως
483 356 636 408 αὐτοὺς
665 360 900 411 κατοικίζειν
931 360 1043 415 τῇδε.
1115 360 1182 400 καὶ
1212 353 1263 412 ἦν
1294 356 1315 401 ὅ
1350 358 1503 408 σκοπὸς
1531 361 1592 417 τῷ
1622 376 1725 415 κρα-

250 433 388 472 τοῦντι
410 428 477 470 καὶ
500 427 591 469 λίαν
612 425 790 477 εὔελπις·
828 424 1032 483 εὐάγωγον
1056 426 1135 483 γὰρ
1160 424 1393 481 ἐμάνθανεν
1410 425 1511 470 εἶναι
1529 427 1577 471 τὸ
1600 427 1724 477 ἔθνος

255 499 320 541 καὶ
344 495 532 546 εὐπειθές
543 529 554 547 ,
591 496 694 552 πρὸς
712 497 758 539 δὲ
777 496 983 550 πολέμους
1003 498 1069 539 καὶ
1090 493 1361 552 λίανάρεΐκόν
1379 511 1423 539 τε
1443 496 1510 539 καὶ
1529 493 1722 551 μάχιμον.

253 569 320 610 καὶ
356 566 424 609 διὰ
459 569 593 608 ταῦτα
627 563 900 622 κατωλιγώρει
927 565 1071 620 σχεδὸν
1109 569 1191 608 τῶν
1222 563 1434 619 Ῥωμαίων
1462 562 1520 615 ὥς
1544 571 1758 621 γυναικι-5

252 635 439 679 σθέντων
457 633 648 691 ἄντικρυς
667 636 733 677 καὶ
756 635 799 686 ἐξ
819 631 996 690 ἀνάγκης
1014 635 1087 689 μὲν
1110 634 1164 678 τὰ
1186 634 1318 677 πολλὰ
1338 633 1728 688 καταμαλακισθέν·

253 723 335 748 των
345 738 358 758 ,
398 703 474 758 οὐχ
490 697 616 759 ἧττον
639 705 685 746 δὲ
704 706 771 746 καὶ
793 703 873 747 ἀπὸ
895 707 1149 753 κακοθελοῦς
1168 699 1334 759 γνώμης
1353 705 1420 746 καὶ
1437 702 1724 761 προαιρέσεως.

204 782 236 815 D
260 780 347 824 τοῖς
378 774 424 816 δὲ
456 774 522 815 καὶ
547 776 706 827 μᾶλλον
724 770 893 829 ἐθάρρει
917 772 1011 830 ἄρτι
1035 770 1210 829 πρώτως
1228 779 1389 830 φανεῖσι
1406 774 1474 823 καὶ
1493 772 1728 827 ἀποδυομέ-

255 860 341 893 νοις
365 843 421 892 εῗς
439 841 671 898 Περσικοὺς
691 841 896 896 πολέμους
907 875 920 894 ,
957 841 1004 884 τὸ
1031 842 1170 884 ἱκανὸν
1189 841 1304 899 παρὰ
1328 841 1529 897 βασιλέως
1550 840 1728 897 ἔχουσιν.

257 915 397 955 ἐκεῖνοι
415 910 489 965 μέν
503 943 516 962 ,
555 908 612 960 ὦς
637 910 795 954 εἷ’θιστο
816 907 945 954 πάλαι
966 912 1083 968 σφίσι
1105 911 1182 954 σὺν
1202 913 1322 967 Νογᾶ
1341 914 1613 965 πολεμοῦσιν,
1652 908 1726 953 οῧ-
1738 915 1784 950 10

255 998 339 1031 τως
367 979 590 1023 κάνταῦθα
615 978 848 1035 στρατεύειν
869 977 1035 1035 ἐζήτουν
1043 1013 1056 1033 ,
1094 982 1325 1036 πανσυδιήν
1347 977 1532 1036 δηλαδή,
1571 977 1628 1030 ὦς
1650 978 1727 1022 ἆλ-

257 1049 395 1106 λήλοις
425 1045 613 1105 ἀρήγοιεν
646 1049 753 1091 κατὰ
782 1046 975 1103 πόλεμον.
1047 1049 1098 1092 τὰ
1127 1050 1175 1091 δέ
1205 1066 1247 1105 γε
1277 1049 1382 1092 κατὰ
1415 1048 1492 1105 τὴν
1516 1046 1727 1102 Ῥωμαΐδα

255 1115 519 1173 πανταχόθεν
541 1115 764 1174 πράγματα
784 1120 1023 1175 μερίζεσθαι
1044 1115 1219 1168 τούτους
1239 1117 1360 1161 ἐποίει
1370 1151 1384 1171 ,
1421 1116 1476 1167 ὥς
1493 1114 1596 1173 μήτ’
1621 1118 1728 1160 αἰδῶ

256 1188 362 1244 παρ’
395 1184 584 1242 ἀλλήλων
616 1185 717 1230 εἶναι
749 1188 864 1244 σφίσι
893 1185 997 1241 μήτε
1025 1186 1310 1241 συνασπισμὸν
1327 1185 1432 1243 ὑπὲρ
1447 1185 1636 1241 ἀλλήλων
1652 1185 1728 1229 τὸν

206 1263 238 1298 Ε
261 1256 482 1315 πρέποντα.
552 1259 612 1314 τῷ
634 1273 700 1299 τοι
722 1258 788 1298 καὶ
806 1255 903 1306 τοὺς
919 1257 995 1310 μὲν
1011 1258 1226 1306 πλείστους
1253 1255 1348 1298 κατ’
1370 1255 1576 1311 ἀνατολὴν
1602 1255 1782 1310 {heu-15

256 1344 328 1370 πεν
341 1359 354 1379 ,
392 1325 546 1375 ἄλλους
568 1324 617 1367 δέ
633 1342 675 1382 γε
698 1329 757 1386 τῷ
780 1323 1035 1378 Μουζάλωνι
1052 1322 1275 1378 Ἁλιζώνων
1294 1321 1577 1382 ἡγεμονεύοντι
1598 1340 1727 1381 παρε-

255 1517 326 1552 que
347 1504 512 1539 inservire
534 1503 748 1539 nihilominus
781 1503 882 1539 iussit
903 1503 1036 1550 pedites
1058 1503 1206 1539 inermes
1229 1502 1370 1539 Romani
1400 1502 1554 1549 generis,
1589 1502 1648 1549 qui
1671 1513 1731 1537 re-

260 1555 360 1597 cepto
384 1550 515 1596 pridem
539 1554 728 1584 castrorum
750 1561 814 1584 usu
838 1558 975 1596 praesto
1005 1550 1125 1585 adesse
1156 1550 1401 1595 praeliantibus
1424 1549 1598 1596 equitibus
1623 1549 1730 1583 debe-

258 1599 360 1639 bant,
396 1596 596 1641 illornmque
627 1596 825 1630 vulneribus
859 1595 1016 1630 curandis
1045 1608 1087 1631 ac
1118 1596 1266 1630 caeteris
1297 1596 1457 1641 periculis
1486 1594 1728 1648 propulsandis

259 1655 374 1678 curam
398 1653 603 1688 operamque
624 1641 822 1687 impendere
842 1646 1023 1676 strenuam.
1070 1647 1175 1687 atque
1193 1642 1254 1676 hos
1276 1642 1328 1676 sic
1343 1645 1538 1676 auctoratos
1551 1652 1587 1675 ιιι
1602 1640 1730 1675 Orien-

259 1690 347 1724 tales
371 1692 503 1722 tractus
527 1687 631 1728 misit,
657 1688 735 1722 dato
759 1687 922 1722 ministris
945 1689 989 1722 ad
1012 1688 1047 1722 id
1070 1687 1202 1722 idoneis
1225 1687 1383 1722 mandato
1405 1691 1445 1722 ut
1465 1685 1553 1733 ipsis
1575 1686 1646 1721 illic
1667 1686 1731 1722 do—

258 1747 332 1770 mos
364 1745 534 1780 agrosque
567 1733 792 1778 assignarent.
840 1734 1036 1768 destinabat
1069 1737 1155 1768 enim
1189 1733 1270 1767 talis
1302 1732 1440 1779 generis
1464 1732 1604 1768 coloniis
1626 1733 1730 1768 istum

259 1781 350 1816 tueri
373 1793 415 1815 ac
438 1780 576 1814 firmare
597 1780 755 1823 limitem,
786 1779 965 1825 indulgens
997 1779 1067 1825 spei
1092 1779 1224 1825 prolixa
1254 1779 1384 1815 fiducia
1405 1778 1627 1825 prosperrimi
1650 1790 1730 1813 suc-

261 1838 390 1862 cessus.
439 1826 572 1860 duabus
594 1825 684 1860 enim
706 1826 905 1871 quibusdam
937 1827 1040 1860 fando
1064 1826 1247 1860 celebratis
1271 1830 1306 1859 et
1327 1826 1431 1860 facile
1453 1825 1595 1860 creditis
1617 1825 1730 1870 gentis

260 1875 359 1908 istius
386 1871 523 1907 dotibus
546 1883 749 1917 magnopere
771 1872 814 1906 ad
843 1871 969 1917 optime
992 1873 1195 1919 sperandum
1228 1871 1424 1914 nitebatur,
1455 1871 1632 1907 docilitate
1665 1871 1731 1906 ob-

259 1919 472 1966 temperandi
505 1922 541 1953 et
575 1917 748 1963 pugnandi
781 1918 992 1953 fortitudine.
1039 1918 1188 1964 indeque
1219 1917 1287 1952 iam
1318 1918 1463 1952 Romani
1495 1917 1631 1963 generis
1653 1917 1729 1951 fere

259 1965 410 2000 militiam
447 1965 650 2011 spernebat,
685 1964 912 1999 effeminatam
942 1964 1035 1999 illam
1067 1969 1103 1998 et
1134 1976 1207 1998 cum
1238 1963 1299 1998 otii
1322 1976 1364 1998 ac
1386 1964 1485 1999 luxus
1510 1962 1730 1998 assuetudine

261 2015 476 2058 corruptam,
511 2015 581 2044 tum
605 2009 767 2045 malevolo
790 2010 825 2044 in
853 2010 1025 2057 principes
1048 2011 1175 2045 affectu
1197 2010 1378 2056 infidisque
1405 2010 1626 2056 depravatam
1650 2020 1731 2045 sen-

262 2058 355 2091 sibus
379 2058 582 2098 criminans3
607 2057 825 2102 praecipuum
844 2069 944 2099 vero,
968 2057 1048 2102 quin
1072 2062 1107 2091 et
1128 2060 1235 2091 totum
1258 2058 1511 2091 fundamentum
1532 2053 1731 2092 securitatis

262 2103 448 2148 salutisque
472 2103 627 2149 publicae
648 2102 684 2136 in
707 2106 789 2137 tunc
812 2103 954 2149 primum
978 2103 1058 2137 visis
1081 2104 1222 2137 necdum
1245 2113 1307 2138 usu
1330 2103 1484 2148 probatis
1505 2102 1646 2137 barbari
1666 2112 1730 2148 po-

263 2149 335 2193 puli
369 2149 477 2193 copiis
504 2149 752 2193 praefestinata
776 2149 978 2183 credulitate
1004 2150 1224 2184 constituens.
1272 2149 1334 2183 hos
1363 2160 1450 2183 unos
1474 2148 1621 2190 intueri,
1653 2147 1730 2181 unis

263 2194 348 2237 niti3
380 2194 416 2228 in
441 2195 580 2234 horum,
605 2196 701 2228 modo
725 2196 934 2230 sufficienter
956 2196 1150 2237 alerentur,
1171 2195 1271 2229 unice
1292 2195 1486 2229 idoneorum
1509 2193 1730 2228 debellandae

263 2240 438 2286 potentiae
462 2240 633 2279 Persicae,
657 2241 827 2286 stipendia
849 2252 1000 2287 congrua
1021 2242 1207 2276 rectissime
1228 2240 1468 2287 impendendas
1489 2238 1624 2284 imper-fi
1645 2248 1730 2285 opes

263 2286 400 2319 ducere.
449 2286 493 2319 ad
515 2286 600 2320 haec
622 2286 668 2319 illi
691 2287 838 2322 vicissim
862 2299 999 2333 operam
1027 2288 1252 2334 spondentes,
1284 2298 1385 2321 unum
1408 2289 1615 2331 exceperunt
1637 2285 1730 2320 circa

263 2332 343 2366 belli
367 2330 554 2373 rationem,
589 2331 678 2365 velle
701 2344 757 2374 se,
790 2334 840 2368 uti
868 2335 931 2368 sub
955 2334 1057 2379 Noga
1080 2338 1345 2375 consueverant,
1377 2332 1412 2366 in
1436 2342 1553 2377 campo
1577 2335 1613 2366 et
1634 2331 1729 2366 iusta

262 2377 337 2413 acie
359 2388 430 2411 rem
457 2388 578 2422 gerere
592 2402 602 2420 ,
634 2389 700 2421 quo
726 2379 790 2413 sibi
814 2379 973 2424 opitulari
996 2379 1142 2413 invicem
1166 2382 1325 2424 possent,
1346 2388 1414 2411 non
1436 2382 1498 2411 aut
1519 2377 1652 2412 clausos
1672 2388 1730 2412 ar·-

266 2424 363 2458 cibus
386 2428 447 2457 aut
469 2422 611 2468 sparsim
635 2423 822 2468 discerptos
844 2436 907 2470 per
930 2437 1046 2459 manus
1069 2424 1217 2459 modicas
1239 2435 1403 2470 pugnare.
1452 2434 1520 2468 qua
1536 2423 1730 2458 conditione

264 2470 449 2515 imperator
481 2480 544 2514 pro
577 2472 713 2502 caetero
745 2471 863 2504 favore
889 2471 993 2504 facile
1023 2475 1187 2524 accepta,
1219 2469 1339 2514 partiri
1369 2479 1429 2502 eoa
1450 2468 1514 2503 sibi
1538 2469 1730 2514 provincias

265 2515 398 2561 imperii
422 2515 479 2559 lab
501 2518 618 2548 rantes
639 2514 762 2558 iussit,
785 2515 835 2549 ita
856 2521 896 2549 ut
918 2516 1040 2550 idoneo
1063 2517 1192 2562 ubique
1212 2526 1350 2549 numero
1370 2514 1554 2550 militarent
1567 2541 1578 2559 ,
1594 2516 1646 2550 'ne
1668 2518 1729 2550 aut

266 2560 401 2596 stimulo
425 2570 482 2594 cat
503 2565 580 2594 rent
602 2565 739 2594 mutuae
762 2560 994 2595 aemulationis
1014 2562 1048 2595 in
1073 2561 1178 2595 oculis
1195 2560 1452 2595 commilitonum
1468 2561 1611 2608 quisque
1625 2572 1730 2608 prae·-

266 2607 411 2648 liautes,
435 2610 495 2640 aut
517 2605 551 2640 in
578 2606 795 2640 certaminum
818 2607 951 2641 casibus
972 2607 1238 2641 destituerentur
1260 2606 1408 2641 subsidio
1430 2617 1588 2651 suornm,
1609 2607 1644 2642 iu
1667 2617 1729 2642 ea-

268 2653 346 2688 dem
374 2651 507 2687 scilicet
533 2650 606 2686 acie
635 2651 795 2686 stantium
825 2657 860 2686 et
892 2653 984 2686 facto
1016 2656 1124 2686 cuneo
1155 2653 1198 2686 ad
1223 2652 1524 2699 propugnationem
1547 2660 1730 2688 occurrere

268 2703 482 2745 paratorum,
513 2709 614 2752 quam
635 2697 671 2732 in
694 2701 825 2744 partem
847 2698 1027 2732 discrimen
1049 2710 1092 2733 ex
1115 2703 1213 2733 aestu
1234 2700 1325 2733 forte
1347 2698 1582 2744 reciprocante
1603 2698 1729 2734 Martis

268 2744 355 2780 varii
377 2748 437 2779 aut
459 2743 538 2778 belh
560 2743 726 2790 quaedam
748 2744 887 2779 offensio
909 2747 1058 2779 vocaret.
1092 2755 1166 2779 cum
1187 2745 1256 2779 ista
1279 2745 1436 2779 cautione
1457 2745 1624 2780 trifariam
1644 2745 1728 2779 Ala-

270 2802 332 2825 nos
364 2789 481 2825 divisit
510 2789 708 2844 imperator.
754 2790 933 2836 plerosque
965 2790 1124 2824 videlicet
1153 2802 1268 2825 eorum
1297 2790 1451 2836 protinus
1481 2791 1516 2824 in
1549 2791 1727 2826 Orientem

269 2837 379 2880 misit3
410 2836 496 2871 alios
518 2836 641 2870 minori
663 2846 801 2871 numero
824 2836 996 2872 Muzaloni
1018 2836 1215 2872 Halizonum
1240 2839 1415 2883 praefecto
1439 2837 1592 2872 tradidit.
1639 2836 1727 2871 mul-
