1858 3126
275 183 373 229 772
673 177 986 223 OBSERVAT.
1018 178 1329 225 PAGHYMER.

387 305 426 343 p.
446 287 528 331 554
548 301 587 328 v.
609 290 677 330 23.
729 289 885 326 circiter
903 289 1126 339 sexaginta.
1181 285 1360 338 superius
1388 285 1543 327 dixerat
1570 293 1729 328 centum

282 345 559 399 quinquaginta
578 343 783 382 Catelanos
799 344 1006 382 comitatos
1027 344 1142 382 fuisse
1158 343 1416 382 Rontzerium
1432 338 1485 382 ad
1501 343 1731 383 michaelem

282 409 451 450 euntem,
479 407 566 439 tum
582 400 736 438 eosdem
755 401 822 439 illo
839 401 1046 439 interfecto
1067 406 1214 451 captos.
1270 399 1454 437 nimirum
1470 399 1730 451 multiprimo

282 458 460 496 tumultu
476 457 658 508 fugerint,
687 457 801 495 multi
817 457 919 507 longi
940 456 1105 494 carceris
1119 455 1375 493 incommodis
1388 455 1731 507 abmmptipsrie-

283 516 385 563 rint,
413 519 459 552 ut
478 527 583 551 nunc
601 518 758 551 tantum
781 514 977 564 sexaginta
1000 517 1255 563 superessent.
1313 512 1502 562 Gregoras
1522 517 1564 550 et
1577 510 1732 550 Hirm-

283 578 363 609 tzes
390 570 550 608 comites
574 569 692 607 hosce
715 569 915 608 Rontzerii
935 568 1145 607 liberaliter
1173 566 1457 619 multiplicant,
1485 576 1657 607 numero.
1680 566 1732 606 ad

284 627 474 665 ducentos
492 625 759 664 rotundando.
1588 636 1590 638 ·

394 720 434 761 p.
455 708 551 751 558.
607 708 718 756 Quae
744 704 810 746 hic
834 707 1062 746 referuntur
1084 707 1132 744 de
1151 706 1404 756 Smiltzaena‚
1433 703 1511 744 hoc
1529 710 1588 744 est
1606 719 1733 745 uxore

285 765 488 814 smiltzae,
517 775 616 814 quae
646 765 772 815 neptis
794 769 878 801 erat
907 763 1153 815 imperatoris
1174 763 1386 801 Andronici
1410 775 1460 800 ex
1480 763 1603 801 fratre
1626 763 1734 800 Con-

286 822 457 860 stantino
475 821 791 868 sabanum-atore,
818 819 1032 871 respiciunt
1051 820 1158 870 prius
1176 825 1335 857 narrata
1355 833 1375 856 a
1393 824 1529 857 nostro
1547 815 1733 858 historico

288 893 319 918 c.
342 881 393 922 18
413 878 438 916 l.
457 878 504 928 5,
528 887 617 916 cum
640 877 799 926 quibus,
829 882 874 914 ut
894 876 1182 926 intelligantur,
1211 874 1471 927 comparanda
1489 879 1595 914 sunt.

399 974 438 1012 p.
463 960 544 1004 559
569 972 607 998 v.
632 963 696 1002 11.
751 956 839 998 Hoc
863 971 912 997 ex
939 959 1139 997 occasione
1169 958 1423 1010 Pachymeres
1450 957 1607 1010 attingit
1629 958 1735 997 ultra

288 1023 413 1057 metas
430 1017 510 1054 eius
535 1015 723 1054 historiae
748 1028 970 1054 excurrens.
1028 1027 1118 1052 nam
1139 1015 1211 1052 sub
1237 1015 1355 1055 finem
1369 1015 1474 1054 vitae
1490 1013 1736 1066 imperatoris

289 1073 485 1113 Michaelis
502 1071 689 1121 iunioris,
718 1085 833 1122 quem
852 1071 953 1109 libro
973 1070 1115 1108 harum
1137 1071 1298 1110 Observ.
1321 1075 1347 1112 3
1365 1083 1399 1109 c.
1422 1073 1441 1111 1
1462 1085 1501 1110 n.
1521 1071 1549 1113 4
1568 1069 1734 1108 demon-

290 1126 498 1169 strabimus
527 1134 723 1167 mortuum
750 1126 869 1166 fuisse
888 1125 1050 1166 Octobri
1075 1121 1197 1164 mensi
1219 1122 1312 1165 anni
1331 1126 1424 1165 Chr.
1450 1126 1580 1174 1320,
1607 1125 1735 1164 trede-

290 1186 364 1224 cim
384 1182 506 1223 ferm'e
525 1181 637 1222 annis
662 1190 753 1236 post
771 1184 813 1222 id
833 1190 985 1235 tempus
1004 1183 1046 1220 in
1063 1193 1141 1233 quo
1159 1178 1322 1221 historia
1344 1177 1646 1235 pachymerians
1665 1181 1736 1220 de-

291 1241 385 1279 sinit
399 1270 412 1290 ‚
445 1235 511 1278 hic
541 1235 915 1292 Osphentisthlabns
933 1253 1003 1277 rex
1020 1236 1225 1290 Bulgariae
1245 1235 1490 1277 Theodoram
1510 1234 1671 1277 alteram
1687 1232 1735 1276 fi-

292 1298 436 1336 liarum
464 1296 637 1334 eiusdem
673 1296 836 1346 Augusti
858 1290 1056 1334 Michaelis
1078 1294 1244 1334 iunioris
1266 1295 1383 1333 duxit
1403 1306 1586 1343 uxorem,
1643 1298 1737 1332 tout

292 1353 436 1392 diserte
453 1354 618 1391 testatur
638 1354 829 1402 Gregoras
847 1353 934 1403 ipso
953 1347 1149 1403 principio
1169 1351 1194 1389 l.
1208 1353 1233 1393 8
1254 1366 1294 1403 p.
1309 1349 1401 1399 129,
1429 1362 1546 1402 quam
1562 1355 1602 1388 et
1636 1360 1736 1399 onge

291 1409 404 1461 prius
426 1409 582 1460 petiisse
602 1414 735 1447 noster
752 1409 943 1459 memorat
963 1407 1064 1446 infra
1084 1419 1116 1446 e.
1136 1407 1190 1449 27
1208 1407 1234 1447 l.
1253 1409 1293 1450 7.
1350 1419 1472 1457 porro
1505 1407 1580 1455 (ut
1603 1406 1642 1444 et
1658 1403 1736 1443 hoc

292 1465 419 1502 obiter
452 1462 649 1514 attexam)
682 1464 785 1515 quod
802 1460 898 1501 huic
918 1463 1116 1502 interdum
1147 1459 1297 1501 nomini
1315 1457 1624 1514 Pachymeres‘o
1639 1456 1736 1499 lita-

292 1534 378 1559 ram
396 1519 624 1570 praemittit,
646 1520 724 1558 hoc
739 1520 827 1558 loco
846 1526 884 1557 et
901 1520 1135 1570 quibusdam
1150 1519 1237 1557 aliis
1257 1511 1649 1570 Osphentisthlalmm
1666 1529 1737 1555 vo-

294 1589 400 1623 caus,
431 1588 546 1625 quem
568 1576 660 1612 alibi
681 1574 1044 1626 Sphentistblabum
1065 1572 1262 1623 nominat,
1293 1572 1420 1623 favet,
1449 1573 1491 1611 ui
1508 1573 1628 1611 fallor
1643 1585 1738 1610 cou-

293 1631 465 1668 iecturae
487 1629 619 1667 Wolfii
635 1660 646 1679 ,
676 1631 779 1668 notis
808 1631 859 1669 ad
879 1631 1092 1681 Gregoram
1115 1645 1155 1682 p.
1172 1633 1251 1672 271
1275 1628 1513 1680 suspicantis
1536 1641 1558 1665 a
1577 1627 1737 1666 Graecis

295 1685 667 1740 Splzentistlalabzqm
693 1686 810 1724 scribi
836 1700 977 1724 nomen
1010 1700 1032 1724 a
1061 1686 1308 1724 Pannouibus
1330 1684 1448 1738 hodie
1473 1697 1522 1723 ac
1547 1683 1736 1723 Sarmatis

301 1743 347 1791 V
340 1736 559 1781 enceslaum
587 1741 715 1781 efferri
738 1736 912 1782 solitum.

409 1835 448 1877 p.
472 1820 554 1868 5'77
571 1839 612 1864 v.
633 1827 697 1866 10.
751 1827 824 1866 τοῦ
850 1823 996 1866 εἰδέναι
1024 1819 1144 1876 (poca
1175 1816 1382 1877 ὀρέγονται
1407 1818 1563 1871 πάντες.
1619 1821 1738 1874 quin-2

300 1895 377 1933 que
395 1882 527 1934 priora
546 1878 663 1919 huius
683 1881 884 1920 commatis
903 1881 1020 1920 verba
1038 1880 1286 1919 notissimum
1304 1885 1398 1918 sunt
1412 1884 1450 1918 et
1469 1878 1739 1918 decantatissi-

298 1951 407 1976 mum
433 1937 656 1976 Aristotelis
687 1937 868 1985 effatum,
899 1950 948 1975 ex
981 1937 1100 1975 initio
1129 1936 1246 1988 primi
1273 1935 1355 1974 eius
1381 1935 1740 1988 Metaphysicorum

162 2003 189 2035 P
214 2002 277 2037 557
302 1994 405 2034 libri.
465 2002 563 2044 quae
596 1999 725 2031 autem
753 1993 940 2031 continue
965 1998 1204 2031 memoratur
1231 2007 1252 2030 a
1278 1991 1514 2043 Pachymere
1542 1986 1741 2044 ἀγάπησις

302 2054 383 2090 τῶν
405 2045 647 2101 αἰσθήσεων,
679 2062 760 2088 non
779 2062 861 2088 eam
882 2050 1008 2088 solum
1028 2060 1145 2101 quam
1162 2049 1205 2087 in
1220 2047 1543 2100 interpretatione
1561 2045 1740 2098 expressi

303 2105 601 2144 delectationem
619 2105 660 2142 in
682 2116 757 2144 usu
779 2105 1021 2158 percipiendi
1039 2105 1186 2143 obiecta
1204 2117 1276 2156 per
1294 2111 1427 2142 sensus
1443 2103 1642 2153 designat,
1671 2100 1740 2140 sed

302 2166 524 2213 praeterea,
553 2162 665 2199 iuxta
684 2161 887 2200 notionem
913 2161 1112 2214 propriam
1133 2160 1272 2199 Graeci
1287 2159 1399 2198 verbi
1418 2154 1598 2212 ἀγαπᾶν,
1625 2157 1740 2195 satis·-

304 2216 514 2255 factionem
543 2223 581 2254 et
606 2217 716 2268 quasi
748 2218 903 2269 plenam
932 2218 1144 2256 satietatem
1169 2215 1339 2254 hominis
1359 2214 1557 2263 contenti,
1585 2211 1740 2251 deside-¹-

306 2284 394 2309 rare
423 2273 512 2322 plus
537 2284 617 2310 non
645 2273 835 2321 valentis,
877 2274 969 2311 dum
1006 2273 1152 2311 fruitur
1187 2278 1331 2322 vegeta·
1360 2271 1544 2308 facultate
1577 2275 1739 2306 suorum

308 2327 483 2364 omnium
526 2341 719 2367 sensuum.
774 2328 876 2365 hanc
908 2329 1076 2380 quietem
1106 2327 1301 2366 humanae
1328 2324 1563 2364 curiositatis
1589 2323 1632 2360 in
1663 2334 1740 2360 usu

308 2383 494 2433 expedito
528 2396 712 2422 sensuum
746 2384 941 2432 eleganter
973 2384 1145 2422 declarat
1175 2383 1310 2421 Cicero
1343 2381 1372 2421 l.
1399 2384 1426 2422 2
1458 2379 1740 2427 Quaestionum

308 2437 626 2489 Academicorum
653 2438 716 2477 his
743 2439 895 2478 verbisz
938 2438 1147 2476 ordiamur
1176 2467 1185 2477 .
1206 2467 1216 2476 .
1237 2467 1246 2477 .
1275 2451 1303 2474 a
1331 2436 1531 2482 nasibus,-
1571 2447 1742 2485 quorum

310 2496 371 2531 ita
391 2494 505 2532 clara
521 2493 679 2545 iudicia
700 2498 734 2530 et
752 2502 858 2532 certa
877 2503 970 2532 sunt
982 2524 993 2543 ,
1023 2502 1091 2543 ut,
1120 2496 1157 2531 εἰ
1177 2495 1284 2545 optio
1302 2500 1475 2530 naturae
1491 2498 1651 2528 nostrae
1668 2488 1740 2527 de*

311 2557 405 2600 tur,
433 2556 469 2586 et
495 2549 621 2598 αὖρα
648 2548 743 2586 deas
771 2551 926 2600 aliquis
953 2552 1133 2602 requirat
1150 2554 1381 2586 contentane
1399 2548 1451 2584 sit
1468 2548 1556 2584 suis
1573 2547 1741 2597 integris

313 2607 633 2657 incorruptisque
659 2605 865 2654 sensibus,
901 2619 955 2642 an
979 2606 1155 2656 postulet
1185 2605 1327 2642 melius
1351 2601 1516 2654 aliquid
1523 2615 1645 2652 ,tnon
1676 2602 1741 2640 vir·

312 2661 428 2699 deam
451 2660 553 2714 quid
569 2667 738 2713 quaerat
759 2661 949 2712 ampliu-5.
1002 2656 1378 2700 hactenus'rullius.

425 2745 627 2793 Caeterum
654 2743 734 2794 (de
757 2754 835 2795 quo
855 2742 972 2784 semel
991 2741 1256 2781 admonendus
1273 2741 1341 2779 hic
1357 2723 1484 2780 lector
1500 2741 1586 2791 est)
1613 2737 1750 2778 codex

312 2800 484 2853 optimus
514 2800 746 2842 Barberinus
769 2799 838 2839 hic
860 2799 1036 2840 deserere
1061 2812 1134 2838 nos
1154 2797 1323 2850 incipit,
1353 2797 1497 2838 crebris
1519 2797 1563 2835 in
1586 2794 1741 2846 reliquo
