1858 3126
350 155 425 198 DE
456 152 778 198 ANDRONICO
810 152 1172 198 PALAEOLOGO
1206 154 1252 197 L.
1274 152 1366 197 Vll.
1488 154 1584 199 565

155 267 365 324 γένωνται·
390 266 495 320 πλὴν
513 263 668 324 ἑκάστῳ
687 271 949 320 συνευωχεῖτο
968 264 1138 307 ὄπισθεν
1156 263 1176 308 ὅ
1198 263 1387 321 φυλάξων
1405 265 1475 309 τόν
1492 265 1578 308 ἔπι-

154 331 310 389 βάτην,
346 338 404 392 τῷ
433 334 505 387 μὲν
538 335 690 385 δοκεῖν,
730 331 788 388 μή
817 350 902 384 πως
926 331 967 383 ἔξ
995 331 1144 388 ἐφόδου
1166 350 1227 382 τις
1244 331 1471 388 ἐκπηδήσας
1496 337 1576 376 τῶν

154 399 400 445 Κατελᾶνων
432 400 556 455 ἄχαρί
580 417 618 442 τι
648 397 790 454 δρόσοι
810 400 880 443 τὸν
897 398 1167 456 πρεσβευτήν,
1204 405 1262 457 τῷ
1280 401 1324 443 δὲ
1341 401 1574 459 βαθυτέρῳ,

157 467 213 518 ὥς
242 467 293 511 ἂν
320 468 424 522 μηδὲ
450 467 587 523 καιρὸν
615 465 791 517 διδόντες
816 469 929 524 σφίσι
956 472 1183 522 προμαθεῖν
1199 485 1236 509 τι
1253 469 1339 523 περὶ
1361 468 1514 511 ἐκείνων
1534 467 1578 510 ἔκ

121 548 264 585 5τινος
285 536 503 591 περιεργίας
526 532 832 589 ἔπερωτήσασιν.
898 534 987 592 (2)
1022 535 1066 576 οἳ
1091 536 1155 576 καὶ
1183 533 1413 585 ἐπιστάντες
1440 535 1575 586 ἔλεξαν
1598 545 1626 579 P
1647 545 1712 580 395

153 600 283 646 τάδευ
335 608 363 627 “
372 602 561 655 βασιλεὺς
590 600 838 658 Ἀνδρόνικος
872 600 1063 656 ἡμέτερος
1093 602 1166 656 μὲν
1198 600 1416 657 δεσπότης,
1461 607 1576 659 σφῶν

154 668 202 712 δ’
222 667 337 724 ὑμῶν
367 667 548 725 κλήτωρ,
584 666 660 712 τάδ
669 670 682 686 ²
701 667 918 726 ἐπήγγειλεν
946 668 1054 723 ὑμῖν.
1119 669 1249 725 χρεὼν
1279 667 1450 725 ἀνδράσι
1475 674 1576 713 θεοῦ

152 737 227 791 μὲν
251 741 372 791 τιμᾶν
401 736 651 792 αἱρουμένοις
677 738 813 792 δίκην,
848 741 1011 790 βασιλεῖ
1024 736 1066 779 δ’
1092 737 1132 786 ἔς
1154 736 1205 778 τὰ
1223 734 1402 790 μάλιστα
1422 742 1577 792 μεμνῆ-

153 809 256 847 σθαι
277 805 453 859 χαρίτων
482 805 647 853 δικαίοις
672 799 785 856 οὖσι,
820 803 877 858 μὴ
896 803 917 846 ὅ
937 821 975 846 τι
989 803 1247 857 βουλομένοις
1266 803 1315 846 ἂν
1339 804 1399 860 εἴη
1422 807 1572 860 σφίσιν,

99 881 144 917 10
155 871 256 914 ἀλλὰ
275 873 340 914 καὶ
364 870 386 913 ὅ
404 888 443 913 τι
461 871 680 926 συνενέγκοι
702 870 751 914 ἂν
771 871 810 921 ές
833 871 879 914 τὸ
899 871 1001 924 μετὰ
1027 876 1156 914 ταῦτα
1183 879 1356 915 σκοπεῖν.
1424 872 1470 914 τὸ
1501 873 1574 926 μὲν

151 939 229 993 γὰρ
253 935 431 992 ἀβούλου
458 940 523 980 καὶ
554 939 654 994 πρὸς
683 939 729 981 τὸ
760 941 987 994 παραυτίκα
1012 936 1135 992 μόνον
1161 936 1379 994 ἀφορώσης
1399 937 1573 995 γνώμης,

151 1005 199 1048 τὸ
221 1007 266 1048 δὲ
281 1005 354 1059 τὴν
370 1007 424 1055 εἰς
440 1005 486 1048 τὸ
502 1005 648 1060 μέλλον
666 1003 858 1062 πρόνοιαν
880 1005 1119 1059 ἀταμίευτον
1136 1005 1208 1048 οὐκ
1227 1008 1272 1064 ἐᾷ
1295 1011 1466 1049 κεῖσθαι.
1507 1009 1572 1049 καὶ
1591 1015 1619 1048 Β

149 1070 245 1125 ὖμῖν
272 1073 426 1124 τοίνυν,
463 1074 498 1115 εἲ
521 1074 593 1126 μὲν
621 1074 694 1127 τὴν
724 1073 852 1129 ἀρχὴν
877 1074 928 1116 τὰ
951 1078 1032 1116 τῶν
1054 1074 1212 1127 ἐχθρῶν
1238 1071 1417 1126 ἑλόμενοι
1440 1075 1481 1123 ἐς
1502 1074 1576 1128 τὴν

146 1137 351 1193 Ῥωμαίων
375 1144 448 1194 γῆν
471 1141 652 1193 ἐσβαλεῖν
679 1141 844 1196 ἔγνωτε,
882 1140 929 1183 οὔ
954 1142 1115 1189 δικαίως
1135 1139 1184 1182 ἂν
1204 1145 1370 1194 νεμεσᾶν
1392 1140 1474 1194 ἔχοι
1492 1156 1573 1190 τις·

99 1208 253 1262 fiands
269 1207 346 1263 γὰρ
364 1205 598 1262 ἀνθρώποις
619 1206 821 1263 ἀσύνηθες
848 1207 966 1251 τοῦτ’
990 1206 1088 1250 εἶναι
1102 1239 1115 1259 ,
1152 1210 1217 1250 καὶ
1245 1212 1399 1260 μᾶλλον
1421 1207 1485 1250 ὅτε
1507 1210 1575 1251 καὶ

150 1273 203 1316 τὰ
231 1274 322 1329 γένη
349 1273 642 1327 διαλλάττοιεν,
677 1273 736 1325 οἷς
759 1275 813 1317 ἴνι
833 1276 906 1330 μὲν
926 1277 1116 1324 σπονδαῖς
1129 1279 1337 1330 χρῆσθαι,
1374 1275 1428 1317 ἴνι
1447 1276 1491 1318 δὲ
1509 1279 1575 1318 καὶ

152 1338 273 1394 ὁμόσε
300 1348 388 1390 ταῖς
414 1339 562 1396 μάχαις
591 1342 703 1386 ἰέναι.
772 1343 853 1385 ἐπεὶ
883 1343 927 1384 δὲ
958 1341 1158 1396 ξύμμαχοι
1179 1342 1500 1398 προσκληθέντες
1521 1343 1573 1385 τὰ

151 1458 224 1481 cum
247 1447 405 1481 militibus
420 1447 569 1489 totidem,
591 1448 710 1494 quibus
734 1451 809 1482 erat
829 1448 1016 1482 mandatum
1034 1454 1072 1482 ut
1094 1460 1115 1482 a
1137 1451 1233 1493 tergo
1255 1448 1473 1494 imperialium
1495 1449 1575 1484 mis·

148 1503 259 1527 sorum
281 1493 394 1526 eodem
417 1503 490 1526 cum
510 1493 593 1538 ipsis
616 1505 701 1538 equo
723 1494 933 1527 veherentur.
977 1494 1064 1527 ratio
1084 1494 1319 1538 inexpectatae
1340 1494 1576 1539 praescriptio-

149 1537 202 1571 nis
223 1537 429 1581 allegabatur
450 1538 614 1571 securitas
635 1539 839 1582 legatorum,
869 1549 953 1583 quos
981 1538 1031 1572 sic
1055 1544 1168 1573 custos
1199 1540 1381 1573 adhaerens
1404 1540 1447 1573 ab
1471 1539 1576 1573 insul-

147 1581 240 1616 tibus
269 1583 358 1617 forte
386 1583 553 1616 obviorum
582 1583 747 1617 hominum
776 1583 830 1617 sui
858 1583 1007 1628 generis,
1039 1585 1084 1618 ab
1113 1583 1235 1628 agnitis
1257 1596 1276 1618 e
1298 1587 1393 1618 veste
1415 1584 1574 1619 Romanis

147 1627 236 1661 haud
258 1627 355 1661 facile
376 1633 672 1673 temperaturomm
695 1639 808 1662 manus
822 1653 834 1670 ‚
861 1629 1066 1663 defenderet.
1113 1629 1171 1662 sed
1200 1634 1397 1674 praetextus
1420 1629 1472 1662 hic
1498 1630 1573 1663 fuit.

147 1683 230 1706 tera
260 1672 367 1714 enim,
398 1678 437 1706 ut
465 1673 524 1717 qui
553 1673 698 1726 penitius
727 1674 1003 1719 introspiciebant
1032 1674 1242 1716 iudicarunt,
1274 1686 1375 1708 cansa
1397 1675 1467 1708 eius
1488 1674 1574 1707 facti

148 1720 247 1758 emt,
275 1722 313 1752 ut
334 1729 395 1763 per
418 1718 537 1751 affixos
558 1718 641 1763 ipsis
662 1718 806 1752 arbitros
827 1718 931 1763 legati
958 1719 1211 1764 prohiberentur
1234 1720 1408 1764 explorare
1430 1719 1575 1752 circum-

148 1761 320 1806 spiciendo
341 1763 632 1808 percontandoque
652 1768 775 1797 statum
792 1763 962 1809 Callipolis
983 1771 1190 1816 praesentem
1214 1765 1375 1798 curiosius
1396 1774 1495 1807 quam
1517 1767 1574 1796 tu-

148 1812 220 1840 tum
250 1807 311 1841 tali
339 1813 488 1852 tempore
516 1808 688 1842 Catelanis
715 1809 750 1842 in
778 1820 857 1842 arce
889 1820 956 1843 una
984 1809 1042 1842 illa
1063 1821 1219 1843 summam
1242 1820 1350 1842 rerum
1374 1807 1573 1841 habentibus

149 1851 329 1887 videretur.
381 1854 455 1896 (2)
488 1852 536 1886 illi
567 1853 746 1887 introducti
778 1853 862 1887 haec
894 1854 1059 1888 dixerunt.
1106 1854 1321 1899 “imperator
1351 1851 1574 1895 Andronicus,

149 1899 262 1930 noster
291 1896 423 1940 quidem
454 1896 622 1938 dominus,
655 1902 767 1932 vester
798 1903 909 1932 autem
942 1904 1102 1940 vocator,
1132 1899 1214 1932 haec
1247 1908 1306 1931 nos
1333 1896 1427 1930 vobis
1460 1896 1574 1930 dicere

150 1939 330 1976 mandavit.
375 1941 529 1975 convenit
549 1943 630 1976 viris
650 1943 704 1975 dei
723 1943 834 1976 vereri
855 1943 1015 1976 iustitiam
1040 1944 1126 1976 ultro
1151 1942 1326 1986 professis,
1352 1941 1494 1986 principi
1511 1952 1574 1974 an-

149 1990 216 2018 tem
239 1995 390 2028 supremo
411 1985 571 2026 maxime,
596 1991 710 2030 gratos
730 1998 767 2020 se
789 1989 952 2030 praebere
974 1989 1058 2021 bene
1079 1987 1225 2028 meritis,
1249 1998 1314 2020 non
1335 1986 1439 2019 solum
1463 1997 1573 2030 quon-

149 2030 215 2063 iam
237 2029 287 2062 ita
304 2029 465 2063 deliniunt
487 2034 523 2063 et
544 2030 608 2063 sibi
630 2031 734 2074 magis
756 2031 945 2065 devinciunt
966 2044 1023 2065 eos
1045 2033 1165 2076 quibus
1195 2031 1380 2075 rependunt
1401 2035 1572 2075 acceptam

149 2073 311 2119 gratiam,
340 2074 399 2107 sed
421 2075 475 2107 vel
496 2074 525 2107 si
549 2086 706 2118 praesens
733 2076 864 2108 fructus
885 2076 956 2109 eius
977 2077 1060 2109 facti
1081 2077 1188 2109 nullus
1218 2077 1327 2116 foret,
1359 2075 1514 2129 quoniam
1535 2075 1572 2110 id

150 2130 226 2152 esse
246 2118 280 2152 in
302 2124 467 2163 posterum
490 2119 710 2159 conducibile,
740 2119 795 2163 qui
818 2125 910 2153 recte
930 2121 1078 2154 iudicant
1100 2120 1345 2165 praesentiunt,
1368 2131 1444 2165 ipsa
1466 2131 1571 2154 evon-

149 2169 242 2198 tuum
264 2164 468 2208 experientia
488 2174 617 2208 semper
638 2163 757 2197 deinde
775 2164 991 2207 suffragante.
1034 2176 1136 2208 porro
1156 2165 1386 2210 praesentibus
1400 2165 1572 2199 dumtaxat

149 2207 323 2242 attendere
353 2208 471 2242 inertis
500 2214 554 2242 est
584 2208 683 2242 animi
705 2213 740 2242 et
761 2209 803 2242 ad
826 2209 903 2242 boni
923 2209 1187 2254 prosecutionem
1216 2210 1348 2244 infirma
1375 2209 1571 2255 incertaque

147 2253 391 2296 languescentis
412 2253 592 2286 voluntate.
638 2258 833 2297 prospectus
852 2265 933 2287 vero
955 2254 1072 2294 futuri,
1094 2258 1128 2288 et
1148 2254 1370 2289 verisimiliter
1389 2259 1571 2299 expectan-

149 2298 263 2333 dorum
285 2304 499 2342 praesumpta
520 2298 692 2331 solicitudo
715 2309 945 2341 successuum,
977 2310 1125 2343 campum
1148 2299 1216 2332 late
1236 2300 1364 2344 detegit
1383 2300 1487 2334 oculis
1509 2311 1570 2334 ex·-

173 2343 336 2377 loratricis
360 2343 605 2388 providentiae,
637 2343 733 2387 eique
762 2343 859 2387 longe
885 2344 1066 2378 consulenti
1090 2344 1195 2378 nullas
1217 2345 1349 2378 umbras
1371 2351 1430 2379 aut
1450 2356 1569 2379 caecas

147 2354 309 2428 fimbriis,
330 2388 450 2432 quibus
471 2388 615 2433 suspicio
637 2389 774 2422 subesse
794 2388 986 2423 insidiarum
1007 2389 1126 2433 possit,
1146 2389 1227 2423 nihil
1245 2390 1418 2424 obscurum
1439 2401 1480 2424 ac
1502 2401 1569 2423 uon

150 2432 242 2466 clare
266 2439 474 2477 perspectum
504 2445 579 2467 esse
607 2433 697 2466 sinit.
744 2444 784 2467 ac
812 2433 906 2466 vobis
934 2435 1064 2478 quidem
1086 2433 1115 2467 si
1135 2445 1158 2468 a
1177 2434 1337 2479 principio
1358 2434 1510 2469 hostilem
1531 2435 1568 2468 in

150 2487 211 2510 nos
232 2477 373 2510 animum
392 2479 550 2522 professis
570 2483 745 2521 susceptus
765 2478 947 2512 deliberate
973 2478 1094 2512 fuisset
1114 2478 1255 2523 impetus
1275 2486 1384 2513 terras
1403 2480 1567 2513 Romano·

149 2531 222 2554 rum
244 2532 342 2555 manu
362 2528 490 2556 armata
510 2523 698 2564 invadendi,
718 2524 812 2567 queri
833 2523 919 2557 iuste
941 2535 1033 2557 neruo
1059 2530 1181 2568 posset.
1225 2523 1311 2557 haud
1331 2524 1493 2558 insuetum
1516 2527 1568 2556 est

151 2565 272 2599 etenim
294 2566 496 2609 hominibus,
521 2568 715 2612 praesertim
735 2568 862 2612 origine
884 2568 999 2602 divisis
1020 2571 1055 2600 et
1076 2579 1230 2611 generum
1252 2569 1475 2610 diversorum,
1498 2568 1568 2601 dis-

150 2609 259 2644 sidere
279 2613 450 2646 sententiis
471 2613 693 2658 committique
714 2614 816 2650 odiis,
848 2624 1051 2657 arcanosque
1073 2613 1153 2646 istos
1181 2624 1296 2648 sensus
1317 2614 1487 2648 conatibus
1509 2623 1569 2645 ex-

151 2663 303 2696 promere
322 2656 458 2691 invicem
481 2657 620 2692 infestis.
666 2658 740 2692 iure
761 2658 885 2703 quippe
908 2657 1068 2691 communi
1089 2657 1179 2700 genti
1201 2658 1305 2693 cnivis
1326 2659 1406 2692 licet
1427 2663 1486 2691 aut
1507 2667 1568 2701 pa-

152 2708 227 2750 cem
240 2710 323 2751 ‘cum
352 2701 417 2734 alia
448 2702 555 2735 colere
586 2707 645 2736 aut
678 2703 764 2737 bello
794 2703 931 2737 eandem
952 2713 1156 2747 oppugnare.
1197 2706 1370 2748 postquam
1392 2706 1500 2736 autem
1523 2701 1572 2743 arl-
1631 2700 1638 2704 ’

152 2741 369 2778 auxiliandum
390 2745 486 2781 nobis
507 2747 703 2782 bellantibus
736 2749 849 2784 vocati
877 2749 992 2783 hostes
1014 2759 1076 2782 vos
1096 2747 1207 2782 statim
1237 2748 1368 2783 iniuriis
1389 2747 1570 2787 atrocibus,
