1820 3112
359 151 435 194 DE
468 149 800 194 ANDRONICO
827 149 1206 194 PALAEOLOGO
1242 150 1288 193 L.
1323 148 1358 194 I.
1541 151 1606 196 51

141 263 337 321 προνοὶας
367 263 439 320 ἔφ’
468 257 579 323 ᾧπερ
609 264 816 318 ἐκδικῆσαι
847 261 894 305 τὸ
923 267 1039 305 θεῖον
1069 268 1156 313 τοῖς
1187 260 1360 318 ἀνιέροις
1381 261 1601 315 ἐπεξιόντα.
1628 270 1658 305 Β

141 334 210 375 καὶ
230 330 280 375 τό
302 331 343 388 y’
365 332 532 375 ἐλεεινὸν
553 333 619 375 καὶ
639 332 766 384 ξένον,
802 330 850 373 τὸ
873 330 942 372 ἐπ’
962 330 1100 381 ἄλλοις
1118 332 1194 385 μὲν
1214 330 1312 381 τοῦς
1327 333 1608 387 ε’κχωροῦντας

142 400 297 457 ἐφιέναι
323 405 458 443 ταῦτα
489 402 700 456 γίνεσθαι,
748 398 822 441 ἐπ’
852 398 993 448 ἄλλοις
1024 399 1069 441 δ’
1102 401 1252 442 ἐκεῖνον
1282 399 1358 450 τὰς
1388 399 1609 456 ἔκδικῆσεις

142 475 271 512 ποιεῖν
298 467 600 523 ἑτοιμάζεσθαι.
671 469 835 516 ἐκείνοις
867 467 942 520 μὲν
970 466 1049 522 γὰρ
1069 462 1120 522 ἦν
1150 467 1327 523 θελητὸν
1344 467 1397 511 τὰ
1414 470 1520 524 χθές
1538 472 1606 513 καὶ

107 537 221 593 5πρό
244 538 385 593 τρίτης
405 539 469 580 ἐπὶ
487 541 545 595 τῷ
565 533 681 596 πάντα
702 535 943 591 πραχθέντα
966 535 1072 577 κατὰ
1095 533 1270 586 κανόνας
1295 537 1416 589 τέως,
1454 536 1511 588 ὥς
1530 538 1607 581 κᾶ-

139 611 261 648 κεῖνοι
300 605 435 661 ἔλεγον
469 605 700 656 ἀξιοῦντες,
737 604 913 658 μετιέναι
945 605 1011 646 καὶ
1043 608 1275 657 καθιστᾶν,
1313 605 1450 663 ἐκείνῳ
1486 607 1603 650 δὲτὰ

139 671 268 716 πάλαι
286 671 502 727 ξυμβάντα
522 673 590 715 διὰ
608 673 660 714 τὰ
682 674 736 722 εἷς
767 672 839 715 τὸν
863 670 1053 727 Ἰωάννην
1081 674 1402 728 παρηνομημένα
1421 674 1493 717 τὸν
1514 675 1606 718 υἱὸν

139 745 216 784 τοῦ
234 740 435 798 Λάσκαρι
452 742 677 795 βασιλέως,
711 742 779 782 καὶ
798 740 871 796 τὴν
894 745 968 783 τοῦ
986 739 1241 796 πατριάρχου
1263 739 1493 798 παρόρασιν
1508 742 1605 799 Ἅρ-

142 811 276 852 ‹ravim›
296 809 365 852 διὰ
385 809 459 865 τὴν
479 811 629 852 ἐκείνου
655 812 872 864 ζηλοῦντος
894 807 1216 864 παραθεῶρησιν
1226 842 1240 862 ,
1278 812 1345 852 καὶ
1370 812 1508 866 τρίτον
1526 812 1601 867 τὴν
1624 820 1655 855 C

85 891 129 925 10
139 876 288 921 ἑαυτοῦ
308 875 589 934 ὖποχιῦρησιν,
627 877 696 934 ἐφ’
720 875 782 927 οἷς
812 879 894 919 δεῖν
916 876 1014 920 εἶναι
1038 877 1244 928 κάκείνους
1262 879 1508 929 ξυνέπεσθαι
1526 880 1606 938 ἆρ-

133 953 278 1003 χιερεῖς
304 964 346 1002 γε
374 947 522 999 ὄντας,
559 948 626 988 καὶ
657 950 715 1004 τῷ
747 943 979 1003 πατριάρχῃ
1001 947 1271 1002 συναίρεσθαι
1299 948 1377 990 σὺν
1394 947 1508 1007 αὐτῷ
1530 954 1604 1005 τῆς

137 1017 322 1069 σπουδῆς
334 1047 348 1067 ,
383 1014 442 1070 μὴ
462 1017 600 1069 μέντοι
621 1014 783 1057 ἀθετεῖν
799 1016 946 1057 ἐκεῖνον
964 1017 1031 1057 καὶ
1055 1014 1182 1058 ἄλλον
1200 1017 1352 1070 ζητεῖν,
1389 1018 1456 1059 καὶ
1477 1017 1605 1062 αὐτὸν

136 1084 212 1137 μέν
247 1087 436 1139 παρορᾶν
465 1085 689 1138 ζηλοῦντα,
740 1081 987 1139 ἀντεισάγειν
1017 1084 1063 1126 δὲ
1090 1088 1142 1140 τῇ
1169 1083 1300 1127 αὐτοῦ
1321 1085 1512 1146 ἐκκλησίᾳ
1530 1086 1603 1130 τὸν

136 1152 364 1203 Χαλαζᾶν·
401 1150 472 1207 ἔφ’
504 1149 565 1201 οἷς
595 1153 662 1194 καὶ
689 1152 1057 1206 παρακεκνισμένος
1095 1159 1181 1202 τοῖς
1215 1153 1291 1206 μὲν
1325 1153 1434 1195 καθ’
1473 1152 1600 1198 αὑτὸν

82 1233 125 1269 15
137 1217 258 1274 ἓχόλα
278 1220 347 1262 καὶ
366 1223 581 1272 παλαιοῖς,
613 1218 701 1263 ὅσοι
725 1219 776 1275 δὴ
797 1221 863 1262 καὶ
894 1225 1091 1277 περιῆσαν
1114 1221 1231 1264 εἰσέτι
1243 1254 1257 1274 ,
1296 1220 1407 1276 ὅμως
1425 1221 1470 1266 δ’
1492 1224 1600 1267 ἒπει-

134 1384 278 1429 delatos,
295 1396 413 1419 veru·
431 1388 615 1431 usurpatos
630 1385 808 1432 palamque
828 1385 975 1420 iactatos
998 1387 1042 1420 ab
1063 1386 1139 1432 ipso
1163 1398 1240 1421 sese
1262 1392 1464 1433 arroganter
1485 1394 1603 1425 osten-

134 1436 252 1474 tante,
274 1430 352 1465 dum
375 1430 478 1465 etiam
500 1432 723 1476 praedicabat
744 1444 783 1466 se
803 1433 961 1466 videlicet
986 1443 1007 1467 a
1028 1432 1243 1478 providentia
1266 1441 1436 1469 servatum
1457 1436 1601 1471 ultorem

134 1476 220 1511 laesi
250 1476 330 1511 olim
362 1476 466 1510 divini
488 1477 631 1511 numinis
654 1489 716 1522 per
739 1482 817 1512 acta
840 1478 995 1522 nefaria,
1029 1479 1153 1524 quibus
1185 1479 1333 1514 debitam
1355 1493 1444 1515 nuuc
1465 1482 1603 1517 tandem

135 1534 199 1557 sua
230 1533 335 1568 opera
365 1523 504 1568 rependi
538 1535 678 1568 poenam
709 1530 894 1568 oporteret.
940 1525 974 1558 in
1007 1535 1075 1570 quo
1098 1530 1135 1558 et
1155 1526 1311 1559 miserum
1336 1532 1372 1560 et
1391 1527 1602 1573 inopinatum

135 1572 236 1609 erat,
265 1568 342 1602 illos
373 1569 431 1613 qui
466 1574 501 1602 et
531 1569 598 1612 ipsi
629 1569 773 1615 tempori
802 1576 975 1603 cesserant
1004 1582 1047 1604 ac
1078 1578 1325 1616 consequenter
1346 1573 1468 1607 affines
1500 1579 1602 1609 erant

134 1613 283 1648 eiusdem
308 1614 427 1658 culpae
450 1615 479 1648 si
502 1626 570 1660 qua
592 1622 676 1654 erat,
702 1623 769 1650 tam
792 1615 908 1661 iniquo
923 1615 1115 1650 discrimine
1139 1617 1259 1661 partiri
1276 1623 1387 1652 sortes
1403 1620 1501 1654 unius
1524 1632 1600 1654 cum

134 1659 221 1704 ipsis
243 1659 370 1705 alioqui
392 1660 509 1694 classis
530 1661 714 1702 hominum,
736 1666 777 1694 ut
798 1662 883 1695 alios
904 1662 1039 1707 quidem
1062 1674 1105 1696 ex
1126 1663 1171 1696 iis
1194 1675 1323 1709 poenae
1346 1675 1458 1699 secum
1480 1666 1601 1700 immu-

133 1715 194 1739 nes
227 1716 303 1738 esse
336 1705 484 1747 vellent,
516 1705 550 1740 in
574 1707 658 1741 alios
679 1718 816 1741 saevum
839 1708 927 1742 hunc
949 1708 1140 1753 iratumque
1170 1708 1389 1744 immitterent
1421 1711 1600 1748 vindicem.

133 1761 210 1784 nam
241 1750 319 1784 istis
342 1751 479 1795 quidem
501 1752 678 1796 placebat,
708 1763 751 1786 ea
773 1764 862 1798 quae
884 1754 961 1788 heri
985 1765 1026 1788 ac
1048 1754 1170 1788 nudius
1191 1755 1315 1789 tertius
1338 1756 1382 1789 de
1404 1768 1495 1802 papa
1519 1769 1602 1792 oon-

133 1796 252 1830 stituta
271 1797 418 1839 fuerant,
439 1797 491 1831 uti
513 1804 632 1831 contra
654 1810 818 1842 canones,
840 1799 1112 1844 quemadmodum
1134 1800 1201 1847 ipsi
1224 1801 1468 1846 loquebantur,
1487 1807 1601 1837 atten-

133 1845 219 1884 tata,
242 1846 431 1876 retractare
453 1854 494 1877 ac
516 1844 703 1878 reformare
725 1845 760 1879 in
783 1850 909 1879 statum
931 1845 1132 1891 pristinum:
1164 1848 1220 1881 hic
1243 1854 1357 1881 autem
1379 1848 1523 1882 ardente
1544 1849 1600 1882 in-

133 1888 313 1922 cumbebat
334 1888 448 1922 studio
473 1889 516 1922 ad
540 1901 582 1923 ea
602 1890 911 1925 immisericorditer
932 1892 1124 1937 punienda,
1147 1904 1236 1938 quae
1258 1893 1335 1926 olim
1358 1893 1493 1938 publice
1515 1905 1600 1938 pec-

133 1938 212 1966 eata
237 1933 495 1978 criminabatur,
518 1935 659 1980 primum
682 1937 818 1982 quidem
839 1936 876 1970 in
898 1939 1176 1972 exauctoratione
1198 1938 1351 1978 Ioannis,
1383 1938 1445 1971 filii
1466 1939 1599 1974 Laeca-

131 1977 183 2012 ris
205 1978 372 2023 Augusti,
403 1979 527 2014 deiude
555 1981 591 2014 iu
615 1982 827 2016 deturbando
862 1994 883 2016 e
904 1983 987 2016 sede
1009 1983 1229 2027 patriarchali
1252 1984 1412 2026 ,Ax-senio,
1441 1985 1533 2029 quod
1563 1985 1597 2020 is

132 2027 278 2058 amotum
302 2035 324 2058 a
345 2026 557 2060 successione
578 2026 711 2073 imperii
733 2028 915 2072 legitimum
941 2028 1097 2062 heredem
1129 2030 1242 2074 inique
1264 2029 1392 2071 ferret,
1421 2035 1596 2075 postremo

131 2068 168 2103 in
189 2079 250 2103 suo
271 2068 380 2115 ipsius
401 2070 445 2104 ad
467 2071 568 2106 vitam
591 2074 806 2108 monasticam
830 2085 850 2108 e
871 2073 1056 2120 pontificali
1077 2075 1183 2119 gradu
1215 2075 1399 2117 descensu,
1429 2076 1473 2110 ad
1495 2088 1595 2122 quem

132 2125 172 2149 se
194 2121 347 2149 coactum
369 2115 491 2158 fuisse,
525 2119 678 2162 quoniam
699 2119 758 2152 illa
780 2130 847 2153 non
870 2121 1051 2165 probaret,
1083 2121 1303 2165 querebatur.
1348 2121 1444 2166 atqui
1466 2122 1597 2157 utrius-

131 2161 834 2254 ffitr‘ssfffflssefflessmffivff'ffiffi.
845 2165 1070 2254 ²333?ssss
1082 2166 1596 2249 nssiss‘ffamssflssissssffoelffi

131 2262 196 2286 sua
216 2251 365 2297 ipsorum
395 2253 430 2286 in
453 2253 519 2287 hoc
549 2255 702 2300 exempla
724 2259 760 2288 et
780 2256 991 2300 praeiudicia
1012 2257 1177 2300 ruebant,
1205 2263 1275 2292 tam
1303 2270 1455 2292 severam
1478 2260 1596 2305 parari

130 2297 288 2332 ultionem
311 2299 545 2343 permittentes
561 2306 597 2334 et
622 2301 773 2334 volentes
791 2301 1013 2346 participibus
1036 2303 1128 2348 paris
1149 2315 1264 2338 secum
1287 2303 1448 2348 criminis,
1471 2317 1510 2339 se
1530 2316 1595 2339 au-

131 2347 200 2377 tem
222 2343 317 2389 ipsos
349 2355 492 2390 aequum
520 2346 683 2381 ducentes
712 2350 811 2380 extra
845 2359 974 2382 omnem
1005 2349 1304 2384 animadversionis
1326 2351 1432 2384 aleam
1455 2362 1594 2385 securos

132 2393 170 2422 et
191 2388 399 2424 dominantes
422 2390 558 2426 florere.
603 2404 646 2426 an
669 2404 734 2426 non
766 2392 852 2426 euim
877 2394 951 2435 hos,
975 2394 1015 2435 si,
1038 2401 1079 2430 ut
1099 2395 1207 2430 videri
1229 2396 1401 2438 volebant,
1425 2396 1498 2430 zelo
1522 2408 1594 2431 mo-

131 2434 299 2468 vebantur
321 2435 497 2471 dumtaxat
526 2439 570 2472 ob
598 2438 759 2472 violatum
781 2438 952 2483 agnitione
975 2441 1141 2486 primatus
1163 2453 1275 2487 papae
1306 2441 1357 2475 ius
1380 2441 1594 2487 Byzantinae

132 2479 235 2522 sedis,
258 2480 340 2514 satis
363 2483 478 2516 fuerat
498 2484 532 2518 iu
557 2484 621 2518 hoc
651 2484 760 2529 ipsum
794 2491 994 2530 experrecto
1018 2488 1193 2532 cooperari
1216 2492 1253 2520 et
1275 2487 1507 2522 obsecundare
1529 2500 1593 2532 pa-

130 2525 305 2559 triarchae
328 2527 483 2562 Graecos
513 2530 631 2576 utique
665 2542 706 2564 ac
738 2530 1109 2577 Constantinopolitano
1142 2532 1389 2578 patriarchatui
1424 2533 1595 2567 subiectos

131 2571 329 2606 antistites?
351 2573 431 2617 quid
452 2575 557 2618 igitur
578 2575 747 2610 attinebat
768 2577 867 2622 quasi
890 2577 921 2610 ei
945 2578 1076 2612 diffisos
1104 2580 1206 2612 alium
1229 2589 1409 2624 quaerere,
1431 2579 1594 2623 velutque

131 2614 223 2650 illum
245 2617 280 2650 in
301 2617 452 2653 ordinem
476 2621 631 2665 redigere
653 2622 761 2656 altero
784 2623 959 2658 suffecto?
989 2624 1070 2658 nihil
1101 2624 1227 2669 quippe
1258 2624 1366 2658 miuus
1388 2635 1492 2667 agere
1514 2627 1596 2657 sunt

130 2660 217 2703 Vffi,
247 2662 324 2696 dum
358 2663 520 2709 Cyprium
552 2667 764 2712 quantumvis
793 2667 866 2702 acri
898 2669 1009 2703 studio
1039 2674 1250 2714 satagentem
1281 2670 1459 2703 emendare
1484 2679 1593 2713 nopes

131 2711 211 2739 acta
233 2714 524 2754 contempserunt,
546 2723 588 2746 ac
610 2724 673 2758 pro
697 2725 738 2747 eo
760 2713 926 2748 ecclesiae
947 2715 1129 2749 Chalazam
1153 2715 1401 2760 imposuerunt,
1423 2714 1591 2748 irritatum

130 2750 295 2787 hominem
328 2759 364 2788 et
385 2755 486 2801 longa
516 2768 679 2793 succenso
700 2770 793 2793 mora
816 2759 894 2793 odio
916 2759 1117 2804 flagrantem
1140 2761 1184 2795 ad
1210 2758 1460 2805 persequendas
1481 2770 1591 2803 paene

131 2796 307 2833 obliterati
330 2801 486 2845 querelas
508 2803 680 2849 temporis,
695 2808 732 2839 et
753 2804 783 2839 si
805 2804 866 2850 qui
888 2811 1091 2851 supererant
1110 2805 1177 2840 iam
1199 2816 1299 2840 senes
1321 2803 1493 2839 consdtae
1515 2804 1592 2840 olim
