1858 3126
391 159 467 203 DE
498 155 830 201 ANDRONICO
867 153 1240 200 PALAEOLOGO
1275 155 1324 199 L.
1344 155 1419 199 lv.
1555 155 1649 200 301

188 277 371 327 θιστῶν,
404 272 507 329 παρ’
542 267 593 316 οὗ
619 271 671 326 δὴ
702 272 770 314 καὶ
801 269 852 313 τὰ
877 273 953 324 τῆς
983 269 1199 325 ἐκκλησίας
1228 266 1450 324 διεξάγοιτ’
1470 267 1522 311 ἂν
1541 267 1651 322 πρά-

186 360 337 400 γματα.
407 343 476 384 καὶ
506 338 632 384 πόλλ’
670 339 775 383 ἅττα
806 342 978 382 τοιαῦτα
1003 335 1232 395 γράφοντες
1257 335 1445 380 §nalum
1461 335 1653 381 δεικνύειν

187 412 340 467 ἤθελον
366 410 439 453 τὸν
470 410 570 458 τέως
598 413 710 465 σφᾶς
732 404 1180 463 ἂποπροσποιούμενον.
1250 410 1385 450 ταῦτα
1403 410 1570 460 βασιλεῖ
1584 408 1653 448 δε-

189 467 351 538 ξαμένῳ
379 478 428 520 τὸ
459 477 565 521 πολῦ
591 475 700 534 ἐπῄει
726 475 975 533 καθυφιέναι
1011 479 1087 530 τῆς
1113 474 1363 528 διαθέσεως,
1411 474 1460 518 οὔ
1493 474 1575 530 μὴν
1606 475 1654 517 δὲ

155 546 295 591 ὅῶστε
324 548 391 590 καὶ
419 543 611 589 ἀπολύειν
635 543 894 588 παντάπασιν
922 543 1046 599 ἴγνω,
1092 542 1191 585 ἀλλ’
1222 543 1358 603 ἐκείνῳ
1386 544 1462 598 μὲν
1490 542 1652 601 ὖφιέναι

189 617 258 659 καὶ
286 612 509 667 ἐνδιδόναι,
544 613 595 669 ἤν
627 630 716 663 πως
743 610 1022 667 ἀνακάμπτειν
1047 609 1264 665 βούλοιτο,
1299 612 1359 668 μὴ
1379 612 1518 665 με’ντοι
1535 629 1577 668 γε
1594 610 1650 662 ὥς
1674 621 1703 654 C

188 685 240 728 τὰ
267 688 413 739 πρῶτα
439 687 623 739 λιπαρῶς
650 682 790 733 ἀξιοῦν
819 683 887 724 καὶ
915 677 1252 737 καταναγκάζειν·
1294 679 1346 736 ἢν
1369 682 1394 723 δ
1403 679 1415 696 ’
1438 679 1648 736 ἐπανήκοι,

187 753 386 807 δέχεσθαί
413 769 455 794 τε
494 753 565 794 καί
589 751 629 794 οἳ
657 750 755 800 τοὺς
784 749 982 806 ἀρχιερεῖς
1010 747 1195 803 ὁμονοεῖν
1214 750 1370 793 πείθειν
1397 747 1485 804 ἅμα
1507 751 1650 809 καὶτῷ

187 821 242 864 τὰ
263 818 487 875 αἰτιάματα
508 817 749 875 θεραπεῦειν
770 817 954 863 κελεύειν.
1022 818 1075 862 τὰ
1093 818 1172 875 γὰρ
1193 822 1268 861 τοῦ
1282 818 1537 862 Ἀθανασιόυ
1560 818 1650 860 κε’ν-

134 900 268 947 1οτρα
294 889 370 944 τὴν
403 888 530 943 οὐλὴν
553 886 753 940 ὖπέκνιζε·
796 888 903 943 μηδὲ
928 886 1006 943 γὰρ
1037 885 1139 942 ἔχειν
1157 885 1264 937 ὅλως
1288 886 1415 930 αὐτὸν
1435 884 1650 944 εἰρηνεύειν

187 959 255 1001 καὶ
274 957 350 1006 τὰς
367 956 473 1014 ἀρὰς
482 955 604 1010 λύειν,
626 956 676 1006 ἃς
695 955 828 1007 οὕτως
844 955 1170 1011 ἓμπερισκέπτως
1185 956 1365 1012 καθίστη
1384 958 1451 998 καὶ
1470 960 1651 1014 φρικτῶς

189 1024 388 1083 ἄφώριζε,
435 1025 494 1080 μὴ
529 1025 602 1068 τὸν
635 1022 793 1081 θρόνον
825 1025 893 1067 καὶ
925 1019 1051 1075 αὗθις
1080 1022 1372 1079 ἀπολαβόντα,
1419 1027 1487 1067 καὶ
1514 1029 1648 1068 ταῦτα
1671 1031 1702 1066 D

185 1095 292 1150 μηδὲ
308 1098 368 1152 τῷ
387 1093 490 1150 παρ’
513 1093 641 1137 αὐτοῦ
660 1098 735 1148 τῆς
759 1090 914 1143 λύσεως
930 1091 1142 1150 γράμματι
1169 1093 1218 1136 τὸ
1242 1092 1356 1150 ἅγιος
1373 1093 1652 1150 προστιθέντα

186 1162 293 1206 κατὰ
320 1162 369 1205 τὸ
403 1159 582 1218 σύνηθες
610 1167 668 1221 τῷ
694 1167 769 1205 τοῦ
797 1162 998 1215 βασιλέως
1032 1159 1229 1216 ὀνόματι,
1278 1161 1340 1205 ὅτι
1370 1161 1466 1205 οὐδ’
1501 1163 1652 1213 ἐκεῖνος

134 1231 324 1290 ιὸἦρὲμει
345 1232 388 1274 ἐν
418 1229 620 1281 τοιούτοις
648 1237 803 1289 καιροῖς
833 1235 908 1274 τοῦ
945 1229 1206 1283 σκανδάλου,
1251 1229 1358 1274 ἀλλὰ
1391 1230 1470 1281 τὰς
1509 1229 1649 1289 θύρας

187 1354 225 1386 et
252 1350 412 1396 prudenti
440 1350 565 1386 iudicio
588 1351 836 1387 administratio
864 1351 1027 1386 bonorum
1048 1350 1216 1386 ecclesiae
1237 1353 1335 1386 recte
1363 1362 1404 1387 ac
1426 1354 1529 1397 prout
1550 1351 1651 1387 decet

186 1397 398 1441 gereretur.’'
441 1397 527 1431 haec
549 1401 586 1431 et
606 1399 712 1432 multa
734 1397 899 1432 eiusmodi
920 1397 1054 1431 libellus
1074 1398 1308 1442 episcopomm
1331 1398 1551 1441 continebat,
1574 1398 1651 1444 qui—-

186 1443 250 1476 bus
271 1443 454 1478 studebant
474 1454 567 1477 reum
591 1448 651 1478 aut
681 1444 800 1478 saltem
822 1448 1015 1488 suspectum
1046 1443 1137 1488 apud
1159 1443 1396 1489 imperatorem
1418 1444 1562 1478 reddere
1585 1456 1651 1490 pa·-

184 1488 381 1532 triarcham,
406 1500 429 1523 a
450 1500 517 1534 quo
542 1500 582 1523 se
603 1489 862 1535 participatione
884 1489 1096 1523 consiliorum
1118 1489 1272 1523 exclusos
1294 1494 1331 1524 et
1353 1490 1452 1535 quasi
1474 1490 1650 1524 abdicatos

185 1533 356 1570 dolebant.
401 1546 445 1568 ea
467 1546 541 1568 cum
572 1535 762 1581 accepisset
790 1535 995 1581 imperator,
1025 1534 1156 1569 remisit
1188 1535 1246 1569 ille
1276 1535 1412 1581 quidem
1443 1537 1583 1570 multum
1606 1536 1650 1570 de

182 1579 242 1614 illo
264 1579 452 1615 vehementi
474 1580 604 1615 affectu
626 1593 694 1627 quo
715 1581 812 1627 prius
833 1581 1061 1626 patriarcham
1084 1580 1364 1626 amplectebatur,
1386 1593 1452 1616 non
1473 1586 1587 1616 tamen
1610 1586 1650 1616 ut

183 1625 330 1660 deiicere
355 1626 448 1660 illum
476 1626 600 1660 throno
629 1627 729 1672 plane
754 1628 975 1661 decerneret:
1005 1627 1086 1672 quin
1119 1627 1232 1673 potius
1262 1629 1384 1662 statuit
1406 1627 1552 1673 benigna
1574 1635 1648 1663 tra-

183 1671 335 1706 ctatione
354 1672 464 1718 ipsum
487 1676 523 1706 et
543 1672 753 1718 indulgentia
773 1673 955 1719 pellicere,
978 1672 1008 1707 si
1029 1677 1167 1718 posset,
1192 1673 1236 1707 ad
1257 1674 1492 1718 resumendum
1514 1673 1649 1709 exerci-

183 1717 268 1751 tium
297 1718 533 1763 patriarchalis
562 1719 763 1764 potestatis,
792 1723 908 1754 certus
939 1723 1054 1753 tamen
1083 1731 1151 1753 non
1171 1719 1378 1754 descendere
1399 1720 1562 1765 amplius,
1595 1719 1648 1753 uti

183 1768 286 1797 antea
304 1764 458 1806 fecerat,
483 1775 592 1810 usque
613 1765 658 1798 ad
680 1776 800 1810 preces
822 1764 965 1799 humiles
989 1770 1024 1798 et
1045 1764 1292 1800 declarationes
1314 1777 1403 1811 quae
1426 1770 1566 1811 possent
1588 1777 1649 1800 re-

182 1807 366 1843 luctantem
387 1821 531 1854 cogere‚
553 1810 754 1846 obfirmatae
777 1810 820 1845 ad
841 1810 1087 1856 impetrandum
1109 1811 1313 1854 voluntatis;
1349 1811 1432 1845 satis
1455 1811 1649 1846 existimans

186 1864 274 1887 nunc
294 1855 390 1896 fore,
413 1856 442 1888 si
464 1859 542 1900 post
562 1856 742 1900 benignam
765 1856 996 1891 invitationem
1020 1856 1151 1891 reverti
1172 1868 1240 1902 quo
1263 1857 1451 1890 vocabatur
1472 1856 1564 1891 ultro
1585 1868 1648 1891 an-

184 1903 342 1934 nuentem
363 1901 524 1934 benevole
546 1902 759 1948 susciperet,
794 1902 895 1948 eique
918 1902 1097 1937 conciliare
1117 1903 1280 1936 adversos
1302 1902 1471 1936 antistites
1493 1902 1648 1937 studeret

185 1944 358 1978 suadenda
378 1945 422 1979 iis
445 1957 520 1980 cum
539 1946 597 1980 illo
621 1947 812 1990 concordia,
833 1949 1012 1993 dandaque
1031 1959 1137 1993 opera
1159 1952 1198 1981 ut
1220 1948 1355 1989 obiecta
1378 1948 1409 1981 ei
1431 1947 1574 1982 crimina
1593 1948 1648 1983 iu-

185 1986 248 2022 stis
280 1990 535 2034 purgationibus
567 1992 786 2028 diluerentur.
831 2005 875 2027 ne
903 1993 996 2027 ultra
1019 1994 1109 2027 'haec
1143 1995 1256 2027 conari
1277 2004 1366 2027 nunc
1389 1993 1522 2047 quidem
1544 2005 1646 2029 cura-

184 2039 251 2074 ret,
274 2046 359 2068 ueve
381 2036 584 2070 abhorreret
602 2039 735 2072 nimium
758 2050 778 2073 a
801 2039 987 2073 mutatione
1008 2038 1186 2084 praesulis,
1213 2038 1384 2072 faciebant
1402 2038 1498 2074 infixi
1519 2039 1646 2074 dudum

185 2079 260 2114 eius
285 2080 392 2114 animo
415 2086 451 2114 et
473 2082 615 2117 necdum
638 2083 745 2117 evulsi
766 2084 900 2128 penitus
929 2084 1077 2129 scrupuli
1103 2095 1145 2118 ex
1166 2083 1225 2117 illa
1247 2084 1475 2120 fulminatione
1496 2085 1645 2120 dirarum

184 2130 288 2170 atque
310 2126 559 2161 anathematum
582 2140 680 2174 quam
705 2129 909 2163 Athanasius
930 2129 1059 2163 chartis
1088 2129 1257 2163 abstrusis
1286 2129 1464 2166 indiderat.
1508 2133 1645 2167 coalue-

183 2175 263 2205 rant
285 2171 420 2216 quidem
443 2178 624 2219 utcumque
644 2174 785 2208 vulnera
806 2174 1018 2208 formidinum
1043 2174 1196 2218 illarum,
1220 2186 1287 2209 non
1309 2181 1421 2211 tamen
1443 2177 1493 2211 ita
1515 2182 1554 2212 ut
1576 2189 1644 2212 nou

182 2217 350 2251 interdum
373 2229 456 2252 cura
476 2218 556 2252 inde
577 2219 816 2265 superstitioso
838 2219 981 2264 principi
1000 2231 1254 2265 supervacanea
1276 2233 1456 2257 renascens
1477 2223 1643 2258 obductas

183 2262 282 2307 quasi
305 2264 483 2297 refricaret
506 2265 695 2307 cicatrices,
716 2265 972 2310 solicitaretque
992 2269 1205 2310 reputantem
1227 2267 1317 2301 haud
1335 2267 1446 2303 videri
1467 2280 1548 2303 vere
1567 2281 1643 2304 um-

183 2319 284 2354 quam
317 2309 586 2354 expatriarcbam
614 2311 706 2345 illum
737 2311 923 2345 soluturum
954 2312 1044 2355 quod
1066 2311 1252 2356 ligaverat,
1286 2318 1323 2347 et
1353 2314 1533 2349 horribiles
1566 2315 1641 2351 illas

183 2355 414 2389 execrationes
434 2356 502 2389 rite
523 2356 738 2403 legitimeque
758 2356 988 2399 remissurum,
1011 2356 1076 2390 nisi
1096 2362 1316 2402 reponeretur
1335 2359 1371 2394 in
1391 2360 1472 2395 sede
1488 2364 1643 2406 potesta-

182 2405 318 2445 temque
338 2401 506 2446 reciperet
527 2403 666 2437 eandem
689 2414 757 2448 qua
778 2408 860 2436 tunc
883 2406 960 2436 erat
980 2402 1154 2447 praeditus
1175 2415 1250 2438 eum
1270 2404 1329 2440 illa
1349 2406 1528 2441 scriberet.
1563 2419 1641 2442 nam

182 2444 442 2480 declarationem
465 2447 582 2492 istam,
614 2460 683 2494 qua
705 2448 846 2483 sedatae
866 2451 947 2482 tunc
971 2448 1198 2483 conscientiae
1218 2452 1396 2486 multorum
1418 2456 1549 2496 essent,
1578 2464 1641 2498 ap-

181 2501 304 2535 parere
333 2492 485 2528 convicio
519 2506 712 2539 expressam
746 2495 791 2528 ab
823 2494 948 2536 invito,
978 2505 1042 2528 nec
1063 2494 1247 2539 periculum
1281 2497 1403 2532 abesse
1423 2498 1506 2544 quin
1529 2498 1582 2532 uti
1604 2498 1641 2532 vi

182 2539 334 2579 extorta,
366 2549 464 2572 cassa
486 2541 612 2574 effectu
635 2544 671 2574 et
693 2540 813 2575 nullius
834 2544 926 2574 esset
954 2540 1099 2574 roboris.
1146 2542 1316 2586 pellucere
1345 2543 1427 2597 quin
1456 2544 1578 2586 etiam,
1609 2543 1642 2577 si

181 2580 258 2624 quis
279 2582 495 2629 introspiciat
516 2586 700 2628 attentius,
722 2586 818 2631 signa
841 2585 928 2619 male
949 2585 1179 2620 dissimulatae
1199 2587 1278 2623 talis
1299 2587 1333 2622 in
1355 2601 1429 2634 ipso
1452 2589 1639 2623 Athanasio

181 2628 368 2678 sententiae
390 2640 548 2665 arcanae.
593 2643 654 2667 cur
675 2631 761 2666 enim
784 2631 842 2665 ille
863 2630 973 2665 literis
994 2631 1037 2665 de
1059 2631 1124 2665 hoc
1145 2631 1246 2667 editis
1267 2633 1436 2669 omisisset
1454 2634 1639 2680 imperato·

181 2680 230 2703 ns
261 2673 384 2707 nomini
414 2682 607 2712 consuetum
636 2677 747 2712 sancti
769 2676 963 2712 adiunctum
988 2688 1179 2722 apponere,
1207 2679 1274 2714 nisi
1294 2679 1399 2714 vellet
1421 2679 1638 2715 subindicare

182 2714 270 2750 haud
293 2718 423 2763 opinari
443 2731 483 2755 se
501 2722 592 2757 illum
614 2723 682 2758 rite
703 2733 767 2768 per
796 2723 858 2756 has
881 2734 923 2758 ac
945 2733 1026 2756 vere
1046 2722 1249 2759 intortorum
1269 2724 1306 2759 iu
1326 2724 1436 2771 ipsum
1458 2736 1522 2771 per
1542 2725 1639 2770 prio—

181 2771 238 2794 res
261 2764 504 2800 anathematum
526 2768 691 2804 feralibus
723 2767 868 2802 vinculis
889 2768 1045 2802 solutum.
1091 2768 1175 2814 quid
1197 2781 1286 2816 quae
1307 2782 1397 2805 nunc
1417 2782 1521 2815 agere
1543 2770 1638 2806 dice-

179 2810 286 2849 retur,
308 2818 351 2843 an
373 2820 440 2845 nou
461 2811 549 2847 idem
570 2813 679 2859 ipsum
699 2813 910 2850 innuebant?
931 2813 1132 2850 audiebatur
1153 2815 1252 2859 enim,
1273 2827 1316 2851 ex
1339 2828 1406 2862 quo
1430 2819 1530 2852 erant
1551 2817 1638 2852 istae
