1820 3112
336 139 412 182 DE
445 137 776 182 ANDRONICO
810 137 1183 183 PALAEOLOGO
1219 139 1264 184 L.
1294 137 1369 182 111.
1494 141 1589 186 211

120 252 225 296 κατὰ
244 255 328 296 τῶν
345 250 552 308 ἡμετέρων
581 249 740 294 λύσσαν
772 253 839 294 καὶ
864 255 1077 295 καθιστῶν
1106 251 1154 295 τὸ
1170 250 1363 306 πολέμιον
1384 250 1589 310 ἦμερῶτε·

121 338 219 377 ρον,
254 327 343 370 τοῖς
377 321 422 363 δὲ
451 320 526 370 τὰς
553 320 675 373 τιμὰς
706 318 892 370 ἓπαῦξων
922 322 990 363 καὶ
1017 320 1093 370 τὰς
1126 322 1367 376 προθυμίας
1388 320 1589 379 ἐπιρρων-

119 387 251 441 νιῖων,
278 389 335 444 μὴ
367 386 496 443 μόνον
524 390 648 444 ἐφιεὶς
674 385 831 446 ἑκάστῳ
853 390 1076 443 κερδαίνειν
1106 387 1205 443 ὅπερ
1225 390 1266 438 ἒς
1283 395 1426 446 χεῖρας
1443 391 1487 433 ἐκ
1502 395 1588 435 τῶν

121 456 349 513 ἀλλοτρίων
370 455 529 500 σκῦλων
551 455 738 511 ἐτύγχανε
757 454 933 512 γεγονός,
966 455 1071 499 ἀλλὰ
1093 459 1160 498 καὶ
1179 456 1261 513 ἀφ’
1286 456 1437 500 ἑαυτοῦ
1458 475 1590 515 προσ-

85 527 250 574 5τιθεῖς
284 525 338 568 τὰ
372 529 564 577 πλεῖστα,
613 525 686 567 τὸν
724 526 769 568 ἐκ
791 529 875 568 τῶν
904 525 1069 580 ἐχθρῶν
1094 529 1275 568 πλοῦτον
1295 523 1320 580 ἦ
1339 526 1444 578 μετὰ
1462 524 1590 583 τύχης

119 593 243 650 ἀρετὴ
264 595 320 643 εἷς
334 601 475 648 χεῖρας
494 589 586 648 ἦγεν
605 594 753 652 ἐκείνῳ.
825 593 929 648 πρὸς
949 593 1028 649 γὰρ
1046 600 1133 642 τοῖς
1148 593 1289 642 ἄλλοις
1307 596 1380 635 καί
1395 611 1435 636 τι
1454 595 1589 652 φρού-

120 679 208 718 ριον
235 661 339 718 πρὸς
368 662 416 704 τὸ
436 660 726 705 Μελανούδιον
753 665 836 704 τῶν
858 659 933 704 δύο
968 665 1154 715 βουνῶν,
1193 658 1321 704 πάλαι
1347 662 1424 716 μὲν
1442 661 1586 717 ἢμέτε-
1608 673 1638 708 Β

118 747 192 785 ρον
221 727 314 773 τότε
343 731 389 773 δὲ
416 734 499 772 τῶν
517 730 680 785 ἐχθρῶν
690 763 704 782 ,
741 729 763 773 ὃ
785 728 912 772 πάλαι
932 728 1046 784 οἶμαι
1069 730 1117 772 τό
1144 731 1367 785 Μιλησίων
1382 729 1588 786 Διδῦμιον

117 799 335 855 ἔφημίζετο
349 830 364 850 ,
409 798 522 852 ἔτυχε
549 798 715 856 πολέμῳ
743 796 954 855 κρατήσας
979 800 1126 856 τοιῷδε
1154 797 1309 856 τρόπῳ.
1382 796 1439 849 ὥς
1465 799 1584 856 γὰρῆ

62 875 108 910 10
120 864 262 923 πρώτη
281 870 365 910 τῶν
379 871 580 923 γυναικῶν
597 870 672 909 τοῦ
693 864 941 921 Σαλάμηακι
958 867 1143 920 Πέρσου,
1163 866 1206 917 ἔξ
1225 864 1463 923 ἀνθρώπων
1482 868 1586 912 ἐκεί-

115 952 190 978 νου
221 932 454 991 γεγονότος,
500 935 583 978 ἐκεῖ·
607 933 868 991 πεφύλακτο,
916 932 1229 991 τεθησαύριστο
1246 936 1292 978 δὲ
1317 937 1386 978 καὶ
1406 940 1586 988 πλοῦτος

115 1001 402 1056 παντοδαπός,
438 1003 487 1046 τὸ
515 1004 588 1057 μὲν
622 1003 803 1057 πολέμου
828 1001 941 1062 νόμῳ
966 1008 1042 1047 τοῦ
1074 1005 1277 1060 φρουρίου
1301 1004 1584 1062 περιγενέσθαι

115 1069 302 1114 ἀδύνατα
318 1072 418 1122 τέως
437 1069 559 1125 εἶχεν,
592 1071 694 1127 ἔγνω
714 1073 759 1114 δὲ
780 1074 1041 1128 σοφίσασθαι
1064 1072 1140 1127 τὴν
1157 1079 1354 1128 γυναῖκα,
1390 1071 1495 1116 ὥστε
1514 1075 1583 1117 καὶ

112 1139 284 1194 πέμπων
313 1137 369 1190 ὥς
406 1142 535 1194 δῆθεν
579 1141 621 1182 ἓν
661 1139 913 1196 ἀπορρήτοις
951 1140 1182 1197 ἀγαγέσθαι
1221 1138 1379 1196 ταύτην
1406 1139 1581 1198 σύζυγον

59 1214 103 1250 15
113 1206 354 1264 ὗπισχνεΐτο.
426 1207 482 1258 ὦς
508 1212 606 1265 γοῦν
635 1207 829 1259 πολλάκις
858 1209 1027 1264 πέμπων
1066 1208 1140 1251 οὐκ
1171 1208 1359 1261 ἔπειθεν,
1402 1210 1579 1266 ἐπισχὼν
1602 1222 1633 1257 c

113 1276 211 1326 τοὺς
243 1281 319 1332 τῆς
345 1276 488 1331 λίμνης
515 1275 727 1333 καράβους
755 1279 901 1320 συνδεῖ
927 1279 1129 1332 σχοίνοις,
1178 1279 1247 1319 καὶ
1280 1274 1385 1328 ξύλα
1409 1278 1580 1335 μέγιστα

114 1346 228 1395 ἐνιεὶς
256 1345 322 1388 ἐπ’
357 1346 515 1389 ἐκείνων
542 1343 882 1398 κατασκευάζεται
903 1344 1099 1401 μόσυνας.
1170 1345 1224 1388 τὰ
1244 1344 1291 1388 δ’
1323 1344 1431 1389 ἅλλα
1454 1351 1579 1391 πλοῖα

203 1454 239 1490 5.
262 1452 353 1499 miv]
376 1451 454 1490 ἐπεὶ
478 1453 571 1491 niv?

112 1555 242 1599 rentia,
273 1556 486 1592 ferocitatem
517 1558 676 1603 mitigans
705 1570 877 1605 aususque
906 1557 1114 1604 irrumpendi
1143 1557 1338 1594 debilitans.
1383 1569 1427 1594 ac
1457 1558 1579 1594 ditioni

111 1602 246 1647 quidem
268 1609 406 1638 nostrae
427 1604 597 1638 subiectas
619 1609 737 1649 gentes
762 1617 805 1639 ne
826 1606 939 1650 iugum
963 1609 1161 1639 excuterent
1182 1617 1248 1639 non
1271 1607 1345 1639 sola
1366 1605 1400 1639 vi
1422 1607 1577 1648 tenebat,

110 1648 174 1681 sed
195 1648 365 1683 comitatis
387 1660 429 1684 ac
451 1650 666 1686 liberalitatis
689 1651 870 1685 deliniebat
892 1651 1076 1693 illecebris,
1099 1652 1178 1684 dum
1198 1651 1325 1696 aliquid
1348 1650 1384 1684 in
1404 1650 1447 1684 iis
1469 1652 1577 1686 bene-

108 1698 278 1728 merentes
299 1695 447 1740 adauget
469 1696 650 1730 honoribus
682 1708 724 1732 ac
755 1702 953 1742 promovet,
966 1697 1060 1730 .dum
1093 1697 1221 1731 animos
1249 1696 1344 1731 addit
1376 1697 1577 1731 audentibus

107 1739 266 1786 bonaque
286 1751 349 1785 spe
372 1741 569 1785 confirmat,
603 1742 681 1776 dum
711 1742 857 1788 denique
886 1754 952 1776 non
975 1742 1081 1776 solum
1102 1754 1203 1788 quam
1225 1742 1368 1787 quisque
1388 1752 1489 1775 mann
1512 1753 1576 1786 pe-

110 1784 202 1863 perit
238 1787 419 1831 praedam,
470 1786 539 1832 ipsi
577 1788 749 1834 propriam
788 1787 971 1834 relinquit,
1020 1788 1110 1822 iuste
1152 1788 1342 1833 quaesitum
1393 1787 1576 1832 eripiendis

133 1830 199 1865 esti
239 1832 355 1876 spoliis
395 1832 534 1867 virtutis
572 1836 718 1869 fructum
760 1834 868 1868 cuivis
905 1834 1074 1878 integrum
1115 1834 1329 1874 condonanS,
1369 1832 1431 1865 sed
1472 1843 1576 1876 prae-

111 1875 181 1909 mia
209 1875 349 1921 insuper
378 1889 420 1911 ex
452 1889 513 1912 suo
543 1885 639 1914 recte
673 1881 839 1914 factorum
876 1880 966 1913 ultro
997 1879 1221 1913 accumulans.
1276 1877 1329 1911 his
1358 1877 1416 1910 ille
1444 1877 1576 1912 artibus

111 1920 218 1955 multa
237 1922 304 1956 sibi
325 1922 474 1966 gloriosa
496 1936 560 1958 nec
582 1925 687 1964 minus
710 1931 918 1970 quaestuosa
939 1925 1106 1970 perfecit,
1142 1925 1208 1957 ista
1237 1923 1372 1956 virtutis
1403 1934 1478 1956 cum
1500 1924 1576 1957 for-

109 1970 192 2000 tuna
225 1967 391 2002 societate
427 1979 604 2004 successus
636 1970 808 2016 plerisque
838 1971 874 2004 in
917 1970 1038 2004 hostile
1081 1970 1187 2003 solum
1226 1968 1475 2002 incursionibus
1513 1979 1572 2003 eos

109 2014 250 2052 nactus,
288 2012 410 2056 quibus
440 2014 577 2048 multam
610 2016 790 2050 Persarum
820 2015 1026 2060 opulentiam
1058 2015 1094 2048 in
1126 2025 1219 2048 suam
1253 2019 1386 2047 manum
1416 2018 1574 2058 potesta-

109 2062 244 2102 temque
273 2058 457 2102 redigeret.
509 2059 599 2093 inter
628 2061 695 2094 alia
728 2061 801 2094 eius
834 2066 913 2095 acta
943 2061 1007 2093 hoc
1034 2060 1070 2093 in
1109 2059 1278 2103 specimen
1305 2059 1572 2094 memorabimus.

109 2102 252 2138 munitio
276 2109 353 2136 erat
375 2115 480 2148 prope
503 2105 742 2147 Meladunium,
765 2107 857 2140 dicta
879 2107 1030 2140 Duorum
1054 2104 1209 2146 collium,
1232 2104 1309 2138 olim
1330 2108 1460 2146 nostra,
1483 2116 1572 2139 nunc

109 2148 256 2182 hostium
279 2148 411 2183 insessa
432 2150 624 2194 praesidio,
646 2151 727 2193 illa,
745 2152 886 2196 opinor,
906 2151 981 2196 ipsa
1003 2161 1092 2195 quae
1114 2149 1276 2184 vocabulo
1297 2150 1447 2194 Didymis
1467 2150 1571 2185 Mile-

107 2193 233 2228 siorum
255 2194 333 2228 olim
356 2195 499 2229 celebris
521 2196 596 2229 fuit.
643 2207 718 2230 eam
739 2196 798 2230 ille
819 2196 921 2230 armis
943 2195 1079 2240 subegit
1101 2195 1165 2228 boc
1184 2196 1295 2230 modo.
1340 2196 1473 2231 sciebat
1495 2195 1572 2242 pri-

107 2239 247 2274 mariam
267 2251 409 2274 uxorum
431 2241 633 2286 salampacis
655 2243 784 2276 Persae
811 2241 869 2275 illo
899 2241 966 2275 iam
998 2246 1130 2274 mortuo
1151 2240 1221 2275 illic
1241 2241 1371 2275 servari
1393 2253 1469 2276 cum
1490 2242 1569 2276 the-

108 2296 209 2320 sauro
230 2297 338 2330 gazae
358 2287 561 2332 peregrinae
583 2298 750 2332 opumque
773 2287 878 2320 omnis
907 2286 1043 2330 generis
1064 2286 1205 2330 ingenti.
1251 2292 1289 2321 et
1308 2287 1393 2322 situs
1417 2290 1453 2321 et
1473 2292 1570 2322 stru-

108 2334 206 2366 ctum
230 2338 267 2366 et
288 2332 449 2375 praesidii
471 2344 629 2367 numerus
651 2333 702 2366 sic
723 2344 836 2367 arcem
858 2332 949 2366 illam
972 2332 1218 2374 defensabant,
1241 2336 1280 2366 ut
1301 2333 1335 2367 vi
1356 2333 1481 2367 bellica
1503 2344 1567 2367 ex-

105 2377 251 2421 pugnari
272 2377 361 2411 haud
384 2389 483 2422 posse
502 2379 724 2413 iudicaretur.
767 2377 1004 2423 experiendam
1026 2388 1108 2422 ergo
1130 2381 1236 2412 artem
1257 2384 1373 2417 ratus.
1395 2378 1568 2413 mulierem

106 2421 215 2456 missis
237 2433 361 2457 arcano
384 2424 494 2458 literis
517 2436 559 2458 ac
579 2424 705 2458 nuntiis
729 2424 890 2469 pellicere
911 2422 1084 2465 tentavit,
1115 2434 1154 2457 se
1184 2424 1272 2458 illam
1302 2423 1479 2469 coniugem
1500 2424 1565 2458 du-

107 2471 238 2501 cturum
269 2468 440 2513 pollicens.
486 2470 547 2504 sed
578 2482 652 2504 cum
685 2470 720 2503 id
743 2470 873 2504 frustra
903 2469 960 2503 diu
991 2469 1113 2510 fieret,
1142 2469 1269 2504 semina
1298 2470 1453 2504 connubii
1486 2469 1568 2504 talis

105 2513 305 2548 mentionem
327 2521 543 2560 aspernante,
559 2515 692 2550 interim
715 2515 893 2560 explorata
916 2515 984 2548 dux
1006 2514 1073 2548 loci
1095 2517 1228 2558 natura,
1241 2515 1480 2550 animadvertit
1501 2526 1566 2558 pa-

105 2557 194 2592 ludis
227 2559 271 2593 ad
294 2570 407 2594 arcem
428 2562 660 2606 restagnantis
692 2562 858 2606 quaedam
881 2571 958 2594 esse
984 2559 1088 2593 certis
1110 2559 1214 2602 locis,
1242 2561 1363 2607 hisque
1386 2562 1430 2595 ad
1452 2569 1566 2593 muros

106 2603 190 2637 satis
212 2605 368 2648 admotis,
392 2606 564 2641 emissaria
586 2607 760 2642 excavatis
782 2605 981 2651 profundius
1003 2604 1130 2647 alveis,
1152 2617 1238 2651 quos
1260 2608 1330 2641 alte
1352 2607 1466 2641 defixa
1487 2605 1566 2638 hine

107 2651 211 2693 atque
242 2649 322 2684 inde
359 2651 452 2695 tigna
482 2652 581 2686 simul
618 2652 809 2686 indicarent
838 2651 1082 2696 munirentque.
1127 2651 1189 2685 has
1222 2652 1280 2686 ille
1319 2649 1566 2687 corrivafione·

106 2694 220 2736 stagni
241 2695 344 2730 missa
374 2708 471 2731 manu
502 2699 702 2744 occupavit3
733 2696 898 2742 capitibus
926 2699 1095 2740 tignorum
1123 2697 1327 2732 altrinsecus
1359 2695 1566 2736 extantibus,

106 2738 228 2773 validis
247 2739 338 2774 inter
359 2753 436 2776 sese
457 2743 594 2777 funibus
625 2742 795 2778 devinctis
820 2741 975 2776 tabulata
995 2741 1172 2787 imposuit,
1203 2743 1327 2788 quibus
1358 2741 1478 2776 deinde
1499 2750 1564 2786 pro

106 2783 177 2818 solo
198 2785 367 2828 turribus,
398 2788 488 2822 unde
508 2788 545 2823 in
567 2800 679 2823 muros
702 2791 928 2838 pugnaretur,
957 2787 1163 2823 sustinendis
1184 2793 1238 2823 est
1258 2799 1350 2823 usus.
1396 2787 1450 2822 his
1472 2785 1565 2822 exci-
