1858 3126
537 148 639 192 LIB.
668 149 701 192 1.
770 144 1130 190 GLOSSARIUM.
1450 140 1548 186 703

115 263 285 304 defluere
303 259 494 308 sinentes,
522 257 630 310 quod
654 259 675 298 1
689 257 790 297 Sam.
808 268 842 294 c.
861 257 911 298 21
933 249 984 296 13'
1004 259 1048 292 ut
1066 251 1239 291 insaniae
1264 251 1417 303 siguum
1436 250 1551 304 poni-

114 326 193 360 tur.
249 317 351 356 Galli
369 315 487 354 hodie
503 312 656 364 vulgari
674 325 851 351 sermone
874 311 971 348 tales
990 309 1168 348 indicant
1183 307 1303 347 verbo
1326 305 1420 356 τούς
1435 322 1552 360 κεχη-

111 372 227 423 νότας
245 374 487 425 exprimente
499 401 509 420 ‚
538 369 711 407 hadaux.
768 367 835 407 sed
854 366 902 404 de
922 365 983 404 his
1002 367 1091 417 plus
1110 365 1214 404 satie.

225 425 559 483 μαρκούτζας.
615 424 724 476 quod
754 423 796 462 in
825 422 950 475 priori
978 422 1176 460 Glossario
1205 419 1429 472 suspicabar
1457 434 1553 472 μαρ-

113 483 279 534 κοῦτζας
298 483 502 535 legendum
522 482 604 523 vol.
625 482 641 519 1
662 495 702 533 p.
718 483 799 522 282
814 493 851 519 v.
870 482 912 528 8,
939 478 1168 530 comprobat
1188 477 1390 514 Maltretus
1408 482 1556 524 noster,

115 542 227 582 cuius
246 555 267 580 e
282 540 406 578 literis
425 540 475 577 ad
500 551 562 576 me
579 537 678 575 datis
696 536 792 574 haec
814 535 1010 573 describo:
1040 534 1106 572 “in
1136 534 1255 571 verbo
1287 529 1558 585 Μαρμούτζας

113 599 295 652 praefero
314 602 444 634 tecum
475 593 710 645 exemplaria
737 604 835 644 quae
861 587 1103 643 μαρκούτζας
1132 589 1335 637 scribunt,
1363 601 1453 626 cum
1471 588 1556 625 eius

114 653 303 694 vocabuli
322 651 379 690 sic
395 650 530 702 scripti
551 649 660 699 origo
688 647 852 687 Arabica
875 648 1002 685 faveat
1029 646 1242 684 sententiae
1260 645 1344 683 illic
1363 644 1557 682 indicatae

114 708 380 761 Pachymen‘u.
436 715 495 756 ‘m-
515 720 603 743 mar
623 705 724 743 enim
740 703 926 742 Arabibus
947 705 1011 741 vir
1028 708 1166 752 sonat,
1197 708 1237 741 et
1246 711 1317 755 ’ἥρ
1336 701 1446 738 kutzi
1465 701 1557 738 lon-

114 766 304 818 ginquus,
333 763 415 801 sive
434 775 484 800 ex
506 761 719 812 longinquo
739 761 936 811 profectus
956 759 1118 799 advena.
1304 745 1321 766 χ

226 813 431 873 μεσιτεύ
445 832 589 864 οντες
618 831 656 867 p.
678 819 759 859 208
776 829 813 856 v.
830 819 870 858 7.
926 828 974 853 cx
992 815 1125 853 multis
1142 812 1327 852 historiae
1343 811 1462 850 huius
1487 811 1552 849 lo-
1578 806 1607 842 P
1628 805 1696 843 496

117 877 199 926 cis,
228 882 268 914 et
296 874 517 925 aequalium
547 872 776 923 Pachymeri
810 871 1071 922 scriptorum,
1109 869 1394 909 observandum
1420 868 1554 916 semel,

117 933 170 972 ad
190 932 309 971 huius
335 936 375 969 et
409 930 575 968 aliorum
616 928 911 978 intelligentiam
939 927 1139 976 locorum,
1179 920 1451 977 μεσιτεύοντας
1486 924 1556 962 illa

117 992 348 1041 tempestate
373 984 718 1036 Constantinopoli
746 984 824 1022 dici
850 996 914 1022 eos
934 983 1091 1032 solitos,
1129 982 1197 1033 qui
1222 981 1343 1032 gratia
1359 987 1399 1019 et
1418 980 1557 1019 existi-

118 1045 291 1084 matione
307 1042 350 1080 in
362 1041 500 1093 primis
518 1041 709 1092 pollentes
731 1039 836 1092 apud
854 1039 1073 1091 principem
1093 1039 1352 1076 instrumenta
1369 1037 1426 1075 illi
1445 1049 1556 1089 prae-

118 1102 235 1153 cipua
255 1098 454 1149 regiminis
481 1097 651 1135 universi
683 1103 818 1145 erant,
853 1103 994 1134 cuncta
1018 1097 1099 1133 fere
1129 1108 1200 1146 per
1218 1094 1308 1132 illos
1333 1099 1401 1132 aut
1419 1106 1555 1131 eorum

120 1169 240 1196 suasu
261 1155 537 1193 interventuve
565 1153 727 1201 gerenti.
782 1152 982 1190 ministros
1012 1152 1201 1203 quaedam
1233 1150 1412 1201 Europae
1443 1150 1555 1188 aulae

119 1212 239 1251 hodie
255 1211 353 1249 tales
372 1204 463 1249 κατ’
481 1205 621 1260 ἒξυχήν
642 1215 679 1247 et
702 1208 1010 1246 antonomastice
1034 1207 1255 1258 appellant,
1292 1206 1557 1244 functionem-

121 1282 198 1320 que
213 1267 387 1318 ipsorum
408 1265 584 1302 absolute
603 1264 872 1301 ministerium.
928 1264 1116 1300 eiusmodi
1136 1263 1211 1300 suit
1233 1261 1337 1313 apud
1354 1262 1557 1299 Androni-

123 1337 214 1361 cum
236 1322 356 1360 liuius
383 1320 571 1358 historiae
603 1325 873 1369 argumentum
903 1319 1031 1370 primo
1061 1318 1290 1362 Theodorus
1308 1317 1458 1355 Muzalo
1477 1318 1506 1357 l.
1532 1320 1552 1358 1

123 1393 160 1419 c.
181 1383 204 1421 1
226 1384 265 1416 et
283 1381 324 1426 2,
342 1377 483 1414 deinde
501 1376 700 1415 Chumnus
723 1376 942 1426 praefectus
964 1374 1139 1423 caniclei,
1167 1374 1196 1413 l.
1216 1376 1242 1414 2
1260 1386 1292 1411 c.
1308 1373 1463 1422 ultimo,
1482 1374 1511 1412 l.
1530 1374 1558 1415 4

125 1448 161 1474 c.
178 1438 205 1475 7
223 1440 262 1472 et
283 1433 386 1471 alibi.
444 1445 542 1482 quos
566 1431 818 1482 Pachymeres
846 1428 1141 1482 μεσιτεύοντας,
1180 1430 1338 1467 videtur
1358 1430 1562 1468 Cantacu-

122 1504 244 1529 zenus
269 1495 308 1527 et
339 1487 550 1526 Phrantzes
578 1485 814 1538 μεσᾰζοντας
833 1500 995 1535 vocare;
1034 1487 1082 1524 de
1102 1486 1246 1538 quibus
1260 1485 1351 1524 vide
1369 1499 1466 1536 quae
1485 1499 1562 1524 an-

122 1551 235 1585 notat
251 1545 450 1583 Fontanus
465 1549 599 1581 noster
616 1543 657 1581 in
680 1543 964 1593 Prolegomenis
982 1543 1033 1580 ad
1054 1542 1287 1581 Phi-antzen.
1324 1541 1374 1580 ad
1397 1556 1439 1580 ea
1460 1554 1561 1592 quae

123 1601 193 1640 hic
207 1601 336 1640 scribo
352 1599 489 1649 refingi
510 1599 623 1637 velim
643 1613 741 1650 quae
768 1599 891 1650 priori
917 1599 1114 1637 Glossario
1143 1598 1276 1636 notavi
1299 1597 1421 1636 verbo
1440 1597 1562 1649 μεσά-

125 1660 215 1707 ζων.
268 1656 370 1694 illud
391 1656 504 1694 etiam
523 1655 716 1705 adiungo3
747 1655 851 1692 unde
870 1669 946 1692 non
964 1669 1104 1707 parum
1123 1655 1406 1692 confirmantur
1422 1653 1563 1692 hacte-

124 1727 201 1752 nus
223 1712 351 1760 dicta,
378 1724 442 1750 eos
462 1711 527 1762 qui
551 1711 600 1748 ad
630 1711 735 1749 istud
754 1711 969 1762 principale
995 1711 1252 1749 ministerium
1271 1709 1563 1761 promoveban-

125 1776 216 1818 tur,
255 1768 335 1806 dici
365 1769 612 1806 consuevisse
639 1763 957 1819 ἀποκαταστῆναι
985 1765 1051 1808 ἐπὶ
1073 1770 1148 1807 τοῦ
1175 1765 1319 1818 μέσον,
1354 1771 1399 1802 ut
1424 1765 1562 1803 videre

126 1831 188 1864 est
209 1824 315 1874 apud
341 1823 449 1861 hunc
473 1822 651 1860 nostruin
679 1830 877 1861 auctorem
903 1824 945 1860 in
965 1824 1080 1860 titulo
1104 1837 1138 1861 e.
1158 1826 1212 1863 32
1237 1822 1265 1859 l.
1284 1824 1323 1869 2,
1351 1820 1418 1857 ubi
1437 1818 1479 1860 τὸ
1496 1819 1561 1872 μὲ-

129 1892 199 1920 σον
221 1892 362 1916 nomen
381 1885 439 1916 est
459 1878 580 1916 officii
599 1878 737 1925 huius;
766 1879 871 1929 quod
888 1879 970 1916 illic
988 1879 1123 1917 Latine
1140 1876 1294 1915 reddidi
1312 1890 1453 1914 curam
1463 1878 1560 1927 pri-

128 1938 303 1973 mariam
312 1934 603 1984 principalium
622 1936 879 1982 negotiorum.

243 1989 396 2029 Μέπε.
454 1989 502 2026 de
522 1989 631 2039 Mepe
655 1989 800 2027 Iberiae
820 1995 1029 2027 memorato
1060 1989 1102 2026 in
1130 1987 1328 2026 Glossario
1351 1987 1433 2027 vol.
1462 1986 1480 2024 I
1507 2000 1558 2025 ex

127 2059 168 2098 p.
190 2048 271 2087 216
295 2058 334 2082 v.
366 2043 416 2085 15
458 2044 514 2082 sic
543 2045 726 2082 admonet
765 2045 951 2082 Claudius
980 2045 1182 2082 Maltretus
1214 2050 1371 2082 noster:
1419 2043 1557 2094 “quid

129 2102 163 2140 si
203 2100 444 2151 suspicemur
477 2099 692 2150 principem
730 2100 878 2138 Iberiae
916 2101 1028 2151 Mepe
1068 2099 1215 2137 dictum
1254 2113 1276 2136 a
1320 2098 1559 2151 Pachymere

129 2157 329 2196 additione
349 2154 505 2193 Graecis
535 2155 726 2193 citerioris
754 2157 839 2194 aevi
860 2156 1000 2193 usitata
1020 2159 1090 2195 τοῦ
1112 2172 1140 2207 μ
1167 2161 1255 2192 ante
1269 2170 1311 2196 π.
1367 2156 1423 2193 sic
1454 2155 1560 2193 enim

129 2213 192 2251 illi
227 2213 405 2251 scribunt
440 2207 593 2263 μποὶλλα
608 2212 764 2262 Palla,
805 2211 1027 2263 μπαρουνία
1066 2225 1137 2263 pro
1163 2211 1354 2260 baronia,
1388 2212 1563 2262 μπασίας

130 2269 264 2315 bassa,
298 2266 511 2320 μποτέστας
532 2274 723 2318 potestas,
762 2273 801 2305 et
825 2267 898 2304 alia
931 2266 1054 2304 multa
1085 2268 1192 2319 apud
1210 2267 1435 2306 Mem-sium.
1490 2281 1562 2320 po-

129 2325 250 2363 tuerit
274 2337 364 2374 ergo
392 2323 554 2374 dynasta
585 2322 781 2360 iberorum
811 2323 891 2361 illis
911 2323 1047 2360 vocari
1068 2323 1283 2378 nngpelielz
1303 2329 1343 2361 et
1359 2328 1562 2361 contracte

127 2394 199 2431 pe,
238 2393 337 2432 quae
372 2393 453 2417 vox
483 2380 622 2417 ducem
652 2393 696 2417 ac
725 2379 942 2430 principem
969 2378 1136 2427 indicat,
1181 2386 1220 2417 et
1251 2393 1274 2416 a
1303 2378 1559 2430 Paehymere,

131 2436 294 2474 solemni
315 2436 480 2474 istorum
509 2438 581 2474 τοῦ
599 2451 626 2486 μ
644 2435 953 2486 praepositione,
981 2436 1074 2486 Mpe
1090 2435 1309 2486 nominari,
1336 2436 1442 2474 unde
1461 2435 1559 2474 vitio

131 2492 380 2544 exscriptoris
399 2493 511 2543 Mepe
526 2491 726 2529 fluxerit.'’

242 2563 334 2599 μον
347 2543 615 2587 οκελλικόν
643 2561 685 2598 p.
703 2549 785 2588 390
802 2560 838 2586 v.
858 2549 895 2588 6.
953 2546 1048 2597 quid
1070 2546 1222 2585 dicatur
1237 2546 1314 2586 hoc
1334 2547 1422 2585 loco
1443 2561 1560 2598 μονο-

134 2600 324 2651 κελλικόν,
353 2603 535 2641 libentius
554 2603 741 2641 discerem
762 2617 874 2654 quam
894 2602 1092 2652 aggrediar
1110 2602 1262 2642 docere.
1317 2603 1440 2641 multa
1458 2601 1560 2640 enim

138 2656 206 2696 diu
224 2659 442 2709 quaerenti,
469 2672 608 2710 parum
629 2659 734 2710 quod
751 2659 986 2696 satisfaceret
1006 2658 1191 2698 occum't.
1245 2672 1306 2697 res
1324 2659 1408 2710 ipsa
1430 2658 1562 2695 locum

135 2717 262 2751 totum
294 2713 600 2766 expendentibus
630 2714 836 2766 persuadet
865 2714 944 2752 hoc
980 2710 1252 2766 μονοκελλικόν
1279 2713 1478 2766 pertinere
1511 2712 1562 2752 ad

136 2780 256 2819 genus
281 2772 480 2822 προνοιῶν
503 2770 740 2822 pensionum
766 2783 835 2810 seu
850 2783 1068 2809 annuorum
1093 2782 1277 2822 cenenum
1296 2783 1318 2809 e
1335 2769 1431 2808 fisco
1446 2781 1560 2822 prae-
