1820 3112
379 155 456 197 DE
490 152 820 197 ANDRONICO
847 148 1221 195 PALAEOLOGO
1257 149 1306 193 L.
1330 148 1387 193 Π.
1530 147 1626 194 157

163 267 268 325 ὖπέρ
290 267 343 311 τὰ
366 269 496 324 με’τρα
525 263 891 323 κατεπαιρόμενον,
928 266 984 314 εἷς
1015 262 1161 306 ἑαυτὸν
1195 260 1356 318 ἀνάγων
1385 260 1435 305 τὸ
1462 259 1626 317 γεγονὸς

163 339 231 380 καὶ
247 336 324 391 τὴν
342 342 418 380 τοῦ
435 340 789 392 καταφρονεῖσθαι
813 332 938 384 δόξαν
962 334 1001 375 ἐν
1024 335 1142 390 δεινῷ
1166 330 1421 384 ποιούμενος,
1454 332 1522 372 καὶ
1542 329 1623 372 ἀπὸ

164 404 388 460 προσώπου
427 407 549 448 ἐποίει
594 404 666 447 τὸν
707 401 918 459 ἀδελφόν,
964 403 1031 444 καὶ
1063 399 1242 449 ἀπόντος
1267 399 1511 453 κατημέλει,
1556 399 1623 440 καὶ
1647 403 1677 438 Β

163 472 373 530 προσιόντι
394 473 642 530 ὀφθαλμοὶ-ς
669 470 910 526 ἱλαρότητος
939 469 1013 511 οὐκ
1041 471 1178 511 ἐδίδου
1187 501 1201 521 ,
1239 470 1307 510 καὶ
1325 464 1627 519 συνιππαζόμε-

130 552 232 592 §rog
261 542 335 597 τὴν
366 541 563 599 ἐγγύτητα
586 541 807 598 ἀφῃρεῖτο,
852 540 918 581 καὶ
938 538 988 593 ἣν
1010 539 1052 588 ἐξ
1072 539 1246 593 ἐγγίονος
1271 535 1349 590 εἶχε
1374 541 1446 590 τῆς
1464 534 1624 589 ὁμιλίας

162 609 361 666 πρότερον
389 609 514 662 δόξαν
546 616 824 665 προσεποιεῖτο
857 606 1165 662 παρακατέχειν.
1244 603 1624 659 ἇξιωματικώτερον

159 679 240 735 γὰρ
259 679 439 729 κάκεῖνος
459 685 550 729 ταῖς
578 678 792 734 ἀληθείαις
823 681 906 719 τῶν
932 673 1183 732 πραγμάτων
1200 672 1424 730 ἐφήπτετο,
1460 676 1626 722 πολλοῖς

159 749 235 802 μὲν
266 755 354 797 τοῖς
378 746 456 805 ὕφ’
493 746 618 790 αὑτὸν
652 743 953 800 θεραπεύουσι,
1007 747 1146 801 πολλῷ
1188 744 1233 785 δὲ
1265 747 1323 800 τῷ
1363 742 1625 799 συναγομὲνῳ

159 810 324 874 πλοότῳ
354 819 421 858 καὶ
451 820 502 873 τῇ
526 818 647 873 χλιδῇ
678 816 902 871 ἐντρυφῶν.
973 810 1076 867 ὑπὲρ
1108 811 1188 868 γὰρ
1222 809 1418 865 ἑξήκοντα
1446 811 1619 866 χρυσίου

106 893 151 928 10
156 883 345 940 χιλιάδας
361 885 405 927 αἱ
426 886 648 939 οἰκονομίαι
666 882 800 941 τούτῳ
819 882 1123 936 ἀπεκληροῦντο
1142 880 1256 935 παρὰ
1270 877 1449 935 πατρός,
1485 880 1558 921 καί
1575 895 1619 934 γε

158 953 311 1002 σκοπὸς
338 948 412 1008 ἦν,
451 955 487 997 εἰ
516 957 677 1009 περιῆν,
720 954 787 994 καὶ
810 952 852 1001 ἐς
881 949 1025 993 ἑκατὸν
1054 948 1250 999 ἓπαύξειν.
1331 949 1399 990 καὶ
1424 945 1616 1003 μεγάλοις
1639 953 1670 988 C

157 1020 355 1077 ἀνδράσιν
383 1021 556 1077 ἄρχουσι
584 1028 671 1070 τοῖς
699 1022 744 1063 ἐκ
772 1025 846 1063 τοῦ
882 1019 1085 1061 παλατίου
1125 1020 1181 1067 εἷς
1215 1017 1443 1073 θεραπείαν
1473 1017 1621 1066 ἐκεῖνος

155 1089 359 1133 rinhart&
382 1090 447 1143 οἱ,
484 1092 550 1132 καὶ
582 1090 651 1132 διὰ
674 1088 793 1132 τοῦτ’
825 1087 972 1137 ἐκεῖνος
999 1086 1131 1129 πολλὰ
1163 1087 1238 1139 μὲν
1271 1082 1488 1139 προσόδων
1517 1083 1619 1138 ἔχων

157 1158 275 1215 ὀλίγα
299 1158 346 1201 δ’
374 1160 578 1209 ἐξαντλῶν
586 1190 601 1211 ,
639 1159 674 1200 εἷ
692 1156 751 1212 μή
778 1175 858 1200 που
889 1159 945 1206 εἰς
973 1156 1051 1205 τὰς
1069 1154 1170 1197 κατ’
1199 1154 1427 1209 εὐεργεσίαν
1457 1157 1619 1209 φιλοτι-

102 1229 277 1281 15μίας,
314 1225 338 1270 ὃ
370 1229 438 1270 καὶ
468 1227 571 1270 αὐτὸ
600 1229 655 1276 εἰς
683 1225 870 1280 ὑποψίαν
899 1225 1026 1267 ἔκειτο
1048 1226 1194 1277 μείζω,
1230 1226 1396 1271 πολλοῖς
1417 1220 1620 1278 ἐνετρύφα

154 1298 223 1338 καὶ
258 1293 587 1351 ὖπερηφανεῦετο
630 1297 687 1345 εἷς
720 1293 930 1350 ὑποταγὴν
969 1293 1044 1347 τὴν
1089 1293 1129 1341 ἒς
1166 1292 1339 1345 βασιλέα
1366 1290 1619 1345 πρέπουσαν.

154 1363 288 1407 ταῦθ’
319 1362 427 1421 ὁρῶν
453 1362 667 1418 βασιλεύς,
705 1365 777 1406 καί
792 1380 845 1419 ,γε
866 1367 942 1418 τῆς
962 1364 1004 1412 ἐξ
1027 1358 1208 1416 ὑπογύου
1228 1361 1379 1414 ἐκείνης
1400 1356 1621 1414 συμβάσης

152 1531 215 1561 eo,
247 1530 347 1566 quem
369 1519 472 1554 animi
491 1518 679 1564 principum
710 1529 753 1552 ex
775 1517 933 1564 opinione
954 1516 1087 1562 proprii
1110 1519 1324 1559 contemptus
1344 1514 1497 1548 sentiunt
1518 1525 1616 1548 acer·-

150 1566 291 1607 risuum,
324 1566 443 1600 dolore
476 1566 611 1611 penitus
643 1565 835 1599 stimulatus
864 1564 898 1598 in
931 1563 1115 1597 ulciscendi
1146 1562 1361 1607 cupiditatem
1390 1561 1615 1594 incumbebat.

150 1612 293 1657 primum
314 1612 421 1657 igitur
446 1623 468 1646 a
490 1616 674 1656 conspectu
696 1613 836 1645 fratrem
859 1610 1000 1652 amovit,
1035 1609 1162 1654 diuque
1182 1609 1357 1642 absentem
1379 1618 1418 1640 se
1440 1606 1615 1650 negligere

149 1658 302 1692 funditus
323 1657 492 1699 ostendit,
513 1668 556 1691 ac
577 1668 621 1691 ex
643 1656 824 1691 intervallo
850 1667 970 1690 rursus
991 1667 1030 1689 se
1051 1655 1252 1689 offerentem
1276 1653 1366 1687 baud
1388 1652 1488 1686 laetis
1510 1663 1615 1697 aspe—

149 1703 203 1737 xit
222 1704 340 1738 oculis,
386 1703 531 1748 denique
563 1714 638 1736 cum
660 1702 828 1749 equitanti
850 1704 1002 1746 Augusto
1025 1712 1184 1745 germano
1215 1700 1395 1734 admovere
1417 1710 1456 1732 se
1478 1698 1535 1731 ille
1566 1697 1610 1730 de

148 1759 243 1783 more
262 1754 424 1791 tentaret,
446 1749 500 1783 sui
521 1748 674 1782 viciniam
696 1749 834 1789 ademit,
856 1748 975 1793 procul
996 1759 1072 1781 eum
1095 1747 1269 1791 ableg-aus.
1313 1745 1349 1778 in
1369 1755 1437 1789 quo
1456 1754 1522 1777 non
1546 1754 1609 1787 pa-

147 1805 222 1829 rum
245 1795 408 1829 bominem
430 1794 595 1840 pupugit,
624 1795 675 1829 sic
699 1796 870 1828 exclusum
890 1795 964 1828 voti
995 1794 1142 1833 effectu,
1172 1804 1239 1838 quo
1263 1791 1363 1825 enixe
1385 1789 1610 1823 affectaverat

147 1842 347 1875 resumendo
376 1841 411 1875 in
433 1841 597 1875 comitatu
618 1841 737 1875 fratris
758 1839 901 1884 Augusti
933 1841 1007 1873 loeo
1030 1839 1180 1884 proximo
1209 1837 1274 1871 sibi
1305 1846 1460 1870 asserere
1485 1833 1609 1867 existi-

146 1886 346 1929 mationem,
380 1886 476 1921 euius
498 1886 534 1920 in
558 1887 771 1932 possessione
795 1887 852 1920 diu
873 1887 1007 1927 suerat,
1031 1883 1205 1918 familiaris
1228 1894 1304 1916 cum
1327 1893 1367 1915 eo
1391 1879 1608 1913 consuetudi-

147 1931 202 1965 nis
220 1938 258 1966 et
278 1933 367 1977 grati
389 1944 432 1967 ae
452 1932 549 1966 liberi
572 1943 784 1976 congressus,
806 1932 981 1974 tenendis,
1005 1941 1092 1975 quas
1113 1930 1236 1963 multas
1258 1927 1419 1967 babebat,
1440 1924 1608 1958 clientelis

146 1977 277 2011 utilem.
321 1989 398 2012 nam
419 1987 458 2012 re
479 1989 566 2012 vera
587 1978 796 2022 splendidius
815 1978 917 2011 etiam
940 1988 1041 2022 quam
1060 1987 1121 2020 pro
1143 1973 1293 2008 secundo
1317 1984 1339 2006 a
1361 1982 1518 2017 supremo
1539 1970 1606 2004 im-

146 2022 236 2068 perii
256 2022 353 2067 apice
373 2023 555 2067 potestatis
578 2024 706 2067 gradu,
733 2023 949 2056 obnoxiorum
975 2021 1252 2064 addictor-umque
1283 2017 1350 2051 sibi
1372 2017 1476 2051 variis
1497 2016 1607 2050 nomi-

146 2067 246 2102 nibus
268 2068 434 2102 bominum
461 2079 600 2102 numero
621 2068 808 2110 affluebat,
841 2068 964 2113 partim
995 2066 1177 2100 domestico
1200 2064 1264 2098 sibi
1286 2062 1471 2098 ministerio
1494 2063 1607 2096 samu-

142 2113 302 2157 lantium,
337 2114 459 2159 partim
479 2114 579 2147 statis
601 2113 863 2147 exhibitionibus
892 2112 998 2146 officii
1019 2112 1208 2145 continuam
1232 2109 1440 2144 devotionem
1474 2112 1605 2142 testan-

142 2159 240 2200 tium,
262 2170 405 2205 quorum
426 2159 506 2193 illos
527 2158 672 2199 salariis,
693 2159 756 2193 bos
777 2159 993 2204 pensionibus
1025 2169 1067 2191 ac
1090 2156 1326 2200 largitionibus
1343 2155 1409 2189 sibi
1428 2154 1603 2199 alligabat,

143 2205 188 2239 ad
213 2206 273 2239 bas
296 2209 332 2240 et
354 2205 482 2239 caeteri
502 2205 696 2250 principalis
731 2206 841 2238 cultus
873 2209 910 2238 et
929 2204 1028 2237 luxus
1050 2202 1260 2236 necessarias
1280 2212 1448 2246 expensas
1470 2200 1603 2235 affatim

142 2251 303 2285 hauriens
332 2250 495 2296 pecuniae
526 2261 570 2284 ex
597 2250 779 2284 uberrimis
809 2249 859 2283 illi
887 2248 1061 2283 attributis
1092 2260 1114 2282 a
1144 2253 1246 2294 patre
1278 2247 1399 2281 annuis
1428 2245 1599 2286 censibus,

141 2307 301 2330 sumnam
333 2307 509 2330 aureorum
540 2297 718 2340 sexaginta
747 2295 882 2329 millium
912 2295 1142 2340 explentibus3
1173 2305 1259 2339 quos
1290 2293 1393 2327 etiam
1413 2292 1502 2327 idem
1525 2291 1600 2326 eius

140 2353 268 2388 parens
288 2342 437 2377 michae]
459 2353 586 2386 augere
606 2353 713 2387 usque
734 2342 780 2375 ad
800 2347 932 2374 eentum
953 2352 1064 2375 annua
1085 2340 1190 2374 millia
1210 2343 1389 2379 statuerat,
1408 2338 1475 2373 nisi
1495 2349 1599 2383 prae-
1632 2379 1634 2381 Ι

141 2393 275 2422 matura
304 2399 394 2422 mors
424 2388 595 2422 destinata
623 2387 886 2421 intervertisset.
931 2387 1010 2428 quia
1039 2398 1122 2421 vero
1150 2385 1246 2420 iussu
1275 2385 1426 2419 eiusdem
1452 2383 1599 2428 Augusti

140 2433 1116 2524 ffl⁸ss0ffl223213252223232²3202³ffiffi
1128 2431 1498 2522 pfflzfflnssffffl
1507 2435 1600 2509 suffim-

140 2529 235 2569 ptum
258 2535 324 2558 non
345 2527 496 2567 faceret,
530 2525 723 2559 necessario
747 2524 924 2558 eveniebat
946 2530 986 2558 ut
1006 2525 1064 2569 qui
1085 2524 1224 2559 multum
1247 2524 1441 2568 acciperet,
1476 2531 1599 2566 parum

139 2570 361 2614 expenderet,
381 2582 523 2605 aoervos
543 2583 644 2616 opum
666 2570 756 2604 domi
778 2576 991 2604 constructos
1011 2571 1222 2611 intueretur-3
1243 2581 1264 2603 e
1286 2569 1407 2614 quibus
1435 2567 1466 2601 si
1489 2566 1597 2600 dona-

141 2614 214 2667 tiva
234 2616 415 2650 clientibus
434 2617 641 2662 largiretur,
673 2617 764 2662 quod
786 2616 952 2649 interdum
974 2616 1135 2659 faciebat,
1159 2615 1415 2650 insimulabatur
1438 2612 1595 2647 ambitio·

139 2670 213 2700 ms,
234 2667 271 2695 et
291 2662 383 2706 quod
404 2663 552 2708 superbe
572 2662 748 2696 videretur
769 2662 1017 2696 venerationem
1041 2662 1097 2696 uni
1127 2673 1256 2696 summo
1278 2660 1429 2695 debitam
1450 2655 1596 2702 principi

139 2716 163 2738 a
184 2705 250 2740 sibi
278 2707 432 2741 obnoxiis
464 2708 626 2752 exigere,
655 2707 865 2753 suspiciones
893 2708 1071 2753 imperanti
1102 2709 1280 2749 movebat,
1310 2713 1480 2750 tamquam
1505 2702 1596 2737 baud

139 2754 318 2802 contentus
339 2763 403 2787 sua
424 2758 520 2787 sorte
541 2753 721 2788 maioribus
749 2753 908 2787 inhiaret.
951 2753 1005 2788 his
1025 2754 1069 2788 de
1095 2755 1206 2788 fratre
1227 2753 1338 2794 curis,
1368 2761 1454 2795 quas
1475 2759 1597 2782 reeens

138 2806 211 2830 ems
231 2797 378 2842 tadum,
400 2798 577 2834 audaciam
598 2799 751 2834 indicans
772 2800 916 2835 subesse
935 2799 1186 2846 dedignantem,
1206 2797 1419 2839 intendebas
1441 2794 1596 2841 inquiete
