1820 3112
333 154 408 197 DE
442 152 773 198 ANDRONICO
807 151 1182 197 PALAEOLOGO
1219 154 1264 198 L.
1285 152 1358 200 111.
1499 153 1594 198 255

128 287 200 314 νου
228 265 364 323 νόμων
393 269 460 311 καὶ
493 264 863 324 παραγγελμάτων,
902 265 996 311 οὔτε
1015 271 1156 323 ψυχῆς
1177 264 1311 323 φόβον
1340 265 1447 317 ὅλως
1470 264 1587 322 ἓχοί-
1613 273 1642 307 C

128 354 206 394 σης
231 337 362 380 αὐτοῦ
381 341 455 380 τοῦ
477 341 582 380 θεοῦ
600 338 668 379 καὶ
688 335 846 380 ἔννοιαν
866 339 941 390 τῆς
957 334 1189 391 μελλούσης
1216 336 1385 392 κρίσεως
1405 333 1512 390 ὁμοῦ
1529 339 1596 379 καὶ

129 403 443 455 ἀνταποδόσεως
454 437 468 457 ,
507 402 817 448 ἄκατοῖλλακτον
834 404 908 458 τὴν
928 403 1086 460 ἔχθραν
1107 410 1244 461 τηρεῖν
1265 405 1332 447 καὶ
1351 403 1440 447 ἀντὶ
1460 409 1596 449 κακῶν

129 472 382 518 ἀντιδιδόναι
399 471 528 526 κακοί,
565 472 658 516 οὔτε
679 473 761 528 μὴν
784 473 1026 528 ἐπαρᾶσθαι
1044 473 1150 516 κατὰ
1170 476 1254 515 τῶν
1274 470 1595 528 ἐπηρεαζόντων,

96 541 325 598 δεῧχεσθαι
341 539 443 599 ὗπὲρ
466 541 604 586 αὐτῶν
630 545 732 585 θεοῦ
758 545 904 598 σαφῶς
925 543 993 583 καὶ
1016 541 1205 597 λέγοντος
1224 542 1292 583 καὶ
1310 539 1596 597 προστάσσον-

128 628 214 662 τος.
283 610 353 654 διὰ
381 614 515 653 ταῦτα
546 611 612 653 καὶ
639 607 864 666 γράμματα
881 610 956 664 μὲν
975 610 1107 653 ἐκεῖνα
1132 606 1270 652 πάντα
1288 608 1342 652 τοὶ
1359 614 1436 665 τῆς
1452 629 1597 668 μικρο-

129 679 309 734 ψυχίας,
342 683 501 733 μᾶλλον
526 679 571 722 δὲ
591 682 729 722 πᾶσαν
751 678 826 733 τὴν
847 678 990 729 αὐτοῖς
1014 677 1356 735 ἔγκατατεθεῖσαν
1378 677 1596 735 βαρύτητα

129 752 203 791 τοῦ
232 747 466 805 ἆφορισμοῦ
498 764 541 790 τε
568 749 635 790 καὶ
657 751 740 791 τῶν
759 747 968 801 ἐπιτιμίων
975 779 990 801 ,
1028 748 1073 790 ἐκ
1089 751 1228 802 ψυχῆς
1249 744 1386 802 πάσης
1406 746 1587 802 οἷπεβαλ-
1617 749 1647 784 D

130 813 261 872 λόμην
270 848 285 868 ,
323 820 423 859 πᾶσι
450 822 536 866 τοῖς
557 814 829 871 ἒπιτιμηθεῒσι
849 815 1044 873 καθαρὰν
1063 816 1204 866 διδοὺς
1220 815 1295 870 τὴν
1311 813 1568 874 συγχώρησιν
1582 832 1591 840 ·

39 931 45 934 ‚
74 884 235 928 Ιοῶστε
266 885 312 928 δὲ
340 885 408 927 καὶ
437 883 727 938 ἀναλαβέσθαι
762 884 815 927 τὰ
841 889 1014 928 τοιαῦτα
1043 881 1269 941 γράμματα
1299 886 1366 927 καὶ
1395 884 1595 942 ἀφανίσαι

125 950 317 1008 ἦμελῆθη
342 952 444 1008 παρ’
467 951 607 1007 ἡμῶν,
645 955 712 996 καὶ
731 952 826 996 οὔτε
845 950 1046 1008 ἐλάβομεν
1066 953 1162 997 οὔτε
1181 953 1453 1010 ἠφανίσαμεν.
1524 953 1594 999 εὖ-

130 1023 336 1079 ρίσκονται
367 1016 440 1065 οὖν
467 1020 641 1078 ἀρτίως,
678 1023 745 1065 καὶ
766 1023 950 1065 δίδονται
968 1024 1024 1072 εἷς
1037 1028 1178 1079 χεῖρας
1201 1026 1261 1081 τῷ
1290 1023 1496 1082 κρατίστῳ
1523 1026 1593 1067 καὶ

127 1094 293 1144 βασιλεῖ
300 1107 383 1145 μου
402 1091 470 1132 καὶ
488 1088 774 1147 αὐτοκράτορι.
823 1090 926 1148 παρ’
948 1085 998 1134 οὗ
1017 1093 1084 1134 καὶ
1104 1091 1208 1146 πρὸς
1226 1089 1336 1146 ἡμᾶς
1356 1089 1590 1147 ἐρωτήσεως

126 1158 340 1215 γενομένης
358 1157 497 1202 αὐτῶν
517 1159 569 1214 δὴ
586 1157 745 1203 τούτων
762 1163 846 1203 τῶν
866 1158 1121 1216 γραμμάτων
1139 1160 1281 1211 ἕνεκεν,
1317 1160 1437 1204 οὐδὲν
1456 1161 1590 1218 ἕτερος
1638 1153 1646 1164 ’

75 1226 156 1283 15ἢ
188 1226 291 1271 αὐτὸ
322 1227 370 1271 τὸ
400 1226 557 1283 ἀληθὲς
584 1225 764 1278 εἷπόντες
789 1226 1183 1286 ἓπληροφορήσαμεν
1220 1226 1307 1271 οἷον
1339 1228 1403 1272 ὅτι
1430 1229 1479 1272 οὐ
1511 1235 1582 1274 νῦν
1610 1240 1639 1274 Ε

127 1293 326 1352 πρότερον
354 1295 429 1351 τὴν
453 1293 617 1352 γνώμην
646 1294 948 1351 μεταβαλόντες
972 1299 1040 1340 καὶ
1070 1297 1145 1352 τὴν
1170 1298 1398 1352 ἐπιτίμησιν
1425 1296 1589 1350 λύοντες

128 1368 230 1408 πᾶσι
247 1368 447 1421 καθαρῶς
464 1370 752 1421 συγχωροῦμεν
769 1365 874 1408 καθ’
900 1360 958 1408 ὧν
977 1364 1082 1421 αὕτη
1105 1365 1275 1422 γέγονεν,
1314 1365 1419 1408 ἀλλά
1438 1384 1503 1411 τοι
1522 1371 1590 1411 καὶ

128 1430 354 1490 πρότερον,
391 1433 435 1483 ἐξ
457 1431 555 1476 ὅτου
588 1431 775 1488 δηλονότι
802 1438 885 1477 τῶν
913 1438 1217 1491 πατριαρχικῶν
1237 1432 1405 1490 θρόνων
1425 1435 1588 1491 ἀναχω-

130 1506 254 1558 ρῆσαι
274 1498 584 1557 ἢβουλῆθημεν,
613 1501 740 1552 εὐθὺς
760 1504 825 1544 καὶ
843 1506 917 1557 τῆς
936 1502 1040 1558 πρὸς
1058 1501 1215 1553 πάντας
1233 1502 1389 1560 ἔχθρας
1408 1503 1589 1561 ἀπέστη-

74 1577 202 1624 ΞΟμεν
212 1603 226 1623 ,
262 1570 466 1624 μηδεμίαν
483 1570 585 1626 πρὸς
603 1570 750 1613 οὐδένα
767 1570 949 1628 φανερὰν
965 1570 991 1626 ἢ
1009 1571 1287 1627 κεκρυμμένην
1305 1571 1464 1626 ἕξοντες
1482 1573 1588 1627 ἄμυ-

127 1656 218 1691 ναν,
256 1640 323 1680 καὶ
343 1638 440 1688 τούς
460 1640 694 1695 εῗρημένους
714 1639 973 1696 ἆφορισμούς
992 1642 1058 1683 καὶ
1078 1640 1223 1691 λοιπὰς
1241 1639 1489 1698 ἐπιτιμήσεις
1507 1642 1588 1687 ἀπὸ

126 1704 221 1750 τότε
242 1706 371 1756 evi-9239
388 1705 689 1758 καταλύσαντες
709 1706 986 1763 ἠθετήσαμεν.
1057 1710 1123 1752 καὶ
1146 1707 1223 1764 εἶχε
1243 1714 1375 1752 ταῦτα
1395 1710 1463 1752 ἐπ’
1486 1710 1588 1766 ἀλη-

127 1777 250 1826 θείας
278 1773 422 1825 οὕτως.
488 1777 559 1820 ἵνα
587 1777 632 1820 δὲ
657 1775 716 1833 μή
739 1795 815 1822 τινι
838 1782 920 1821 τῶν
945 1777 1052 1821 κατὰ
1072 1782 1147 1833 τῆς
1166 1783 1240 1822 τοῦ
1262 1783 1367 1821 θεοῦ
1385 1776 1503 1834 ἁγίας
1522 1780 1588 1822 ε’κ-

129 1883 217 1918 cium
251 1883 350 1918 simul
379 1896 422 1920 ac
447 1886 704 1922 retributionem
735 1890 832 1923 certa
866 1887 1088 1934 persuasione
1126 1886 1335 1932 reputantis,
1375 1887 1586 1932 implacabile

129 1930 242 1964 odium
271 1941 411 1965 servare
442 1937 480 1965 et
508 1943 570 1978 pro
600 1933 698 1968 malis
726 1934 815 1968 mala
845 1934 1053 1979 rependere,
1087 1944 1198 1978 neque
1222 1933 1315 1967 diras
1342 1932 1522 1978 imprecari
1542 1935 1585 1970 iis

129 1974 188 2020 qui
210 1974 291 2008 mihi
311 1980 513 2020 nocuerant,
542 1989 617 2012 cum
639 1990 703 2024 pro
725 1979 850 2013 talibus
881 1979 1042 2014 orandum
1065 1979 1149 2013 deus
1172 1978 1263 2012 clare
1284 1978 1377 2012 dicat
1397 1984 1435 2012 et
1455 1978 1583 2015 iubeat.

130 2025 271 2066 propter
299 2021 386 2055 haec
412 2022 531 2057 literas
558 2023 635 2058 illas
669 2036 713 2058 ex
740 2025 1011 2069 pusillanimitate
1031 2027 1068 2058 et
1090 2023 1300 2068 aegritudine
1333 2024 1460 2059 turbati
1482 2025 1583 2061 animi

130 2067 322 2111 profectas,
342 2068 543 2111 praesertim
565 2080 647 2103 vero
670 2075 823 2104 cunctam
844 2070 931 2115 ipsis
951 2069 1093 2104 inditam
1114 2069 1334 2104 acerbitatem
1355 2070 1583 2107 anathematis

130 2115 167 2146 et
188 2111 403 2156 piacularium
426 2124 587 2147 noxarum
609 2125 653 2148 ex
674 2118 748 2149 toto
770 2116 904 2160 penitus
926 2115 1037 2150 animo
1059 2114 1184 2157 reieci,
1214 2115 1347 2149 cunctis
1367 2127 1452 2162 quos
1474 2118 1583 2152 subii-

130 2169 210 2192 cere
233 2158 349 2202 poenis
370 2157 558 2193 istiusmodi
579 2159 760 2200 volueram,
781 2162 914 2206 plenam
936 2160 1168 2206 sinceramque
1187 2159 1364 2205 indulgens
1383 2162 1515 2198 veniam
1538 2175 1581 2199 ac

129 2214 258 2248 pacem.
302 2203 418 2248 itaque
440 2216 552 2239 merus
573 2204 638 2239 fuit
659 2217 759 2239 casus
789 2206 989 2247 oblivionis,
1020 2206 1111 2251 quod
1143 2206 1240 2241 uobis
1271 2207 1307 2241 in
1337 2214 1481 2244 mentem
1512 2221 1580 2244 non

129 2249 260 2283 venerit
281 2261 452 2284 resumere
471 2251 550 2285 inde
570 2250 690 2285 literas
712 2251 787 2285 illas
809 2256 846 2285 et
867 2251 1022 2293 abolere,
1051 2255 1153 2296 prout
1181 2252 1474 2290 constitueramus.
1519 2256 1582 2290 sed

129 2295 210 2340 quia
239 2295 450 2340 negligentia
476 2296 643 2342 quaedam
671 2300 788 2331 nostra
809 2308 853 2331 ne
874 2308 1119 2332 resumeremus
1141 2303 1178 2331 et
1203 2298 1413 2334 aboleremus
1438 2301 1586 2344 obstitit,

128 2345 283 2375 secutum
303 2341 384 2376 inde
406 2346 459 2376 est
480 2348 521 2376 ut
542 2343 641 2378 modo
661 2342 742 2377 illae
765 2342 994 2388 reperirentur
1016 2342 1245 2387 darenturque
1266 2345 1498 2390 potentissimo
1521 2347 1585 2382 do-

128 2385 218 2420 mino
239 2397 314 2421 meo
334 2387 550 2433 imperatori,
571 2389 630 2434 qui
652 2400 726 2422 cum
750 2388 840 2423 circa
859 2388 947 2423 istas
969 2400 991 2423 a
1013 2388 1110 2423 nobis
1130 2389 1276 2435 scriptas
1296 2390 1415 2426 literas
1435 2393 1584 2428 interro-

129 2430 206 2475 gari
225 2443 288 2467 uos
310 2439 477 2478 curasset,
501 2434 585 2468 nihil
606 2433 696 2469 alind
718 2434 782 2469 nisi
803 2434 894 2480 quod
911 2446 951 2468 re
969 2446 1056 2469 vera
1077 2438 1154 2470 erat
1173 2446 1192 2469 r
1273 2436 1417 2472 ndentes
1431 2438 1584 2474 affirma-

127 2477 256 2520 vimus,
275 2478 429 2514 nimirum
450 2492 518 2514 non
540 2492 602 2515 nos
623 2492 711 2515 nunc
738 2480 883 2526 primum
904 2485 1016 2515 mente
1037 2483 1165 2515 mutata
1187 2491 1225 2516 so
1238 2493 1319 2517 vere
1340 2495 1585 2530 quamcumque

128 2529 346 2559 memoratam
377 2525 447 2560 illic
478 2537 673 2569 censuram,
706 2538 748 2561 ac
779 2526 878 2572 plane
908 2526 1109 2570 sincereque
1139 2526 1328 2563 condonare
1349 2529 1520 2564 universis
1546 2530 1583 2564 in

130 2578 216 2612 quos
235 2569 473 2606 intendebatur
494 2583 637 2618 poenam
666 2583 855 2618 noxamque
885 2583 1014 2606 omnem
1037 2571 1226 2614 eiusmodi,
1257 2574 1318 2608 sed
1340 2574 1446 2609 multo
1468 2579 1584 2618 antea,

128 2611 196 2647 iam
216 2618 288 2648 tum
308 2616 438 2651 scilicet
458 2617 593 2663 quaudo
614 2617 826 2653 decrevimus
850 2616 1065 2662 patriarchali
1084 2617 1207 2652 throno
1229 2619 1373 2660 cedere,
1406 2620 1581 2655 confestim

131 2669 259 2694 omnem
279 2661 316 2696 in
337 2673 453 2697 omnes
475 2663 692 2698 offensionem
720 2663 953 2709 deposuimus,
985 2662 1108 2697 nullam
1129 2662 1294 2700 adversus
1312 2665 1415 2700 ullum
1438 2666 1582 2700 manife-

130 2707 215 2739 stam
237 2711 299 2740 aut
318 2709 483 2744 occultam
505 2709 669 2744 habentes
698 2708 966 2745 malevolentiam
988 2711 1050 2743 aut
1070 2709 1290 2763 cupiditatem
1318 2710 1477 2754 ultionis,
1507 2722 1581 2746 me-

129 2754 343 2796 moratusque
362 2755 722 2789 excommunicationes
742 2758 781 2790 et
802 2760 958 2789 caeteras
978 2753 1203 2798 irrogationes
1223 2767 1409 2801 poenamm
1431 2768 1476 2791 ex
1495 2760 1578 2792 tnnc

127 2794 244 2830 statim
274 2797 451 2834 abolentes
480 2800 728 2845 abrogavinus.
773 2799 825 2836 sic
845 2800 904 2836 illa
925 2810 969 2834 ex
990 2810 1072 2836 vero
1094 2811 1134 2836 se
1154 2801 1355 2837 habuerunt.
1401 2813 1445 2837 ne
1464 2806 1578 2839 autem
