1820 3112
248 124 346 171 278
460 160 462 163 .
669 119 907 166 GEORGH
940 120 1295 166 PAGHYMERIS

250 257 318 283 ναι
353 237 428 293 μὲν
455 237 593 280 οῗκιῶν
615 239 699 279 τῶν
724 239 964 291 χθαμαλῶν
994 231 1228 288 διεξόδους,
1277 235 1458 292 σημείοις
1486 234 1535 280 δέ
1559 253 1641 280 τισι
1657 238 1727 280 καὶ

253 312 409 357 κοντοῖς
426 311 512 356 τοῖς
528 305 604 360 μὲν
628 305 952 360 στοχαζομένους
970 312 1057 355 τοῖς
1074 304 1118 347 δ’
1150 300 1338 362 ὀργάνοις
1355 305 1594 362 χρωμένους
1615 305 1728 357 τινὰς

196 385 229 421 D
253 375 486 431 ὗπανοίγειν
503 380 590 424 τοῖς
608 373 875 431 ἓγκλεισθεΐσι
897 374 951 418 τὰ
980 372 1155 429 δώματα
1169 406 1183 427 ,
1222 374 1290 416 καὶ
1319 372 1383 416 ἐπὶ
1401 375 1606 425 πλείσταις
1623 373 1727 430 ἦμέ-

253 461 345 502 ραις
365 442 525 499 μηδένα
543 447 618 500 γῆν
640 441 665 498 ἢ
693 444 791 487 ἰδεῖν
808 442 834 500 ἢ
863 450 1027 496 πατεῖν,
1061 441 1155 485 ἀλλ’
1179 443 1245 485 ἐπὶ
1264 443 1570 499 πεπελησμένης
1587 441 1727 498 χιόνος

251 512 308 565 ὥς
326 510 503 571 στερρᾶς
518 513 725 569 γεγονυίας
743 517 816 570 γῆς
835 512 954 570 μέχρι
975 514 1042 555 καὶ
1067 511 1184 568 ἔγγὺς
1201 510 1322 568 ἔάρος
1339 512 1436 563 τοὺς
1457 510 1598 562 ὅδίτας
1617 511 1759 570 crde-5

247 586 426 639 χεσθαι,
464 582 531 624 καὶ
559 578 739 636 μάταιον
773 580 875 626 εἶναι
902 582 951 625 τὸ
990 580 1063 639 ἐφ’
1094 582 1223 624 ἵππου
1253 579 1467 636 ὀχεῖσθαι,
1511 580 1618 637 πλὴν
1650 585 1730 625 τοῦ

249 653 317 696 καὶ
334 654 494 707 μᾶλλον
511 651 740 701 ἐξολισθεῖν
762 648 1019 694 κινδυνεύειν.
1090 654 1226 694 ταῦτα
1244 650 1296 707 δὴ
1325 652 1393 695 καὶ
1410 650 1487 707 τὴν
1508 654 1586 694 τοῦ
1599 653 1729 706 ,βασι-

250 721 352 772 λε’ως
372 720 438 764 ἐπὶ
458 720 764 776 Θεσσαλονίκης
781 722 1045 778 ἐκστρατείαν
1068 717 1256 763 ἐκώλυεν.

345 818 379 854 4.
402 815 650 863 πεπιλημένης
661 815 682 851 Y

251 898 323 933 late
345 896 713 939 solumincreverant,
738 900 777 931 ut
800 894 912 930 aditus
935 895 1155 930 obstruerent
1176 894 1334 930 domuum
1355 892 1568 931 humiliorum
1592 897 1629 931 et
1653 895 1732 942 ipsa

251 943 416 979 ostiorum
439 942 709 988 superliminaria
736 943 943 977 excedentes
966 942 1134 977 incertum
1158 942 1265 977 oculis
1286 942 1518 989 relinquerent
1538 953 1610 988 qua
1630 945 1732 988 parte

249 988 385 1035 ingredi
413 989 600 1035 egredique
632 989 713 1024 inde
743 988 955 1023 habitatores
984 992 1215 1023 consuessent.
1273 1000 1357 1033 ergo
1391 987 1499 1034 signis
1530 988 1732 1034 quibusdam

251 1042 314 1071 aut
344 1036 520 1080 longorum
551 1046 614 1081 per
645 1036 755 1070 nivem
785 1034 1044 1070 immissionibus
1067 1040 1243 1069 contorum
1274 1034 1478 1079 investigato
1501 1034 1571 1069 situ
1593 1034 1731 1076 ianuae,

251 1077 376 1128 quibus
398 1087 475 1116 erat
497 1093 581 1116 cura
604 1082 779 1128 suppetias
799 1082 900 1115 eundi
922 1080 1013 1116 vivis
1046 1081 1210 1126 sepultis,
1241 1079 1331 1126 palis
1353 1081 1475 1115 deinde
1497 1081 1733 1134 similibusque

250 1127 486 1163 instrumentis
509 1129 706 1175 purgabant
728 1128 795 1162 iter
819 1128 864 1162 ad
886 1129 998 1170 sores,
1034 1131 1073 1161 ut
1104 1126 1155 1161 sic
1177 1131 1297 1173 portas
1326 1127 1566 1173 patefacerent
1585 1126 1735 1161 infeliei-

251 1175 317 1210 bus
339 1174 499 1209 obsessis.
547 1174 615 1208 alia
645 1174 778 1209 ratione
807 1186 909 1219 quam
939 1173 992 1208 ita
1023 1173 1181 1208 detracta
1211 1184 1312 1207 manu
1343 1172 1422 1207 nive
1453 1184 1552 1207 nemo
1585 1173 1649 1207 sub
1675 1172 1733 1206 dio

251 1220 370 1256 multis
393 1220 514 1255 diebus
537 1224 663 1254 terram
686 1221 775 1255 vidit
797 1225 858 1254 aut
879 1219 1024 1264 vestigio
1048 1219 1194 1266 pressit,
1217 1219 1452 1264 gradientibus
1473 1219 1605 1254 cunctis
1627 1229 1735 1265 supra

251 1267 331 1312 gelu
355 1271 549 1301 concretum
581 1271 618 1301 et
641 1266 684 1300 ad
707 1266 930 1301 stabilitatem
964 1265 1029 1300 soli
1062 1265 1236 1300 calcabilis
1259 1265 1415 1300 duratam
1436 1264 1655 1311 superficiem
1678 1264 1734 1299 ni-

250 1312 328 1347 vosi
350 1313 472 1358 campi,
496 1312 612 1347 telluri
633 1313 762 1359 ubique
784 1311 1030 1357 superinducti.
1076 1322 1185 1357 usque
1206 1311 1250 1345 ad
1272 1311 1428 1346 viciniam
1453 1310 1639 1357 proximam
1654 1321 1734 1346 ver-

253 1370 319 1394 nae
350 1358 567 1405 tempestatis
596 1358 665 1393 ista
687 1370 792 1405 super
814 1359 912 1392 nives
939 1357 1119 1392 incedendi
1150 1357 1342 1392 necessitas
1369 1357 1529 1401 duravit3
1559 1369 1627 1403 quo
1658 1360 1736 1392 toto

254 1409 409 1450 tempore
431 1405 519 1439 dura
543 1405 691 1440 conditio
723 1405 896 1440 viatorum
925 1405 1012 1448 fuit,
1045 1404 1190 1450 pedibus
1220 1404 1273 1438 uti
1294 1404 1443 1450 propriis
1466 1404 1527 1445 via
1547 1402 1735 1450 quamlibet

254 1452 357 1505 longa
386 1454 591 1485 coactorum.
638 1452 766 1497 quippe
795 1452 949 1486 insanum
980 1451 1105 1485 fuisset
1134 1450 1214 1496 equi
1246 1450 1346 1485 dorso
1379 1451 1468 1486 velle
1497 1450 1623 1494 invehi,
1658 1460 1735 1484 cum

254 1498 391 1543 pedites
422 1497 490 1541 ipsi
523 1498 702 1541 quantavis
730 1497 945 1532 solicitudine
978 1508 1021 1532 ac
1051 1497 1167 1542 lapsus
1193 1496 1422 1541 praecavendi
1445 1500 1589 1539 conatu,
1623 1496 1734 1530 locum

254 1541 408 1586 vestigiis
438 1543 612 1587 legentes,
645 1555 813 1589 nunquam
845 1543 922 1578 sine
955 1543 1231 1588 praesentissimo
1263 1543 1410 1578 cadendi
1438 1542 1590 1588 periculo
1612 1542 1734 1588 pedem

256 1589 293 1623 iu
315 1588 446 1622 lubrico
469 1594 610 1633 possent
632 1590 752 1634 figere.
797 1590 864 1624 hoc
893 1588 1090 1634 aliquandiu
1124 1588 1368 1624 incommodum
1400 1589 1563 1625 decretae
1583 1587 1734 1635 impera·-

257 1633 323 1670 tori
344 1634 621 1671 Thessalonicam
645 1647 763 1672 versus
786 1635 1014 1682 expeditionis
1034 1635 1123 1670 diem
1145 1634 1292 1670 diffudit.

953 1895 1029 1955 A.

118 2018 146 2052 P
170 2018 236 2054 192
263 1988 465 2070 Μηνὸς
496 2013 542 2057 δὲ
579 2015 832 2070 Ληναιῶνος
863 2009 1126 2070 ἐνεστηκότος
1155 2010 1236 2055 ὖπό
1271 2007 1380 2067 χιόνι
1412 2010 1736 2071 ἐκσκιρρωθείσῃ

262 2088 315 2142 τῇ
337 2087 388 2141 γῇ
414 2084 481 2126 καὶ
498 2079 643 2139 πάγοις
662 2089 849 2140 στερροῖς
867 2089 955 2133 τοῖς
974 2083 1018 2125 ἐκ
1040 2079 1210 2138 ταύτης,
1247 2079 1303 2131 ὥς
1324 2081 1392 2123 καὶ
1411 2079 1549 2123 αὐτῶν
1571 2079 1631 2124 ἔτι
1652 2084 1734 2123 τῶν
1748 2090 1793 2125 10

263 2149 446 2196 ἇεννάων
469 2156 667 2206 ποταμῶν
688 2152 942 2207 ἐπεχομὲνων
960 2151 1009 2196 τὸ
1030 2152 1162 2210 ῥεῦμα
1183 2149 1251 2193 διὰ
1270 2150 1346 2204 τὴν
1367 2150 1410 2192 ἓν
1434 2153 1493 2207 τῷ
1510 2146 1637 2203 βάθει
1658 2152 1734 2191 τοῦ

263 2219 420 2271 ὕδατος
455 2222 601 2276 πῆξιν,
650 2221 757 2279 παρ’
793 2220 845 2276 ἢν
873 2222 1010 2264 αἰτίαν
1044 2222 1112 2264 καὶ
1137 2224 1187 2277 γῆ
1218 2217 1518 2272 συστελλομένη
1546 2221 1605 2275 τῷ
1623 2213 1738 2273 κρύει

265 2286 400 2347 ἓζήμει
419 2288 473 2332 τὰ
494 2288 650 2346 φυέντα
668 2292 735 2334 καὶ
753 2290 808 2334 τὰ
824 2290 1058 2349 ἐσπαρμένα
1078 2286 1338 2333 παντάπασιν
1359 2286 1594 2343 ἠχρειοῦντο
1603 2317 1618 2339 ,
1655 2284 1737 2341 ὀψὲ

361 2375 418 2412 13.
440 2372 614 2420 ἐζημίου.)

949 2445 1050 2502 IV.

269 2525 450 2593 Tandem
471 2556 584 2590 tamen
607 2566 722 2592 mense
744 2554 933 2591 Februario
954 2554 1092 2589 ineunte
1113 2552 1283 2600 proficisci
1309 2551 1503 2594 constituit,
1525 2551 1607 2586 licet
1627 2550 1740 2586 adhuc

268 2603 342 2637 late
363 2601 544 2636 horrerent
572 2602 680 2646 campi
711 2614 779 2637 una
810 2601 994 2637 incrustati
1023 2599 1206 2646 superficie
1239 2598 1491 2643 congelatamm
1521 2597 1669 2640 nivium,
1703 2600 1742 2631 et

270 2658 439 2694 perennes
459 2647 526 2692 ipsi
547 2646 646 2681 fluvii
668 2649 812 2683 solidum
834 2649 936 2684 dorso
958 2657 1110 2692 gressum
1135 2645 1203 2680 iter
1228 2645 1408 2690 agentibus
1430 2645 1636 2689 praeberent
1659 2654 1743 2688 pro-

267 2697 350 2739 pter
371 2692 584 2729 altitudinem
615 2695 828 2738 penetrantis
861 2695 896 2730 in
920 2693 1121 2740 profundum
1142 2691 1275 2736 glaciei.
1321 2701 1410 2736 quae
1431 2689 1485 2724 vis
1507 2689 1633 2735 rigor-is
1654 2699 1742 2723 arva

271 2738 510 2785 constringens
537 2750 677 2784 gravem
708 2741 797 2774 omni
829 2741 1019 2787 plantarum
1043 2738 1160 2785 generi
1189 2736 1372 2783 perniciem
1394 2735 1523 2779 intulit,
1556 2739 1635 2770 sata
1655 2745 1741 2769 vero

272 2785 438 2834 pleraque
469 2786 622 2822 funditus
651 2786 827 2835 corrupit„
861 2792 942 2823 tunc
967 2785 1074 2832 igitur
1105 2795 1250 2832 vespere
1275 2792 1492 2831 parasceuen,
1514 2780 1651 2830 quando
1671 2779 1743 2816 iam
