1820 3112
208 147 275 194 96
630 149 869 195 GEORGII
903 152 1258 198 PACHYMERIS

205 278 264 318 γει
299 261 391 318 ἐγώ
426 261 478 304 ἓν
513 265 580 320 τῷ
612 265 779 321 πατρὶ
813 267 901 308 καὶ
937 263 959 309 ὅ
995 265 1175 323 πατὴρ
1211 266 1262 310 ἓν
1297 267 1440 323 ἐμοὶ,
1479 267 1575 311 ἀλλ’
1611 264 1686 313 οὖν

206 330 371 386 εὔλογον
391 330 444 373 τὰ
463 330 570 373 αὐτὰ
590 332 713 388 λέγειν
730 335 796 376 καὶ
816 336 907 391 περὶ
931 339 1006 378 τοῦ
1026 333 1274 390 πνεύματος,
1311 336 1422 394 εἶ’περ
1441 335 1686 392 ὄρθοδοξεῒν

203 397 463 453 βουλόμεθα,
496 400 542 443 τὸ
566 406 727 455 πνεῦμα
750 403 792 445 ἓν
815 408 874 461 τῷ
890 406 1015 459 πατρὶ
1035 406 1102 446 καὶ
1125 402 1146 447 ὃ
1168 404 1306 461 πατὴρ
1325 405 1369 449 ἔν
1387 410 1446 464 τῷ
1466 404 1683 461 πνεύματι,

205 470 272 510 καὶ
295 463 420 517 αὖθις
442 469 484 511 ἓν
510 473 568 528 τῷ
600 470 702 529 υἱῷ,
735 473 803 514 καὶ
833 470 854 515 ὅ
879 473 969 523 υἱὸς
1000 473 1043 516 ἓν
1066 477 1126 532 τῷ
1146 472 1360 527 πνεύματι.
1429 473 1455 530 ἢ
1479 473 1528 517 οὗ
1546 474 1683 518 ταῦθ’

152 545 181 580 Β
206 535 338 587 οὕτως
370 536 503 593 ἕχει;”
545 538 694 589 Βέκκος
726 540 861 583 “val’'
893 543 1032 598 φησίν.
1112 543 1341 599 ((προσεχὲς
1374 542 1449 597 μὲν
1476 540 1718 599 ὅμολογεΐνε,

205 610 280 648 τοῦ
309 606 466 661 πατρὸς
491 606 539 649 τὸ
569 612 730 662 πνεῦμα
740 641 753 662 ,
803 608 867 652 ὅτι
900 612 967 653 καὶ
1000 607 1254 654 ἀδιάστατον
1262 645 1276 665 ,
1323 613 1407 655 ἐπεὶ
1439 612 1507 654 καὶ
1528 611 1576 654 τὸ
1595 615 1688 668 φῶς

205 676 401 731 προσεχὲς
425 679 483 734 τῷ
515 674 618 735 ἡλίῳ
651 677 738 735 (ἔτι
757 678 834 735 γὰρ
858 678 1000 734 ἔχομαι
1029 684 1103 733 τῆς
1127 677 1298 737 εἰκόνος)
1311 713 1325 733 ,
1361 683 1446 724 τῶν
1465 680 1559 723 λίαν
1579 677 1687 724 εἰκό-

204 761 287 787 των
309 745 418 795 ἒστί,
455 746 522 786 καὶ
543 745 591 787 οὐ
611 744 888 800 διαμάχομαι·
921 752 1133 803 προσεχῶς
1153 748 1195 791 δ’
1217 749 1367 793 ἐννοεῖν
1394 749 1443 792 τὸ
1461 753 1623 804 πνεῦμα
1642 749 1686 792 ἐκ

205 817 282 856 τοῦ
306 811 502 867 πατρὸςό
526 811 645 869 λόγος
665 814 714 858 οὗ
737 817 879 859 δίδωσι
902 821 978 871 τῆς
996 819 1215 874 διαφορᾶς.
1266 817 1314 861 τὸ
1333 818 1409 873 μὲν
1429 814 1532 874 γάρ,
1567 817 1686 876 φησί,

207 886 420 937 προσεχοῦς
444 886 518 924 τοῦ
540 883 607 925 διὰ
633 888 708 926 τοῦ
736 890 970 940 προσεχῶς·
1014 883 1130 940 ὗμεΐς
1150 887 1196 929 δὲ
1214 887 1386 937 τοπικὰς
1408 883 1642 936 διαστάσεις
1657 884 1684 941 ἢ
1698 885 1742 932 10

160 963 191 998 c
214 951 298 1006 μὴν
322 952 388 992 καὶ
405 951 599 1006 χρονικὰς
629 950 902 1006 ἐμβάλλοντες
930 952 1122 1010 συνάγετε
1145 953 1309 1006 πάντως
1329 955 1377 999 τὸ
1397 955 1567 999 ἄτοπον.
1634 954 1684 998 τὸ

204 1024 303 1076 γοῦν
333 1024 559 1075 γεννᾶσθαι
595 1023 661 1063 καὶ
693 1021 766 1064 τὸν
795 1022 882 1065 υἱὸν
916 1024 960 1065 ἐκ
988 1028 1063 1065 τοῦ
1094 1024 1254 1081 πατρὸς
1272 1021 1484 1081 ἀπορροήν
1504 1041 1596 1067 τινα
1615 1023 1685 1067 καὶ

205 1088 378 1143 ὄιέχειαν
410 1089 581 1143 τοπικὴν
610 1091 755 1144 σχεδὸν
789 1093 958 1134 δίδωσιν
985 1093 1146 1136 ἐννοεῖν.
1218 1092 1326 1135 ἀλλὰ
1346 1093 1395 1136 τὸ
1422 1089 1686 1142 ἇδιαστᾶτως

204 1158 495 1214 προσκείμενον
515 1159 581 1199 καὶ
604 1158 652 1201 τὸ
673 1160 716 1210 ἐξ
741 1159 892 1202 ἐκείνου
916 1159 1015 1203 εἶναι
1035 1163 1158 1216 δηλοῖ
1172 1161 1244 1204 τὸν
1262 1159 1353 1205 υἱόν
1362 1194 1377 1215 ,
1412 1163 1481 1204 καὶ
1508 1160 1556 1204 τὸ
1582 1162 1685 1204 ἐκεί-

203 1243 263 1283 νῳ
287 1227 354 1268 καὶ
375 1221 502 1275 αὖθις
524 1225 623 1269 εἶναι
645 1228 720 1270 οὐκ
739 1228 986 1285 ἀφαιρεῖται.
1057 1229 1168 1273 οὕτω
1188 1232 1256 1272 καὶ
1273 1232 1338 1273 ἐπὶ
1356 1234 1432 1273 τοῦ
1449 1227 1684 1284 πνεύματος
1695 1237 1739 1274 15

475 1293 496 1309 5!

202 1293 284 1338 νόει
315 1312 401 1348 μοι.
471 1313 497 1350 η
527 1300 687 1350 μᾶλλον
723 1298 787 1340 ἐπὶ
819 1302 894 1352 τῆς
922 1295 1076 1348 εἰκόνος
1107 1297 1129 1341 ὅ
1157 1296 1277 1355 λόγος
1305 1298 1510 1355 γινέσθω,
1555 1296 1613 1348 ὥς
1630 1296 1683 1340 ἂν

203 1363 509 1420 ἀσφαλέστερον
530 1364 725 1421 λέγοιμεν.
798 1366 942 1409 ἀκτῖνα
964 1367 1130 1423 λέγομεν
1155 1369 1197 1418 ἐξ
1223 1366 1368 1423 ἡλίου,
1402 1366 1618 1421 ἀποτομὴν
1640 1365 1684 1418 ἔξ

205 1432 357 1475 ἐκείνου
392 1430 547 1487 ταύτης
579 1433 654 1477 οὐκ
686 1434 868 1488 οἴδαμεν.
940 1441 1030 1492 φῶς
1062 1436 1227 1492 λέγομεν
1249 1436 1307 1479 δι’
1331 1435 1461 1492 αὐτῆς
1480 1437 1523 1487 ἕξ
1543 1433 1679 1491 ἡλίου,

155 1506 189 1540 D
214 1503 281 1544 καὶ
315 1500 389 1556 τὴν
418 1504 624 1555 μεσιτείαν
649 1504 865 1558 ἐννοοῦμεν
874 1537 886 1557 ,
923 1507 990 1547 καὶ
1022 1505 1069 1548 τὸ
1093 1506 1410 1561 προσεχίζεσθαι
1437 1503 1486 1548 τὸ
1513 1508 1605 1561 φῶς
1621 1506 1683 1563 τῷ

203 1568 303 1628 ἡλίῳ
325 1569 394 1612 διὰ
414 1570 489 1625 τὴν
511 1576 583 1626 τῆς
602 1571 765 1623 ἀκτῖνος
782 1575 987 1626 μεσιτείαν
1007 1573 1082 1617 οὐκ
1105 1573 1424 1630 ἀπαρνούμεθα.
1494 1572 1566 1616 διὰ
1582 1576 1739 1619 τοῦ-ΞΟ

202 1655 250 1682 το
271 1640 338 1682 καὶ
359 1638 536 1696 ἐπιφέρει
559 1638 580 1683 ὃ
604 1639 716 1697 ἅγιος
748 1646 839 1697 τῆς
874 1647 967 1685 τοῦ
1001 1643 1120 1686 υἱοῦ
1148 1644 1442 1697 μεσιτείας
1475 1643 1564 1685 καὶ
1593 1640 1680 1684 αὔ-

292 1772 328 1808 5.
352 1769 416 1807 καὶ
439 1769 601 1811 Βέκκοςῗ

205 1897 286 1932 dam
309 1900 527 1943 separatione
551 1897 706 1932 distare?
728 1909 748 1931 o
774 1897 1039 1933 absurditatem!
1072 1897 1103 1932 si
1125 1897 1211 1932 enim
1235 1897 1388 1933 dominns
1410 1897 1494 1933 dicit
1523 1898 1623 1944 “ego
1645 1896 1681 1932 in

201 1949 314 1989 patre,
339 1947 374 1978 et
398 1950 499 1988 pater
519 1944 554 1978 in
577 1942 664 1986 me‚''
699 1944 858 1978 convenit
880 1945 998 1990 utique
1020 1956 1083 1978 nos
1107 1944 1224 1978 eadem
1256 1944 1299 1978 de
1321 1944 1446 1990 spiritu
1468 1955 1604 1990 quoque
1626 1944 1681 1978 di-

203 2001 294 2032 cere,
317 1990 482 2035 siquidem
506 1990 696 2024 orthodoxe
717 2001 842 2035 sapere
866 1991 1038 2032 volumus,
1062 1991 1204 2024 credere
1226 1989 1382 2024 nimirum
1418 1991 1574 2036 spiritum
1604 2001 1682 2025 esse

201 2036 238 2069 in
262 2042 361 2080 patre
385 2041 421 2070 et
441 2041 573 2082 patrem
596 2036 631 2070 in
654 2036 789 2081 spiritu,
811 2047 930 2070 rursus
953 2037 1109 2081 spiritum
1131 2036 1164 2070 in
1196 2036 1269 2070 filio
1293 2042 1330 2071 et
1353 2037 1459 2071 filium
1484 2037 1519 2071 in
1542 2036 1680 2083 spiritu.

203 2093 247 2116 an
272 2093 338 2115 non
362 2082 446 2116 haec
468 2083 517 2116 ita
541 2095 577 2117 se
601 2083 754 2116 habent?
801 2083 867 2125 Ita,
894 2083 1069 2127 respondit
1092 2083 1236 2118 Veccus.
1281 2083 1399 2126 fateri,
1425 2083 1575 2138 inquam.
1599 2093 1681 2116 con·-

201 2128 331 2161 tinuum
355 2128 447 2173 patri
477 2129 633 2173 spiritum
666 2128 776 2174 ntiqui
810 2129 1030 2163 indistantem
1060 2130 1158 2173 (nam
1191 2132 1228 2163 et
1258 2129 1368 2164 lumen
1395 2133 1590 2163 continuum
1617 2127 1682 2162 soli

202 2178 276 2208 est:
298 2174 423 2208 haereo
448 2176 575 2220 quippe
599 2175 708 2208 adhuc
732 2176 766 2208 in
790 2174 1023 2219 similitudine)
1058 2180 1318 2210 consentaneum
1341 2180 1396 2209 est
1417 2175 1581 2216 maxime,
1611 2184 1679 2207 non

201 2229 240 2254 re
266 2230 368 2263 ugno.
417 2221 546 2254 sentire
580 2227 694 2254 autem
727 2222 921 2255 continuum
953 2233 997 2255 ex
1031 2226 1132 2266 patre
1163 2221 1270 2255 filium
1305 2221 1394 2255 ratio
1422 2231 1492 2255 non
1523 2219 1680 2254 concedit

201 2231 430 2300 differentiae.
478 2278 554 2300 nam
586 2267 777 2311 Gregorius
798 2268 843 2302 >de
866 2267 936 2301 filio
958 2267 1092 2312 quidem
1124 2267 1175 2301 ait
1203 2279 1280 2302 esse
1313 2267 1407 2301 illum
1440 2265 1603 2300 continue
1634 2276 1678 2299 ex

201 2315 316 2357 patre,
340 2312 383 2344 de
407 2310 531 2356 spiritu
554 2324 638 2347 vero
661 2324 737 2347 esse
758 2325 822 2359 per
846 2324 920 2347 eum
944 2313 1004 2358 qui
1029 2313 1186 2348 continue
1209 2324 1253 2347 ex
1274 2316 1374 2358 patre
1396 2315 1463 2346 est.
1508 2322 1571 2346 vos
1593 2321 1678 2345 vero

202 2358 329 2391 locales
351 2357 532 2392 distantias
555 2364 616 2392 aut
638 2360 749 2404 spatia
778 2359 1023 2393 interficientes
1053 2364 1245 2405 temporum
1266 2358 1512 2393 absurditatem
1543 2356 1678 2391 omnino

202 2402 376 2438 inducitis.
423 2403 593 2438 enimvero
617 2405 774 2450 generari
795 2406 902 2439 filium
926 2416 968 2439 ex
992 2409 1109 2450 patre,
1136 2416 1212 2439 cum
1234 2404 1340 2438 solnm
1363 2403 1511 2445 auditur,
1534 2403 1680 2448 praebet

227 2450 339 2483 uidem
371 2450 482 2483 animo
514 2450 626 2484 nescio
656 2461 755 2493 quam
777 2450 924 2496 speciem
956 2451 1056 2495 quasi
1077 2450 1226 2484 effluxus
1255 2454 1293 2483 et
1323 2449 1443 2484 localis
1473 2448 1679 2494 egressionis

202 2462 398 2529 distantiam
434 2495 621 2529 inferentis.
667 2496 729 2530 sed
763 2496 947 2540 corrigitur
978 2495 1196 2540 imaginatio,
1232 2506 1307 2529 cum
1340 2495 1478 2530 additur
1508 2494 1679 2529 indivulse

202 2541 465 2586 indistincteque
488 2541 663 2586 generari,
687 2553 769 2576 vere
792 2541 843 2575 sic
866 2553 908 2575 ex
932 2547 1032 2586 patre
1055 2542 1252 2586 significans
1275 2551 1352 2575 esse
1373 2541 1494 2583 filium,
1517 2545 1558 2574 ut
1579 2540 1678 2575 simul

202 2587 239 2622 in
265 2591 364 2632 patre
388 2587 455 2630 sit;
489 2599 551 2622 nec
586 2588 672 2622 enim
704 2599 780 2622 esse
804 2599 847 2621 ex
880 2589 994 2621 aufert
1017 2598 1094 2621 esse
1115 2587 1162 2621 in.
1208 2587 1260 2621 sic
1291 2591 1328 2620 et
1359 2587 1438 2620 mihi
1469 2585 1679 2621 ratiocinare

200 2633 245 2668 de
267 2633 402 2679 spiritu.
451 2640 512 2667 aut
532 2634 646 2679 potius
669 2634 714 2668 ad
735 2633 989 2668 similitudinem
1021 2633 1177 2678 superius
1199 2633 1382 2667 adductam
1404 2633 1576 2667 referatur
1603 2643 1679 2666 ser-

200 2691 270 2722 mo,
292 2684 333 2714 ut
354 2680 505 2713 securius
529 2681 713 2725 loquamur.
762 2679 890 2713 radium
920 2679 1063 2712 dicimus
1091 2690 1135 2713 ex
1165 2678 1257 2721 sole,¹
1286 2682 1323 2712 et
1353 2683 1468 2713 tamen
1491 2677 1678 2713 abscissum

200 2732 244 2763 ex
269 2726 341 2760 sole
363 2726 538 2772 quidpiam
572 2737 637 2760 non
661 2726 888 2760 existimamus
921 2736 997 2759 esse
1018 2724 1163 2759 radium.
1206 2727 1320 2759 lumen
1349 2724 1495 2758 dicimus
1526 2735 1588 2770 per
1617 2731 1678 2759 ra·-

200 2771 294 2807 ‹lium
317 2783 395 2806 esse
417 2783 462 2806 ex
484 2773 575 2816 sole,
610 2775 646 2806 et
669 2772 904 2807 mediationem
926 2770 1168 2816 intelligimus,
1201 2775 1237 2806 et
1268 2770 1457 2805 continuari
1479 2771 1591 2805 lumen
1613 2769 1678 2804 soli

199 2819 264 2863 [ier
293 2817 384 2854 radii
417 2818 653 2854 mediationem
688 2830 755 2854 non
787 2828 962 2864 negamus·
1016 2822 1202 2863 propterea
1231 2820 1270 2852 et
1300 2817 1399 2852 addit
1429 2820 1570 2852 sanctus
1591 2815 1678 2850 haee
