1774 3120
221 182 284 230 14
643 181 879 226 GEOBGII
912 182 1267 227 PACHYMERIS

218 295 321 348 λε’ως
342 293 444 352 ἔχειν
461 291 628 349 ἔλπίζων
647 297 739 354 περὶ
759 300 834 351 τῆς
852 296 959 339 κατὰ
981 296 1058 352 τὴν
1079 292 1294 352 ἔκκλησίαν
1312 294 1370 348 ὥς
1387 298 1493 349 εῒκός
1510 295 1684 354 ‹immai-

219 381 346 419 σεως,
382 364 512 408 αὐτοῦ
531 381 574 421 γε
592 362 826 415 νύττοντος.
894 366 961 407 καὶ
979 363 1007 420 ἦ
1025 365 1128 422 πρὸς
1152 365 1280 419 αὐτὸν
1309 364 1445 423 ἀγάπη
1467 371 1543 410 τοῦ
1559 371 1685 422 βασι-

219 435 322 484 λέως
332 466 346 487 ,
382 430 514 488 πολλή
533 449 595 483 τις
615 429 720 478 οὖσα
744 435 812 477 καὶ
828 432 1079 489 θαυμαστή,
1108 434 1293 492 ἐχέγγυον
1309 438 1393 479 τῶν
1419 436 1685 492 ἐλπιζομένην

219 505 276 553 εἷς
291 503 426 546 πίστιν
448 497 513 557 ἦν.
584 500 606 546 ὅ
627 503 702 556 μὲν
721 498 794 545 οὖν
819 503 859 545 ἓν
877 499 1039 553 τούτοις
1053 498 1118 558 ἦν.

163 572 198 607 D
357 572 405 618 2.
471 568 520 615 Ὁ
537 569 585 613 δέ
601 587 644 627 γε
662 570 855 624 βασιλεὺς
871 571 974 626 μεθ’
1006 569 1162 629 ἡμέρας
1194 571 1441 627 καταλαβών
1462 572 1540 628 τὴν
1561 575 1718 619 Rem-5

215 635 554 683 σταντινοῦπολιν
582 639 770 697 ἐμφανὴς
797 635 849 694 ἦν
879 639 1098 696 λογισμοὺς
1130 640 1320 698 στρέφων
1349 642 1418 684 καὶ
1445 639 1562 695 μάλα
1590 642 1686 685 δια-

216 706 438 763 νοούμενος
455 709 546 765 περὶ
566 702 623 751 ὧν
647 707 698 751 ἂν
719 710 785 751 καὶ
806 706 968 764 πράξοι,
999 708 1072 765 ἐφ’
1091 703 1124 768 ᾧ
1141 708 1188 752 τὸ
1208 713 1284 765 τῆς
1299 710 1512 765 ἐκκλησίας
1530 710 1687 766 σχίσμα

217 777 502 832 συνουλωθείη
535 777 860 827 κατασταλέντος
897 781 972 820 τοῦ
1002 777 1278 828 οἷνοιδοῧντος.
1357 777 1407 821 τὸ
1441 778 1486 820 δ’
1517 774 1569 834 ἦν
1609 774 1684 822 οὗκ

124 846 154 880 P
175 846 199 881 6
222 845 359 902 ὀλίγης
380 847 447 888 καὶ
470 848 542 900 τῆς
571 843 776 901 τυχούσης
804 845 995 901 μελέτης,
1029 845 1135 889 ἀλλὰ
1156 848 1224 889 καὶ
1244 849 1320 902 τῆς
1346 845 1593 903 ἀναγκαίας,
1628 845 1686 897 ὥς

219 912 357 973 ἐῴκει,
405 915 474 956 καὶ
502 912 708 970 προύργου
737 912 905 964 παντός.
985 914 1098 970 ἔτυχε
1128 915 1306 971 γὰρκαὶ
1339 913 1516 970 ἥαῦτοῦ
1537 915 1634 959 θεία
1656 913 1742 971 ἧιο

219 982 400 1039 Εὖλογιά
419 982 575 1037 βουλὰς
596 981 815 1039 εἶσάγουσα
835 980 1017 1033 πιθανάς
1029 1016 1042 1037 ,
1071 985 1139 1026 καὶ
1165 983 1217 1026 τὰ
1246 983 1379 1026 πολλὰ
1395 986 1686 1041 κατεπείγουσα

222 1053 290 1095 καὶ
310 1050 445 1101 ἄλλως
462 1051 830 1107 παρακεκινημένον
849 1053 891 1102 ἐξ
913 1050 1060 1094 ἑαυτοῦ
1079 1051 1151 1095 τὸν
1169 1056 1401 1108 κρατοῦντα
1423 1052 1474 1095 τὰ
1491 1054 1595 1107 χθὲς
1617 1054 1686 1096 καὶ

223 1120 304 1176 πρὸ
326 1121 466 1176 τρίτης
483 1119 787 1175 ἀναλαμβάνειν
810 1122 876 1163 καὶ
903 1127 989 1171 τοῖς
1009 1120 1257 1175 σχιζομένοις
1275 1120 1593 1177 ἀπολογεῖσθαι,
1629 1119 1688 1172 ὥς

222 1189 337 1244 παρὰ
360 1187 524 1244 γνώμην
542 1193 599 1247 τῷ
619 1191 742 1246 πατρὶ
758 1187 991 1244 συμπράξοι
1007 1191 1073 1231 καὶ
1093 1187 1148 1239 ὡς
1165 1190 1470 1249 καταγνοίηιτῆς
1487 1186 1686 1246 πράξεως,

225 1256 282 1307 ὥς
300 1256 378 1300 ὑπ’
403 1257 542 1307 αὐτοῖς
564 1257 658 1301 ὅλον
678 1259 882 1314 γενέσθαι,
910 1257 985 1300 κᾶν
1005 1275 1044 1300 τι
1067 1260 1256 1300 ‹humores-
1274 1259 1415 1301 ἐκεῖνοι
1436 1263 1587 1301 παθεῖν
1607 1257 1684 1300 αὗ-
1697 1264 1750 1301 15·

224 1324 320 1379 τόν,
351 1324 524 1379 ἑτοίμως
543 1325 702 1381 ὑπέχειν
730 1326 807 1376 τὰς
837 1326 951 1375 δίκας
983 1325 1037 1376 ὥς
1066 1323 1377 1383 ἆμαρτήσαντα.
1449 1328 1516 1370 καὶ
1533 1331 1592 1385 τῷ
1609 1327 1685 1381 μὲν

174 1400 204 1435 Β
228 1393 359 1444 οὕτως
380 1393 522 1447 ἐδόκει,
550 1393 865 1454 ὖποποιουμένῳ·
880 1395 956 1445 τὰς
974 1393 1140 1451 γνώμας
1159 1399 1241 1438 τῶν
1259 1395 1517 1450 σχιζομένων,
1547 1393 1685 1452 ὥσπερ

222 1462 275 1507 ἂν
301 1466 335 1506 εἲ
366 1462 642 1520 ἀνερρωγότος
673 1462 862 1519 βοθύνου
893 1465 1134 1515 ἐξαπιναίως
1160 1461 1295 1507 πεσών
1317 1462 1444 1521 ἐζήτει
1462 1462 1563 1521 παρ’
1585 1463 1688 1507 ἐκεί-

219 1550 302 1577 νων
325 1531 709 1587 ἀναλαμβάνεσθαι.
764 1533 808 1576 αἱ
829 1532 906 1591 γὰρ
928 1532 996 1575 διὰ
1009 1533 1364 1590 χρυσοβουλλείων
1384 1530 1514 1590 λόγων
1534 1533 1686 1582 πίστεις

310 1642 344 1677 8.
363 1641 429 1687 τὸ]
455 1639 497 1677 τό
521 1654 558 1678 τε
582 1642 622 1676 Ρ.
764 1643 798 1677 9.
821 1642 889 1688 τῆς
912 1649 992 1678 ante
1015 1656 1094 1689 τυχ.
1119 1643 1249 1678 deerat.

219 1733 385 1780 principis
410 1734 622 1780 concipiebat
645 1734 878 1780 amplissimam
913 1735 1160 1771 evehendarum
1191 1734 1226 1769 in
1256 1733 1364 1770 maius
1386 1733 1551 1770 ecclesiae
1571 1744 1684 1770 rerum

221 1791 327 1824 opera
348 1780 582 1826 imperatoris,
605 1792 703 1826 quem
727 1781 771 1815 ad
794 1781 830 1815 id
851 1793 916 1815 non
939 1782 1067 1816 frustra
1089 1781 1322 1817 stimulandum
1346 1793 1367 1816 a
1389 1793 1426 1816 se
1450 1780 1704 1816 benevolentia*

223 1825 366 1870 insignis
389 1827 553 1871 quaedam
571 1827 756 1861 Andronici
778 1827 814 1860 in
835 1827 1062 1872 patriarcham
1085 1828 1190 1872 signis
1214 1828 1279 1862 iam
1301 1832 1389 1862 ante
1402 1839 1468 1862 non
1492 1827 1602 1861 dubiis
1622 1826 1695 1864 de->

223 1871 352 1906 clarata
374 1873 553 1914 suadebat,
571 1876 607 1906 et
625 1872 721 1918 quasi
741 1877 833 1907 certo
853 1873 995 1918 pignore
1011 1875 1168 1908 firmabat
1182 1885 1334 1908 securam
1356 1873 1428 1908 eius
1448 1874 1500 1908 rei
1514 1872 1684 1907 fiduciam.

316 1919 350 1952 2.
397 1921 443 1952 At
473 1919 657 1963 imperator
689 1922 767 1964 post
798 1930 926 1964 paucos
957 1919 1033 1954 dies
1064 1919 1389 1965 Constantinopolim
1419 1919 1581 1965 appulsus
1614 1918 1687 1953 acri

225 1974 310 1998 cura
333 1965 567 2010 pungebatur,
590 1964 685 1999 cuius
706 1964 861 1999 indicium
885 1966 1024 2000 extabat
1046 1966 1080 2000 in
1102 1966 1198 2000 vultu
1218 1965 1443 2010 cogitabundo
1466 1969 1502 2000 et
1524 1976 1607 1999 sane
1627 1975 1686 1999 so-

225 2009 331 2051 licito,
359 2011 459 2044 anxie
482 2010 646 2044 videlicet
667 2022 834 2056 quaerens
856 2023 969 2045 secum
993 2012 1073 2057 quid
1096 2016 1216 2057 ageret
1238 2023 1348 2057 quave
1368 2011 1499 2046 ratione
1523 2021 1686 2055 asseque-

224 2061 320 2090 retur
342 2061 381 2090 ut
402 2056 550 2090 schisma
572 2056 735 2091 eeclesiae
765 2059 859 2091 velut
890 2057 986 2091 hians
1007 2058 1127 2092 vulnus
1150 2058 1367 2099 coalesceret,
1386 2056 1552 2104 repressis
1574 2056 1699 2093 noxiis>

226 2101 421 2136 humoribus
438 2102 559 2146 quibus
578 2107 769 2137 tumescens
783 2103 946 2138 hactenus
964 2104 1054 2137 coire
1070 2104 1103 2138 in
1123 2103 1317 2138 cicatricem
1334 2104 1447 2137 fuerat
1466 2102 1684 2148 prohibitum.

227 2146 262 2181 in
275 2159 317 2181 ea
329 2149 486 2182 momenti
509 2160 574 2182 non
598 2149 747 2193 vulgaris
771 2154 808 2183 et
829 2149 1055 2193 necessitatis,
1080 2153 1119 2183 ut
1142 2151 1342 2195 apparebat,
1364 2149 1418 2183 cui
1441 2148 1615 2194 praeverti
1637 2148 1686 2182 nil

225 2192 369 2227 deberet
391 2193 630 2228 deliberatione
650 2196 802 2230 versanti
816 2197 968 2239 Augusto
990 2196 1186 2241 supervenit
1208 2196 1281 2230 eius
1300 2195 1404 2230 amita
1424 2194 1568 2239 Eulogia
1588 2194 1686 2238 plau-

228 2239 326 2273 sibile
351 2250 539 2283 suggerens
561 2241 748 2284 consilium,
773 2253 1044 2286 magnopereque
1065 2253 1208 2286 urgens,
1239 2253 1307 2287 quo
1330 2241 1431 2276 etiam
1452 2251 1514 2285 per
1535 2251 1572 2273 se
1593 2240 1686 2274 ultro

227 2285 304 2329 ipse
326 2285 536 2319 Andronicus
556 2287 802 2331 propendebat,
828 2292 868 2320 ut
889 2299 1120 2333 quaecumque
1141 2299 1249 2333 nuper
1271 2287 1363 2320 circa
1382 2297 1499 2331 pacem
1525 2285 1687 2319 ecclesia-

227 2341 302 2365 mm
323 2331 560 2365 convenissent
580 2333 788 2366 rescinderet
806 2332 973 2378 irritaque
994 2333 1173 2374 redderet,
1207 2333 1373 2378 profitens
1392 2343 1431 2365 se
1454 2330 1596 2365 invitum
1619 2342 1685 2376 pa-

224 2376 290 2411 tris
313 2377 520 2411 auctoritate
541 2377 583 2410 ad
607 2389 649 2411 ea
670 2378 845 2423 probanda
870 2383 1018 2413 tractum
1049 2390 1137 2414 nunc
1166 2379 1328 2412 damnare
1347 2378 1575 2421 infectumque
1595 2376 1685 2411 velle
1703 2405 1706 2409 ,

225 2422 316 2476 quod
338 2434 516 2468 perperam
537 2422 675 2466 egisset,
696 2428 800 2468 atque
823 2424 908 2457 adeo
930 2424 1093 2459 ecclesiae
1113 2424 1314 2468 proceribus
1333 2422 1391 2468 qui
1413 2422 1583 2456 contraria
1603 2433 1685 2457 sen-
1702 2436 1705 2439 ·

224 2472 330 2502 tirent
349 2468 574 2513 poenitentem
590 2480 628 2504 se
645 2469 826 2511 subiicere,
844 2469 1073 2515 exhibereque
1094 2474 1249 2514 paratum
1265 2468 1308 2503 ad
1323 2478 1448 2513 poenas
1465 2479 1580 2502 omnes
1599 2468 1683 2502 sub-

223 2515 353 2549 eundas
376 2525 604 2560 quascumque
629 2515 666 2548 in
689 2514 911 2559 expiationem
938 2517 1025 2548 tanti
1047 2515 1195 2549 criminis
1214 2514 1449 2558 praescribere
1469 2513 1534 2558 ipsi
1555 2514 1684 2548 voluis·
1702 2540 1703 2543 η

223 2565 313 2595 seut.
358 2560 400 2594 Iu
421 2561 507 2595 hanc
529 2560 587 2594 ille
608 2561 807 2595 sententiam
830 2560 1008 2602 concessit,
1029 2560 1209 2606 statimque
1230 2570 1412 2604 aggressus
1434 2559 1681 2593 adversantium
1699 2588 1702 2590 .

225 2605 303 2652 paci
326 2605 467 2640 delinire
489 2606 638 2641 infensas
653 2606 689 2640 in
712 2618 751 2641 se
772 2606 975 2648 voluntates,
999 2606 1158 2650 allegavit
1181 2605 1231 2640 eis
1253 2605 1520 2639 assentabundus
1544 2610 1580 2638 et
1601 2615 1683 2649 sup-
1704 2627 1707 2631 -

224 2652 304 2698 plex
328 2663 403 2686 esse
435 2663 495 2686 cur
518 2652 732 2687 miseratione
754 2651 837 2696 ipsis
859 2654 894 2686 et
915 2651 1014 2686 venia
1036 2651 1224 2695 dignandus
1245 2650 1357 2685 videri
1379 2655 1497 2695 posset
1528 2661 1608 2684 suus
1630 2650 1682 2684 la-

222 2708 318 2743 psus,
341 2697 400 2744 qui
420 2709 487 2732 non
510 2701 579 2732 tam
593 2698 710 2732 volens
733 2701 793 2732 aut
810 2697 977 2732 sustinere
998 2709 1075 2731 sese
1097 2697 1210 2731 valens
1233 2695 1424 2738 cecidisset,
1446 2707 1546 2741 quam
1567 2694 1684 2730 subsi-

225 2744 327 2778 dente
361 2743 517 2778 deorsum
539 2745 720 2789 absorptus
743 2744 777 2778 in
801 2754 966 2788 praeceps
988 2746 1082 2777 terra
1104 2741 1269 2786 voragine
1298 2741 1440 2787 quadam
1465 2741 1602 2775 haustus
1625 2751 1684 2775 es-
1703 2769 1709 2775 ,

225 2793 291 2824 set.
338 2800 414 2824 nam
444 2790 545 2824 fidem
576 2801 688 2835 papae
719 2790 831 2824 datam
863 2789 1100 2834 diplomatibus
1132 2800 1238 2823 aurea
1259 2788 1351 2822 bulla
1370 2787 1527 2828 munitis,
1558 2787 1683 2832 quibus

226 2836 440 2872 subscribere
462 2839 541 2883 post
561 2840 694 2883 patrem
716 2835 926 2883 nequivisset
945 2835 1019 2882 ipse
1039 2845 1211 2878 recusare,
1233 2838 1304 2869 tum
1322 2833 1510 2869 iuramenta
1521 2832 1594 2868 istis
1615 2832 1710 2869 ad-..
