1820 3112
217 172 280 218 68
637 169 873 214 GEORGlI
907 168 1262 212 PACHYMERIS

219 286 319 340 με’νη
344 286 409 327 καὶ
429 286 634 341 γειτονοῦν
655 282 779 326 κακὸν
807 280 932 339 ἕαυτῇ
960 282 1135 326 ὠθοῦσα
1147 315 1161 335 ,
1197 280 1253 332 ὥς
1272 280 1350 337 εἶχε
1368 286 1687 338 καθυπισχνεῒτο

219 354 420 402 παντοίως
439 353 511 395 τὸν
533 351 704 405 ἀνεψιὸν
732 354 966 405 μετελθεῖν,
1002 353 1068 394 καὶ
1091 352 1219 407 μηδὲν
1241 351 1394 394 ἀνεῖναι
1423 353 1688 408 δουλαγωγῆ-

219 439 308 474 σαι,
347 424 414 463 καὶ
438 419 494 471 ὥς
522 422 719 476 δυνηθείη
749 421 899 462 ἐκεῖνον
931 427 1132 475 περισχεῖν
1165 418 1360 476 ἀφύκτως
1390 422 1444 469 εἷς
1458 427 1601 475 χεῖρας
1619 423 1685 463 καὶ

218 491 385 543 πέμπειν
406 494 462 548 τῷ
482 493 654 543 βασιλεῖ.
725 488 942 530 συνέταττε
964 490 1007 530 δὲ
1024 491 1090 530 καὶ
1110 487 1302 543 δυνάμεις
1326 486 1347 532 ὅ
1376 489 1569 542 βασιλεὺς
1587 488 1685 546 ἄφι-

219 559 390 612 ξομένας
415 555 580 612 συνάμα
609 561 667 616 τῷ
702 559 1061 615 πριοτοβεστιαρίῳ
1104 555 1397 614 Ταρχανειώτῃ
1435 557 1539 613 πρὸς
1568 555 1718 603 ddum

218 629 315 684 πεζῇ
335 628 400 669 καὶ
420 631 470 684 τῇ
490 624 754 681 Δημητριάδι
780 625 1081 680 ε’πιμιξομένας,
1119 624 1174 676 ὥς
1195 633 1411 681 κατασχεῖν
1437 627 1513 679 μὲν
1533 623 1686 669 ὁπόσον

166 705 195 738 Β
221 698 288 738 καὶ
321 700 404 738 τῶν
435 697 518 737 ἐκεῖ
542 697 755 749 δυνηθεῖεν
787 692 899 753 νόμῳ
931 694 1111 748 πολέμου
1141 696 1206 737 καὶ
1238 693 1395 750 μάχης,
1445 694 1607 748 ἕτοιμον
1636 694 1683 737 δ’

217 763 317 807 εἶναι
350 761 571 818 λαμβάνειν
601 761 858 816 πεμπόμενον
887 762 1000 819 παρὰ
1018 762 1267 818 τῆςἌννης,
1306 765 1342 806 εἰ
1358 770 1575 818 κατασχεῖν
1593 762 1685 806 εὔοο

220 836 332 876 δοῒτο
351 867 361 886 ,
398 833 470 874 τὸν
505 830 692 886 ΖΙξῖιχαῆλ.
763 836 895 873 ταῦτα
926 829 1053 882 τάξας
1085 849 1128 874 τε
1150 833 1217 874 καὶ
1241 830 1432 887 κυρώσας
1451 830 1472 875 ὅ
1493 831 1686 886 βασιλεὺς

163 935 171 943 2
215 902 290 956 τὴν
305 901 451 943 ’Ἀνναν
468 900 561 954 μετ’
587 898 746 954 εἷρήνης
769 899 977 954 ἀπέπεμπε
1000 902 1066 942 καὶ
1087 905 1228 956 τιμῆς,
1268 900 1394 950 αὐτὸς
1420 901 1465 943 δὲ
1482 901 1686 950 παντοίως
1696 909 1741 944 10

215 967 538 1023 ὑποποιούμενος
569 968 640 1011 τὸν
667 967 1042 1024 πρωτοβεστιάριον
1068 971 1134 1011 καὶ
1174 973 1296 1023 τιμᾶν
1323 967 1566 1024 αἱρούμενος
1598 975 1686 1019 τοῖς

215 1039 440 1094 μεγίστοις,
485 1036 542 1088 ὥς
570 1038 636 1079 καὶ
664 1041 723 1095 τῷ
753 1041 826 1079 τοῦ
861 1039 1073 1092 Καίσαρος
1105 1035 1304 1091 ἀξιώματι
1338 1035 1520 1091 σεμνύειν
1547 1042 1684 1080 καθυ-

216 1112 501 1161 πισχνεῖσθαι,
549 1105 652 1160 πρὸς
678 1105 752 1160 τὴν
784 1103 899 1148 δύσιν
932 1104 1065 1159 ὥρμα.
1146 1104 1167 1149 ὅ
1202 1107 1246 1148 δὲ
1274 1104 1394 1159 μόλις
1423 1105 1583 1160 ἀξίωμα
1609 1107 1684 1159 μὲν

165 1184 195 1218 C
221 1175 328 1231 ἔλεγε
347 1172 439 1218 τότε
469 1172 691 1228 λαμβάνειν
722 1172 929 1226 διδόντος,
967 1173 1034 1217 ὅτε
1053 1175 1119 1216 καὶ
1140 1174 1265 1224 αὐτὸς
1283 1173 1395 1226 ἄξιόν
1416 1191 1454 1218 τι
1468 1173 1685 1229 Ῥωμαίοις

215 1241 518 1300 ἓπεξεργάσεται
547 1240 829 1299 κατόρθωμα,
868 1241 923 1292 ὥς
952 1242 1011 1296 μὴ
1043 1243 1200 1299 δωρεὰν
1230 1243 1325 1286 ἀλλ’
1360 1238 1494 1286 ἆθλον
1515 1241 1681 1297 λαμβά-
1695 1250 1739 1286 15

213 1326 316 1355 νειν·
353 1309 444 1354 τότε
465 1312 510 1353 δὲ
524 1312 664 1366 χρείας
695 1309 866 1366 ἐνούσης
889 1309 1115 1368 χρημάτων
1140 1311 1264 1362 αὐτὸς
1284 1312 1359 1366 μὲν
1387 1312 1431 1354 ἐκ
1451 1316 1525 1354 τοῦ
1545 1316 1683 1355 κοινοῦ

214 1381 422 1436 ταμιείου,
467 1378 521 1430 ὥς
539 1379 664 1422 αὐτὸν
686 1382 1033 1434 διαβεβαιοῦσθαι
1057 1380 1159 1437 πρὸς
1182 1380 1276 1431 τούς
1304 1382 1473 1431 οἰκείους
1492 1379 1680 1438 ὕστερον,

211 1534 276 1570 tris
302 1534 356 1569 sui
377 1545 505 1568 sorore.
552 1545 616 1568 nec
639 1533 734 1568 Anna
758 1535 917 1568 cunctata
937 1538 992 1568 est
1015 1532 1157 1568 animum
1190 1537 1227 1568 et
1250 1533 1397 1568 studium
1427 1534 1683 1569 accommodare

211 1581 299 1615 votis
321 1579 548 1625 imperatoris.
595 1587 757 1625 reputans
783 1580 869 1613 enim
893 1580 1045 1614 securius
1077 1580 1385 1626 quaestuosiusque
1415 1581 1480 1615 eibi
1511 1582 1587 1615 fore
1610 1582 1682 1615 An-

212 1626 303 1671 gusti
328 1626 509 1670 propinqui
531 1625 698 1660 demereri
720 1627 864 1670 gratiam
880 1626 1091 1670 cooperando
1109 1626 1152 1659 ad
1176 1626 1426 1671 depressionem
1448 1626 1574 1661 ferocis
1597 1626 1682 1660 ado-

211 1672 372 1706 lescentis
403 1684 422 1705 e
446 1671 514 1706 viri
538 1671 590 1705 sui
612 1673 721 1706 fratre
745 1673 847 1705 notho
871 1671 999 1714 geniti,
1030 1684 1051 1706 a
1075 1673 1170 1706 cuius
1194 1676 1229 1705 et
1252 1672 1330 1717 ipsa
1351 1672 1534 1717 praecipiti
1557 1675 1682 1706 natura

209 1718 331 1752 malum
362 1717 558 1761 impendere
589 1717 652 1751 sibi
682 1729 745 1751 nec
768 1717 935 1751 modicum
970 1729 1033 1751 nec
1065 1718 1164 1762 longe
1196 1718 1421 1751 differendum
1455 1717 1681 1762 intelligebat,

209 1775 310 1809 quam
333 1763 443 1808 potuit
465 1763 774 1798 asseverantissime
798 1763 841 1796 ad
865 1763 966 1796 fidem
989 1764 1145 1808 promissi
1169 1763 1356 1798 faciendam
1380 1764 1575 1798 Andronico
1599 1775 1681 1798 oon-

209 1810 357 1844 firmavit
379 1809 534 1843 daturam
557 1820 634 1843 sese
657 1821 718 1854 pro
743 1810 872 1843 viribus
896 1821 1044 1854 operam,
1069 1815 1104 1843 et
1127 1810 1169 1843 ad
1196 1809 1231 1843 id
1256 1809 1384 1844 fiducia
1407 1821 1506 1855 quam
1530 1809 1680 1844 necessi-

210 1855 292 1890 tudo
325 1855 502 1889 affinitatis
532 1855 597 1889 sibi
627 1867 711 1900 erga
747 1860 862 1889 natum
886 1867 928 1888 ex
951 1867 1111 1899 germano
1134 1855 1246 1889 mariti
1270 1855 1322 1889 sui
1346 1855 1535 1898 tribueret,
1567 1855 1680 1902 perite

207 1912 365 1943 usuram,
397 1906 437 1935 ut
466 1900 587 1935 callide
619 1900 883 1935 circumventum
908 1906 1101 1946 suspectum
1123 1901 1279 1935 iuvenem
1304 1905 1341 1936 et
1360 1901 1536 1936 redactum
1557 1902 1593 1936 in
1616 1913 1681 1947 po-

207 1951 365 1981 testatem
389 1951 465 1981 tuto
490 1947 531 1981 ad
556 1947 794 1991 imperatorem
815 1947 976 1980 mitteret.
1023 1947 1123 1981 huius
1146 1947 1272 1992 incepti
1294 1948 1521 1992 promovendo
1541 1959 1680 1982 succee-

208 1993 271 2034 sui,
297 1993 450 2027 decrevit
473 1992 683 2028 Andronicus
707 1993 891 2027 exercitum
917 1993 983 2027 alio
1007 1998 1189 2038 praetextu
1212 1994 1246 2028 in
1270 1993 1443 2028 Occiduos
1465 1997 1596 2028 tractus
1619 1994 1680 2028 iti—

208 2050 290 2072 nere
312 2038 468 2072 terrestri
493 2039 646 2082 mittere,
677 2039 873 2084 praeposito
907 2040 937 2073 ei
970 2050 1097 2073 summo
1124 2040 1211 2073 duce
1236 2040 1499 2084 protovestiario
1519 2039 1680 2074 Tarcho-

209 2084 321 2125 niota3
344 2096 443 2128 quein
467 2084 564 2118 iussit
586 2096 693 2130 usque
717 2085 760 2118 ad
784 2085 1034 2119 Demetriadem
1059 2097 1133 2119 cum
1156 2085 1261 2130 copiis
1285 2085 1462 2130 progredi,
1487 2085 1679 2131 bellumque

207 2129 278 2163 illic
301 2130 426 2163 ducere
449 2131 645 2175 occupando
669 2137 830 2176 quantum
853 2135 1019 2166 terrarum
1044 2136 1160 2176 posset
1184 2143 1225 2165 ac
1248 2143 1365 2166 manus
1387 2131 1533 2166 hostium
1555 2132 1679 2166 obvias

207 2175 397 2217 fundendo,
419 2176 639 2221 interimque,
664 2178 755 2222 quod
778 2189 937 2211 arcanum
961 2182 996 2211 et
1018 2178 1237 2232 praecipuum
1261 2178 1464 2212 destinatum
1487 2183 1584 2219 erat,
1614 2188 1677 2211 ex-

207 2222 375 2265 pectando
399 2221 475 2254 dum
500 2230 634 2266 captum
666 2223 742 2257 dolo
768 2223 966 2258 michaelem
989 2225 1106 2264 Anna,
1139 2229 1235 2258 iuxta
1265 2223 1442 2264 condicta,
1475 2223 1542 2268 ipsi
1562 2227 1678 2256 trans-

207 2266 370 2300 mitteret.
418 2266 470 2300 his
501 2268 535 2300 in
560 2268 646 2301 hunc
679 2269 812 2302 modum
842 2269 927 2304 clam
959 2269 1153 2304 constitutis
1174 2270 1360 2314 imperator
1382 2272 1511 2303 Annam
1534 2267 1676 2312 primum

210 2323 285 2346 cum
309 2323 394 2357 pace
417 2317 452 2346 et
475 2312 601 2346 honore
631 2314 775 2356 dimisit3
811 2327 853 2349 ac
874 2327 971 2360 quem
998 2321 1076 2362 post
1104 2316 1195 2349 illam
1219 2315 1355 2349 mittere
1377 2313 1676 2359 protovestiarium

206 2358 374 2403 parabat,
407 2369 473 2401 quo
505 2358 640 2402 penitus
672 2359 736 2393 sibi
770 2361 864 2405 prius
896 2361 1085 2395 devinciret
1111 2367 1215 2406 atque
1238 2361 1281 2394 ad
1304 2360 1450 2393 fideliter
1471 2363 1677 2404 strenueque

208 2415 280 2438 rem
302 2404 482 2448 gerendam
506 2409 601 2437 tanto
633 2406 759 2438 certius
790 2406 1040 2451 obstringeret,
1075 2406 1251 2451 exquisitis
1272 2405 1379 2439 omnis
1400 2404 1536 2450 generis
1559 2404 1677 2440 affecit

206 2449 412 2496 honoribus,
447 2448 532 2482 adeo
566 2455 605 2483 ut
629 2449 705 2495 ipsa
732 2462 867 2496 quoque
890 2463 927 2485 se
955 2453 1044 2486 illum
1066 2452 1301 2496 insignitarum
1326 2450 1487 2485 Caesaris
1509 2450 1676 2496 dignitate

205 2495 435 2540 polliceretur.
481 2495 571 2540 quod
605 2494 636 2529 is
671 2496 811 2530 audiens
841 2497 993 2531 modeste
1022 2497 1175 2542 reposuit
1205 2497 1263 2530 vix
1296 2508 1333 2530 se
1356 2496 1491 2542 quidem
1516 2507 1674 2542 umquam

205 2540 269 2575 tali
299 2541 436 2585 dignum
469 2540 607 2585 fastigio
640 2542 812 2575 futurum:
849 2548 1018 2576 caeterum
1051 2549 1120 2577 tum
1149 2542 1258 2576 minus
1282 2541 1558 2576 inconvenienter
1576 2546 1675 2577 tanta

207 2587 440 2622 cumulandum
463 2586 592 2630 gloria,
630 2598 703 2620 cum
727 2587 818 2622 edito
843 2587 954 2634 aliquo
978 2589 1013 2622 in
1036 2599 1191 2633 magnum
1213 2599 1310 2622 usum
1333 2588 1507 2622 Romanae
1527 2587 1579 2622 rei
1602 2599 1675 2622 me·-

207 2633 361 2667 morabili
383 2632 534 2666 facinore
558 2636 757 2667 consecutus
780 2634 892 2675 foret,
923 2639 962 2667 ut
993 2645 1058 2667 non
1091 2634 1198 2678 gratis
1220 2633 1279 2667 sed
1303 2633 1339 2667 in
1361 2633 1544 2679 praemium
1567 2645 1674 2668 nava-

206 2683 265 2713 tae
289 2690 414 2724 operae
435 2677 471 2712 in
494 2690 570 2712 eum
593 2679 724 2723 apicem
746 2678 855 2712 videri
879 2683 1018 2713 evectus
1048 2682 1176 2725 posset.
1222 2690 1310 2725 quae
1342 2690 1446 2724 porro
1469 2684 1568 2714 erant
1590 2691 1674 2725 pro-

207 2724 319 2759 cincto
349 2725 393 2758 ad
419 2723 506 2759 hanc
535 2724 780 2769 expeditionem
803 2724 1054 2759 Tarchaniotae
1084 2725 1276 2759 necessario
1307 2726 1535 2760 numerandae
1564 2737 1672 2772 peen-

208 2770 308 2812 niae,
340 2781 401 2805 eas
429 2769 577 2816 petierat
609 2770 667 2804 ille
693 2771 827 2816 quidem
850 2782 894 2804 ex
917 2771 1050 2816 publico
1075 2771 1182 2816 promi
1205 2771 1361 2812 aerario,
1394 2772 1672 2816 quemadmodum

206 2816 297 2861 apud
320 2828 400 2851 suos
423 2815 546 2851 deinde
565 2816 750 2851 familiares
782 2816 988 2852 affirmavit=
1021 2829 1139 2852 verum
1171 2816 1217 2852 iis
1239 2817 1466 2863 quibustuae
1487 2819 1672 2864 imperator
