<?xml version="1.0" encoding="UTF-8"?>
<!DOCTYPE html PUBLIC "-//W3C//DTD XHTML 1.0 Transitional//EN"
    "http://www.w3.org/TR/xhtml1/DTD/xhtml1-transitional.dtd">
<html xmlns="http://www.w3.org/1999/xhtml" xml:lang="en" lang="en">
 <head>
  <title>
</title>
<meta http-equiv="Content-Type" content="text/html;charset=utf-8" />
  <meta name='ocr-system' content='tesseract 3.04.00' />
  <meta name='ocr-capabilities' content='ocr_page ocr_carea ocr_par ocr_line ocrx_word'/>
</head>
<body>
  <div class='ocr_page' id='page_1' title='image "./corpusscriptorum18niebuoft_0225.png"; bbox 0 0 1820 3112; ppageno 0'>
   <div class='ocr_carea' id='block_1_1' title="bbox 343 142 1579 190">
    <p class='ocr_par' dir='ltr' id='par_1_1' title="bbox 343 142 1579 190">
     <span class='ocr_line' id='line_1_1' title="bbox 343 142 1579 190; baseline -0.001 0"><span class='ocrx_word' id='word_1_1' title='bbox 343 147 419 190; x_wconf 92' lang='lat' dir='ltr'>DE</span> <span class='ocrx_word' id='word_1_2' title='bbox 452 143 783 189; x_wconf 83' lang='lat' dir='ltr'>ANDRONICO</span> <span class='ocrx_word' id='word_1_3' title='bbox 813 142 1189 188; x_wconf 80' lang='lat' dir='ltr'><strong>PALAEOLOGO</strong></span> <span class='ocrx_word' id='word_1_4' title='bbox 1223 143 1270 187; x_wconf 90' lang='lat' dir='ltr'>L.</span> <span class='ocrx_word' id='word_1_5' title='bbox 1300 142 1375 188; x_wconf 89' lang='lat'>111.</span> <span class='ocrx_word' id='word_1_6' title='bbox 1478 143 1579 190; x_wconf 82' lang='lat'>209</span> 
     </span>
    </p>
   </div>
   <div class='ocr_carea' id='block_1_2' title="bbox 59 250 1719 1344">
    <p class='ocr_par' dir='ltr' id='par_1_2' title="bbox 113 250 1635 520">
     <span class='ocr_line' id='line_1_2' title="bbox 113 250 1582 315; baseline -0.003 -12"><span class='ocrx_word' id='word_1_7' title='bbox 113 263 192 315; x_wconf 71' lang='grc' dir='ltr'>τῆς</span> <span class='ocrx_word' id='word_1_8' title='bbox 212 256 424 314; x_wconf 76' lang='grc' dir='ltr'><strong><em>δυνάμεως</em></strong></span> <span class='ocrx_word' id='word_1_9' title='bbox 445 255 617 314; x_wconf 77' lang='grc' dir='ltr'><strong><em>ε’νοῦσης</em></strong></span> <span class='ocrx_word' id='word_1_10' title='bbox 634 256 691 300; x_wconf 65' lang='grc' dir='ltr'><strong><em>ἔτι</em></strong></span> <span class='ocrx_word' id='word_1_11' title='bbox 708 260 792 300; x_wconf 83' lang='grc' dir='ltr'>τῶν</span> <span class='ocrx_word' id='word_1_12' title='bbox 821 253 975 313; x_wconf 77' lang='grc' dir='ltr'><strong><em>νεύρων</em></strong></span> <span class='ocrx_word' id='word_1_13' title='bbox 1003 256 1075 315; x_wconf 80' lang='grc' dir='ltr'>(τὰ</span> <span class='ocrx_word' id='word_1_14' title='bbox 1096 254 1142 298; x_wconf 85' lang='grc' dir='ltr'>δ’</span> <span class='ocrx_word' id='word_1_15' title='bbox 1168 250 1276 310; x_wconf 70' lang='grc' dir='ltr'><strong><em>ἦσαν</em></strong></span> <span class='ocrx_word' id='word_1_16' title='bbox 1296 255 1351 299; x_wconf 76' lang='grc' dir='ltr'>τὰ</span> <span class='ocrx_word' id='word_1_17' title='bbox 1365 252 1582 313; x_wconf 77' lang='grc' dir='ltr'><strong><em>χρήματα)</em></strong></span> 
     </span>
     <span class='ocr_line' id='line_1_3' title="bbox 117 323 1585 383; baseline -0.003 -11"><span class='ocrx_word' id='word_1_18' title='bbox 117 329 287 383; x_wconf 68' lang='grc' dir='ltr'><strong><em>πέμπων</em></strong></span> <span class='ocrx_word' id='word_1_19' title='bbox 305 328 381 377; x_wconf 81' lang='grc' dir='ltr'>τὰς</span> <span class='ocrx_word' id='word_1_20' title='bbox 399 331 474 382; x_wconf 80' lang='grc' dir='ltr'>τῆς</span> <span class='ocrx_word' id='word_1_21' title='bbox 496 325 729 381; x_wconf 81' lang='grc' dir='ltr'><strong><em>ὄλομελείας</em></strong></span> <span class='ocrx_word' id='word_1_22' title='bbox 748 323 923 380; x_wconf 79' lang='grc' dir='ltr'><em>κινήσεις</em></span> <span class='ocrx_word' id='word_1_23' title='bbox 942 329 1017 381; x_wconf 81' lang='grc' dir='ltr'>τῆς</span> <span class='ocrx_word' id='word_1_24' title='bbox 1032 323 1258 377; x_wconf 79' lang='grc' dir='ltr'><strong><em>Ῥωμα’ί·ὃος</em></strong></span> <span class='ocrx_word' id='word_1_25' title='bbox 1280 324 1585 381; x_wconf 73' lang='grc' dir='ltr'><strong><em>εὖρωστοτέρας</em></strong></span> 
     </span>
     <span class='ocr_line' id='line_1_4' title="bbox 119 392 1635 450; baseline -0.001 -10"><span class='ocrx_word' id='word_1_26' title='bbox 119 403 246 440; x_wconf 77' lang='grc' dir='ltr'><strong><em>ποιεῖν</em></strong></span> <span class='ocrx_word' id='word_1_27' title='bbox 265 397 339 440; x_wconf 80' lang='grc' dir='ltr'>οὐκ</span> <span class='ocrx_word' id='word_1_28' title='bbox 356 394 544 439; x_wconf 79' lang='grc' dir='ltr'><strong><em>ἀπώκνει.</em></strong></span> <span class='ocrx_word' id='word_1_29' title='bbox 614 394 710 438; x_wconf 77' lang='grc' dir='ltr'><strong><em>κατ’</em></strong></span> <span class='ocrx_word' id='word_1_30' title='bbox 731 394 864 450; x_wconf 81' lang='grc' dir='ltr'><strong><em>ὀλίγον</em></strong></span> <span class='ocrx_word' id='word_1_31' title='bbox 885 395 930 436; x_wconf 77' lang='grc' dir='ltr'>δὲ</span> <span class='ocrx_word' id='word_1_32' title='bbox 947 394 993 437; x_wconf 84' lang='grc' dir='ltr'>τὸ</span> <span class='ocrx_word' id='word_1_33' title='bbox 1016 393 1147 436; x_wconf 80' lang='grc' dir='ltr'><strong><em>δεινὸν</em></strong></span> <span class='ocrx_word' id='word_1_34' title='bbox 1175 395 1351 444; x_wconf 79' lang='grc' dir='ltr'><strong><em>ἕπαῦξον</em></strong></span> <span class='ocrx_word' id='word_1_35' title='bbox 1372 392 1582 438; x_wconf 75' lang='grc' dir='ltr'><strong><em>ἀνέστελλε</em></strong></span> <span class='ocrx_word' id='word_1_36' title='bbox 1605 403 1635 439; x_wconf 89' lang='lat' dir='ltr'>C</span> 
     </span>
     <span class='ocr_line' id='line_1_5' title="bbox 115 457 1580 520; baseline -0.001 -12"><span class='ocrx_word' id='word_1_37' title='bbox 115 465 388 520; x_wconf 74' lang='grc' dir='ltr'><strong><em>πεμπομένων</em></strong></span> <span class='ocrx_word' id='word_1_38' title='bbox 410 466 477 507; x_wconf 82' lang='grc' dir='ltr'><strong><em>καὶ</em></strong></span> <span class='ocrx_word' id='word_1_39' title='bbox 494 468 576 506; x_wconf 87' lang='grc' dir='ltr'>τῶν</span> <span class='ocrx_word' id='word_1_40' title='bbox 603 465 659 513; x_wconf 79' lang='grc' dir='ltr'>εἷς</span> <span class='ocrx_word' id='word_1_41' title='bbox 684 462 864 520; x_wconf 82' lang='grc' dir='ltr'><strong><em>κεφαλὰς</em></strong></span> <span class='ocrx_word' id='word_1_42' title='bbox 886 462 1011 513; x_wconf 78' lang='grc' dir='ltr'><strong><em>ἀξίων</em></strong></span> <span class='ocrx_word' id='word_1_43' title='bbox 1033 463 1100 504; x_wconf 80' lang='grc' dir='ltr'><strong><em>καὶ</em></strong></span> <span class='ocrx_word' id='word_1_44' title='bbox 1119 459 1175 510; x_wconf 80' lang='grc' dir='ltr'>ὥς</span> <span class='ocrx_word' id='word_1_45' title='bbox 1195 459 1282 504; x_wconf 79' lang='grc' dir='ltr'><strong><em>οἷόν</em></strong></span> <span class='ocrx_word' id='word_1_46' title='bbox 1302 461 1346 504; x_wconf 81' lang='grc' dir='ltr'>τ’</span> <span class='ocrx_word' id='word_1_47' title='bbox 1373 457 1423 518; x_wconf 84' lang='grc' dir='ltr'>ἦν</span> <span class='ocrx_word' id='word_1_48' title='bbox 1440 463 1580 520; x_wconf 84' lang='grc' dir='ltr'><strong><em>σφίσιν</em></strong></span> 
     </span>
    </p>

    <p class='ocr_par' dir='ltr' id='par_1_3' title="bbox 85 527 1584 863">
     <span class='ocr_line' id='line_1_6' title="bbox 85 527 1584 588; baseline -0.002 -11"><span class='ocrx_word' id='word_1_49' title='bbox 85 544 108 579; x_wconf 89' lang='lat'><strong>6</strong></span> <span class='ocrx_word' id='word_1_50' title='bbox 120 531 394 588; x_wconf 80' lang='grc' dir='ltr'><strong><em>ἀντεχόντων,</em></strong></span> <span class='ocrx_word' id='word_1_51' title='bbox 432 532 728 588; x_wconf 78' lang='grc' dir='ltr'><strong><em>προσκειμένων</em></strong></span> <span class='ocrx_word' id='word_1_52' title='bbox 748 533 815 573; x_wconf 81' lang='grc' dir='ltr'><strong><em>καὶ</em></strong></span> <span class='ocrx_word' id='word_1_53' title='bbox 836 535 918 574; x_wconf 86' lang='grc' dir='ltr'>τῶν</span> <span class='ocrx_word' id='word_1_54' title='bbox 940 532 984 574; x_wconf 71' lang='grc' dir='ltr'>ἐκ</span> <span class='ocrx_word' id='word_1_55' title='bbox 1003 527 1174 585; x_wconf 78' lang='grc' dir='ltr'><em>Κρήτης</em></span> <span class='ocrx_word' id='word_1_56' title='bbox 1190 531 1382 584; x_wconf 82' lang='grc' dir='ltr'><strong><em>μαχίμων</em></strong></span> <span class='ocrx_word' id='word_1_57' title='bbox 1401 536 1493 581; x_wconf 82' lang='grc' dir='ltr'><strong><em>ταῖς</em></strong></span> <span class='ocrx_word' id='word_1_58' title='bbox 1510 548 1584 574; x_wconf 88' lang='grc' dir='ltr'>το-</span> 
     </span>
     <span class='ocr_line' id='line_1_7' title="bbox 116 597 1584 656; baseline -0.002 -11"><span class='ocrx_word' id='word_1_59' title='bbox 116 609 253 652; x_wconf 78' lang='grc' dir='ltr'><strong><em>πικαΐς</em></strong></span> <span class='ocrx_word' id='word_1_60' title='bbox 282 599 526 656; x_wconf 79' lang='grc' dir='ltr'><strong><em>δυνάμεσιν,</em></strong></span> <span class='ocrx_word' id='word_1_61' title='bbox 565 599 636 650; x_wconf 79' lang='grc' dir='ltr'>οὓς</span> <span class='ocrx_word' id='word_1_62' title='bbox 673 597 898 656; x_wconf 72' lang='grc' dir='ltr'><strong><em>Κρήτηθεν</em></strong></span> <span class='ocrx_word' id='word_1_63' title='bbox 930 597 1308 655; x_wconf 82' lang='grc' dir='ltr'><strong><em>προσχωρήσαντας</em></strong></span> <span class='ocrx_word' id='word_1_64' title='bbox 1334 602 1501 650; x_wconf 82' lang='grc' dir='ltr'><strong><em>βασιλεῖ</em></strong></span> <span class='ocrx_word' id='word_1_65' title='bbox 1527 597 1584 650; x_wconf 82' lang='grc' dir='ltr'>ὥς</span> 
     </span>
     <span class='ocr_line' id='line_1_8' title="bbox 115 665 1583 726; baseline -0.001 -13"><span class='ocrx_word' id='word_1_66' title='bbox 115 671 175 726; x_wconf 84' lang='grc' dir='ltr'><strong><em>μὴ</em></strong></span> <span class='ocrx_word' id='word_1_67' title='bbox 193 670 540 725; x_wconf 76' lang='grc' dir='ltr'><strong><em>καταδεχομὲνους</em></strong></span> <span class='ocrx_word' id='word_1_68' title='bbox 569 669 644 724; x_wconf 76' lang='grc' dir='ltr'>τὴν</span> <span class='ocrx_word' id='word_1_69' title='bbox 665 670 708 711; x_wconf 74' lang='grc' dir='ltr'>ἐκ</span> <span class='ocrx_word' id='word_1_70' title='bbox 727 673 808 711; x_wconf 87' lang='grc' dir='ltr'>τῶν</span> <span class='ocrx_word' id='word_1_71' title='bbox 830 668 998 711; x_wconf 80' lang='grc' dir='ltr'><strong><em>Ἰταλῶν</em></strong></span> <span class='ocrx_word' id='word_1_72' title='bbox 1023 665 1276 724; x_wconf 77' lang='grc' dir='ltr'><strong><em>ἐπικράτειαν</em></strong></span> <span class='ocrx_word' id='word_1_73' title='bbox 1287 699 1301 719; x_wconf 86' lang='grc'><strong><em>,</em></strong></span> <span class='ocrx_word' id='word_1_74' title='bbox 1339 666 1408 709; x_wconf 73' lang='grc' dir='ltr'>ἐπ’</span> <span class='ocrx_word' id='word_1_75' title='bbox 1428 666 1583 711; x_wconf 82' lang='grc' dir='ltr'><strong><em>ἀνατο-</em></strong></span> 
     </span>
     <span class='ocr_line' id='line_1_9' title="bbox 115 734 1580 795; baseline -0.002 -13"><span class='ocrx_word' id='word_1_76' title='bbox 115 743 193 794; x_wconf 80' lang='grc' dir='ltr'>λῆς</span> <span class='ocrx_word' id='word_1_77' title='bbox 220 741 454 789; x_wconf 76' lang='grc' dir='ltr'><strong><em>κατοικίσας</em></strong></span> <span class='ocrx_word' id='word_1_78' title='bbox 487 739 554 781; x_wconf 80' lang='grc' dir='ltr'><strong><em>καὶ</em></strong></span> <span class='ocrx_word' id='word_1_79' title='bbox 581 735 721 795; x_wconf 75' lang='grc' dir='ltr'><strong><em>ρόγαις</em></strong></span> <span class='ocrx_word' id='word_1_80' title='bbox 749 738 924 792; x_wconf 74' lang='grc' dir='ltr'><strong><em>ἐτησίοις</em></strong></span> <span class='ocrx_word' id='word_1_81' title='bbox 944 736 1289 791; x_wconf 71' lang='grc' dir='ltr'><strong><em>ἀποτεταγμέναις</em></strong></span> <span class='ocrx_word' id='word_1_82' title='bbox 1309 736 1503 786; x_wconf 69' lang='grc' dir='ltr'><strong><em>ἔξικανῶν</em></strong></span> <span class='ocrx_word' id='word_1_83' title='bbox 1522 734 1580 786; x_wconf 83' lang='grc' dir='ltr'>ὥς</span> 
     </span>
     <span class='ocr_line' id='line_1_10' title="bbox 114 801 1578 863; baseline -0.001 -13"><span class='ocrx_word' id='word_1_84' title='bbox 114 814 275 857; x_wconf 84' lang='grc' dir='ltr'><strong><em>πιστοῖς</em></strong></span> <span class='ocrx_word' id='word_1_85' title='bbox 304 805 534 863; x_wconf 81' lang='grc' dir='ltr'><strong><em>συμμάχοις</em></strong></span> <span class='ocrx_word' id='word_1_86' title='bbox 562 808 721 863; x_wconf 69' lang='grc' dir='ltr'><strong><em>ἐχρῆτο.</em></strong></span> <span class='ocrx_word' id='word_1_87' title='bbox 792 801 843 860; x_wconf 74' lang='grc' dir='ltr'>ἦν</span> <span class='ocrx_word' id='word_1_88' title='bbox 863 807 908 848; x_wconf 79' lang='grc' dir='ltr'>δὲ</span> <span class='ocrx_word' id='word_1_89' title='bbox 939 805 1088 860; x_wconf 85' lang='grc' dir='ltr'><strong><em>συχνὸν</em></strong></span> <span class='ocrx_word' id='word_1_90' title='bbox 1108 805 1154 849; x_wconf 84' lang='grc' dir='ltr'>τὸ</span> <span class='ocrx_word' id='word_1_91' title='bbox 1174 809 1248 859; x_wconf 82' lang='grc' dir='ltr'>τῆς</span> <span class='ocrx_word' id='word_1_92' title='bbox 1265 804 1487 855; x_wconf 81' lang='grc' dir='ltr'><strong><em>συνδοσίας</em></strong></span> <span class='ocrx_word' id='word_1_93' title='bbox 1510 805 1578 848; x_wconf 79' lang='grc' dir='ltr'><strong><em>διὰ</em></strong></span> 
     </span>
    </p>

    <p class='ocr_par' dir='ltr' id='par_1_4' title="bbox 62 870 1632 1207">
     <span class='ocr_line' id='line_1_11' title="bbox 62 870 1578 932; baseline -0.004 -10"><span class='ocrx_word' id='word_1_94' title='bbox 62 886 108 922; x_wconf 90' lang='grc'>10</span> <span class='ocrx_word' id='word_1_95' title='bbox 117 875 192 931; x_wconf 84' lang='grc' dir='ltr'>τὴν</span> <span class='ocrx_word' id='word_1_96' title='bbox 220 873 368 920; x_wconf 78' lang='grc' dir='ltr'><strong><em>σπάνιν</em></strong></span> <span class='ocrx_word' id='word_1_97' title='bbox 398 881 480 919; x_wconf 87' lang='grc' dir='ltr'>τῶν</span> <span class='ocrx_word' id='word_1_98' title='bbox 518 873 743 932; x_wconf 85' lang='grc' dir='ltr'><strong><em>χρημάτων</em></strong></span> <span class='ocrx_word' id='word_1_99' title='bbox 758 906 772 927; x_wconf 86' lang='grc'>,</span> <span class='ocrx_word' id='word_1_100' title='bbox 821 872 878 924; x_wconf 80' lang='grc' dir='ltr'>ὥς</span> <span class='ocrx_word' id='word_1_101' title='bbox 916 874 1053 930; x_wconf 65' lang='grc' dir='ltr'><strong><em>ἔλεγον</em></strong></span> <span class='ocrx_word' id='word_1_102' title='bbox 1079 907 1093 926; x_wconf 91' lang='grc'>,</span> <span class='ocrx_word' id='word_1_103' title='bbox 1140 873 1288 928; x_wconf 76' lang='grc' dir='ltr'><strong><em>ἀνέδην</em></strong></span> <span class='ocrx_word' id='word_1_104' title='bbox 1324 870 1578 927; x_wconf 75' lang='grc' dir='ltr'><strong><em>τελούμενον.</em></strong></span> 
     </span>
     <span class='ocr_line' id='line_1_12' title="bbox 114 938 1632 1001; baseline -0.001 -14"><span class='ocrx_word' id='word_1_105' title='bbox 114 944 164 987; x_wconf 81' lang='grc' dir='ltr'>τὸ</span> <span class='ocrx_word' id='word_1_106' title='bbox 184 944 230 987; x_wconf 77' lang='grc' dir='ltr'>δ’</span> <span class='ocrx_word' id='word_1_107' title='bbox 251 940 324 1000; x_wconf 78' lang='grc' dir='ltr'>ἦν,</span> <span class='ocrx_word' id='word_1_108' title='bbox 362 942 418 995; x_wconf 73' lang='grc' dir='ltr'>ιῖς</span> <span class='ocrx_word' id='word_1_109' title='bbox 435 946 585 1001; x_wconf 75' lang='grc' dir='ltr'><strong><em>ἐρρέθη</em></strong></span> <span class='ocrx_word' id='word_1_110' title='bbox 603 943 657 986; x_wconf 80' lang='grc' dir='ltr'>τὰ</span> <span class='ocrx_word' id='word_1_111' title='bbox 675 941 880 999; x_wconf 83' lang='grc' dir='ltr'><strong><em>πρότερα,</em></strong></span> <span class='ocrx_word' id='word_1_112' title='bbox 918 942 965 985; x_wconf 87' lang='grc' dir='ltr'><strong><em>τό</em></strong></span> <span class='ocrx_word' id='word_1_113' title='bbox 995 947 1070 997; x_wconf 78' lang='grc' dir='ltr'>τῆς</span> <span class='ocrx_word' id='word_1_114' title='bbox 1098 941 1167 998; x_wconf 72' lang='grc' dir='ltr'>ἐφ’</span> <span class='ocrx_word' id='word_1_115' title='bbox 1191 938 1365 984; x_wconf 77' lang='grc' dir='ltr'><strong><em>ἑκάστου</em></strong></span> <span class='ocrx_word' id='word_1_116' title='bbox 1383 942 1578 998; x_wconf 76' lang='grc' dir='ltr'><strong><em>προνοίας</em></strong></span> <span class='ocrx_word' id='word_1_117' title='bbox 1598 950 1632 985; x_wconf 89' lang='lat' dir='ltr'>D</span> 
     </span>
     <span class='ocr_line' id='line_1_13' title="bbox 115 1009 1581 1067; baseline -0.002 -12"><span class='ocrx_word' id='word_1_118' title='bbox 115 1011 299 1056; x_wconf 71' lang='grc' dir='ltr'><strong><em>δέκατον.</em></strong></span> <span class='ocrx_word' id='word_1_119' title='bbox 328 1040 334 1046; x_wconf 67' lang='grc'><strong><em>»</em></strong></span> <span class='ocrx_word' id='word_1_120' title='bbox 366 1012 471 1067; x_wconf 82' lang='grc' dir='ltr'><strong><em>πλὴν</em></strong></span> <span class='ocrx_word' id='word_1_121' title='bbox 489 1014 556 1055; x_wconf 79' lang='grc' dir='ltr'><strong><em>καὶ</em></strong></span> <span class='ocrx_word' id='word_1_122' title='bbox 576 1011 684 1054; x_wconf 75' lang='grc' dir='ltr'><strong><em>οὕτω</em></strong></span> <span class='ocrx_word' id='word_1_123' title='bbox 710 1015 826 1067; x_wconf 86' lang='grc' dir='ltr'><strong><em>σφῶν</em></strong></span> <span class='ocrx_word' id='word_1_124' title='bbox 857 1011 1187 1067; x_wconf 74' lang='grc' dir='ltr'><strong><em>ἓκνευριζομένων</em></strong></span> <span class='ocrx_word' id='word_1_125' title='bbox 1205 1009 1230 1066; x_wconf 78' lang='grc' dir='ltr'><em>ἦ</em></span> <span class='ocrx_word' id='word_1_126' title='bbox 1251 1011 1372 1064; x_wconf 84' lang='grc' dir='ltr'><strong><em>ζημία</em></strong></span> <span class='ocrx_word' id='word_1_127' title='bbox 1394 1017 1481 1060; x_wconf 81' lang='grc' dir='ltr'><strong><em>τοῖς</em></strong></span> <span class='ocrx_word' id='word_1_128' title='bbox 1497 1028 1581 1053; x_wconf 83' lang='grc' dir='ltr'><strong><em>πα·-</em></strong></span> 
     </span>
     <span class='ocr_line' id='line_1_14' title="bbox 108 1076 1581 1136; baseline -0.001 -13"><span class='ocrx_word' id='word_1_129' title='bbox 108 1082 270 1136; x_wconf 64' lang='grc' dir='ltr'><strong><em>’ροίκοις</em></strong></span> <span class='ocrx_word' id='word_1_130' title='bbox 295 1083 542 1135; x_wconf 83' lang='grc' dir='ltr'><strong><em>περιίστατο.</em></strong></span> <span class='ocrx_word' id='word_1_131' title='bbox 611 1082 678 1122; x_wconf 80' lang='grc' dir='ltr'><strong><em>καὶ</em></strong></span> <span class='ocrx_word' id='word_1_132' title='bbox 710 1076 1007 1136; x_wconf 78' lang='grc' dir='ltr'><strong><em>ἕπεβαρύνοντο</em></strong></span> <span class='ocrx_word' id='word_1_133' title='bbox 1036 1081 1111 1134; x_wconf 75' lang='grc' dir='ltr'>μὲν</span> <span class='ocrx_word' id='word_1_134' title='bbox 1129 1080 1169 1122; x_wconf 77' lang='grc' dir='ltr'>οἱ</span> <span class='ocrx_word' id='word_1_135' title='bbox 1189 1080 1467 1134; x_wconf 78' lang='grc' dir='ltr'><strong><em>ταλαίπωροι,</em></strong></span> <span class='ocrx_word' id='word_1_136' title='bbox 1505 1078 1581 1122; x_wconf 77' lang='grc' dir='ltr'>οὐκ</span> 
     </span>
     <span class='ocr_line' id='line_1_15' title="bbox 112 1142 1579 1207; baseline -0.001 -15"><span class='ocrx_word' id='word_1_137' title='bbox 112 1148 266 1206; x_wconf 77' lang='grc' dir='ltr'><strong><em>ᾔδεσαν</em></strong></span> <span class='ocrx_word' id='word_1_138' title='bbox 285 1150 330 1192; x_wconf 77' lang='grc' dir='ltr'>δὲ</span> <span class='ocrx_word' id='word_1_139' title='bbox 349 1148 430 1207; x_wconf 84' lang='grc' dir='ltr'>ὅπῃ</span> <span class='ocrx_word' id='word_1_140' title='bbox 448 1151 513 1192; x_wconf 78' lang='grc' dir='ltr'><strong><em>καὶ</em></strong></span> <span class='ocrx_word' id='word_1_141' title='bbox 535 1150 576 1199; x_wconf 77' lang='grc' dir='ltr'>ἒς</span> <span class='ocrx_word' id='word_1_142' title='bbox 594 1149 641 1192; x_wconf 80' lang='grc' dir='ltr'>τὸ</span> <span class='ocrx_word' id='word_1_143' title='bbox 662 1150 855 1199; x_wconf 72' lang='grc' dir='ltr'><strong><em>παντελὲς</em></strong></span> <span class='ocrx_word' id='word_1_144' title='bbox 872 1149 1038 1203; x_wconf 67' lang='grc' dir='ltr'><strong><em>ἔμελλον</em></strong></span> <span class='ocrx_word' id='word_1_145' title='bbox 1058 1152 1349 1204; x_wconf 77' lang='grc' dir='ltr'><strong><em>βαρυνθῆναι·</em></strong></span> <span class='ocrx_word' id='word_1_146' title='bbox 1381 1142 1410 1203; x_wconf 83' lang='grc' dir='ltr'><strong><em>ἦ</em></strong></span> <span class='ocrx_word' id='word_1_147' title='bbox 1426 1147 1504 1204; x_wconf 79' lang='grc' dir='ltr'>γὰρ</span> <span class='ocrx_word' id='word_1_148' title='bbox 1527 1146 1579 1190; x_wconf 79' lang='grc' dir='ltr'>ἂν</span> 
     </span>
    </p>

    <p class='ocr_par' dir='ltr' id='par_1_5' title="bbox 59 1212 1719 1344">
     <span class='ocr_line' id='line_1_16' title="bbox 59 1212 1719 1275; baseline 0 -12"><span class='ocrx_word' id='word_1_149' title='bbox 59 1227 103 1263; x_wconf 87' lang='grc'>15</span> <span class='ocrx_word' id='word_1_150' title='bbox 118 1220 152 1260; x_wconf 80' lang='grc' dir='ltr'>εἶ</span> <span class='ocrx_word' id='word_1_151' title='bbox 174 1215 338 1268; x_wconf 76' lang='grc' dir='ltr'><strong><em>πάντως</em></strong></span> <span class='ocrx_word' id='word_1_152' title='bbox 358 1218 509 1275; x_wconf 75' lang='grc' dir='ltr'><strong><em>ᾔδεσαν</em></strong></span> <span class='ocrx_word' id='word_1_153' title='bbox 527 1212 630 1275; x_wconf 73' lang='grc' dir='ltr'><strong><em>ᾗπερ</em></strong></span> <span class='ocrx_word' id='word_1_154' title='bbox 653 1215 821 1271; x_wconf 83' lang='grc' dir='ltr'><strong><em>πάσχειν</em></strong></span> <span class='ocrx_word' id='word_1_155' title='bbox 839 1218 942 1271; x_wconf 81' lang='grc' dir='ltr'><strong><em>μετὰ</em></strong></span> <span class='ocrx_word' id='word_1_156' title='bbox 967 1217 1112 1275; x_wconf 78' lang='grc' dir='ltr'><strong><em>μικρὸν</em></strong></span> <span class='ocrx_word' id='word_1_157' title='bbox 1130 1217 1317 1272; x_wconf 69' lang='grc' dir='ltr'><strong><em>ἔμελλον,</em></strong></span> <span class='ocrx_word' id='word_1_158' title='bbox 1354 1217 1422 1259; x_wconf 80' lang='grc' dir='ltr'><strong><em>καὶ</em></strong></span> <span class='ocrx_word' id='word_1_159' title='bbox 1439 1214 1575 1260; x_wconf 78' lang='grc' dir='ltr'><strong><em>πάντα</em></strong></span> <span class='ocrx_word' id='word_1_160' title='bbox 1599 1228 1628 1263; x_wconf 88' lang='grc' dir='ltr'><strong>Ρ</strong></span> <span class='ocrx_word' id='word_1_161' title='bbox 1654 1228 1719 1263; x_wconf 78' lang='grc'>143</span> 
     </span>
     <span class='ocr_line' id='line_1_17' title="bbox 110 1285 997 1344; baseline 0.001 -16"><span class='ocrx_word' id='word_1_162' title='bbox 110 1286 183 1330; x_wconf 78' lang='grc' dir='ltr'>τὸν</span> <span class='ocrx_word' id='word_1_163' title='bbox 203 1288 295 1341; x_wconf 78' lang='grc' dir='ltr'><strong><em>βίον</em></strong></span> <span class='ocrx_word' id='word_1_164' title='bbox 312 1285 604 1344; x_wconf 74' lang='grc' dir='ltr'><strong><em>καταπρόοιντ’</em></strong></span> <span class='ocrx_word' id='word_1_165' title='bbox 625 1285 675 1329; x_wconf 80' lang='grc' dir='ltr'>ἂν</span> <span class='ocrx_word' id='word_1_166' title='bbox 694 1285 997 1342; x_wconf 77' lang='grc' dir='ltr'><strong><em>ἀπαιτούμενοι.</em></strong></span> 
     </span>
    </p>
   </div>
   <div class='ocr_carea' id='block_1_3' title="bbox 102 1459 1578 2832">
    <p class='ocr_par' dir='ltr' id='par_1_6' title="bbox 102 1459 1578 2832">
     <span class='ocr_line' id='line_1_18' title="bbox 110 1459 1576 1507; baseline -0.002 -10"><span class='ocrx_word' id='word_1_167' title='bbox 110 1463 231 1497; x_wconf 82' lang='lat' dir='ltr'>fraena</span> <span class='ocrx_word' id='word_1_168' title='bbox 253 1462 370 1497; x_wconf 85' lang='lat' dir='ltr'>laxans</span> <span class='ocrx_word' id='word_1_169' title='bbox 392 1462 576 1496; x_wconf 80' lang='lat' dir='ltr'>sceleribus</span> <span class='ocrx_word' id='word_1_170' title='bbox 599 1466 633 1496; x_wconf 90' lang='lat' dir='ltr'>et</span> <span class='ocrx_word' id='word_1_171' title='bbox 655 1464 780 1496; x_wconf 90' lang='lat' dir='ltr'>metum</span> <span class='ocrx_word' id='word_1_172' title='bbox 803 1460 952 1496; x_wconf 84' lang='lat' dir='ltr'>adimens</span> <span class='ocrx_word' id='word_1_173' title='bbox 973 1460 1216 1507; x_wconf 81' lang='lat' dir='ltr'>peccantibus3</span> <span class='ocrx_word' id='word_1_174' title='bbox 1255 1459 1346 1494; x_wconf 90' lang='lat' dir='ltr'>unde</span> <span class='ocrx_word' id='word_1_175' title='bbox 1368 1459 1488 1495; x_wconf 86' lang='lat' dir='ltr'>malum</span> <span class='ocrx_word' id='word_1_176' title='bbox 1513 1459 1576 1495; x_wconf 91' lang='lat' dir='ltr'>im-</span> 
     </span>
     <span class='ocr_line' id='line_1_19' title="bbox 110 1507 1577 1553; baseline -0.001 -11"><span class='ocrx_word' id='word_1_177' title='bbox 110 1519 210 1542; x_wconf 86' lang='lat' dir='ltr'>mane</span> <span class='ocrx_word' id='word_1_178' title='bbox 241 1515 402 1553; x_wconf 90' lang='lat' dir='ltr'>quantum</span> <span class='ocrx_word' id='word_1_179' title='bbox 435 1508 553 1553; x_wconf 88' lang='lat' dir='ltr'>ingens</span> <span class='ocrx_word' id='word_1_180' title='bbox 585 1519 648 1542; x_wconf 90' lang='lat' dir='ltr'>nec</span> <span class='ocrx_word' id='word_1_181' title='bbox 678 1508 744 1542; x_wconf 87' lang='lat' dir='ltr'>iam</span> <span class='ocrx_word' id='word_1_182' title='bbox 779 1507 922 1552; x_wconf 82' lang='lat' dir='ltr'>amplius</span> <span class='ocrx_word' id='word_1_183' title='bbox 953 1507 1129 1541; x_wconf 80' lang='lat' dir='ltr'>tolerabile</span> <span class='ocrx_word' id='word_1_184' title='bbox 1162 1516 1342 1551; x_wconf 85' lang='lat' dir='ltr'>oppressos</span> <span class='ocrx_word' id='word_1_185' title='bbox 1373 1507 1417 1540; x_wconf 87' lang='lat' dir='ltr'>ab</span> <span class='ocrx_word' id='word_1_186' title='bbox 1440 1507 1577 1551; x_wconf 84' lang='lat' dir='ltr'>impune</span> 
     </span>
     <span class='ocr_line' id='line_1_20' title="bbox 108 1552 1578 1599; baseline -0.001 -11"><span class='ocrx_word' id='word_1_187' title='bbox 108 1555 343 1599; x_wconf 73' lang='lat' dir='ltr'>grassantibus</span> <span class='ocrx_word' id='word_1_188' title='bbox 371 1555 527 1598; x_wconf 86' lang='lat' dir='ltr'>urgebat.</span> <span class='ocrx_word' id='word_1_189' title='bbox 572 1555 664 1588; x_wconf 90' lang='lat' dir='ltr'>inter</span> <span class='ocrx_word' id='word_1_190' title='bbox 694 1559 791 1588; x_wconf 88' lang='lat' dir='ltr'>tanta</span> <span class='ocrx_word' id='word_1_191' title='bbox 822 1553 1029 1587; x_wconf 88' lang='lat' dir='ltr'>incommoda</span> <span class='ocrx_word' id='word_1_192' title='bbox 1057 1552 1246 1587; x_wconf 89' lang='lat' dir='ltr'>sustinebat</span> <span class='ocrx_word' id='word_1_193' title='bbox 1275 1563 1314 1586; x_wconf 90' lang='lat' dir='ltr'>se</span> <span class='ocrx_word' id='word_1_194' title='bbox 1347 1557 1497 1586; x_wconf 87' lang='lat' dir='ltr'>erectum</span> <span class='ocrx_word' id='word_1_195' title='bbox 1519 1557 1578 1586; x_wconf 85' lang='lat' dir='ltr'>ut-</span> 
     </span>
     <span class='ocr_line' id='line_1_21' title="bbox 110 1597 1575 1645; baseline -0.002 -11"><span class='ocrx_word' id='word_1_196' title='bbox 110 1611 254 1645; x_wconf 79' lang='lat' dir='ltr'><strong>cumque</strong></span> <span class='ocrx_word' id='word_1_197' title='bbox 278 1612 319 1634; x_wconf 88' lang='lat' dir='ltr'>ac</span> <span class='ocrx_word' id='word_1_198' title='bbox 349 1601 470 1635; x_wconf 87' lang='lat' dir='ltr'>stantis</span> <span class='ocrx_word' id='word_1_199' title='bbox 501 1600 621 1635; x_wconf 86' lang='lat' dir='ltr'>saltem</span> <span class='ocrx_word' id='word_1_200' title='bbox 643 1600 788 1644; x_wconf 86' lang='lat' dir='ltr'>speciem</span> <span class='ocrx_word' id='word_1_201' title='bbox 811 1604 985 1634; x_wconf 84' lang='lat' dir='ltr'>ostentans</span> <span class='ocrx_word' id='word_1_202' title='bbox 1014 1609 1137 1643; x_wconf 89' lang='lat' dir='ltr'>corpus</span> <span class='ocrx_word' id='word_1_203' title='bbox 1159 1597 1309 1642; x_wconf 89' lang='lat' dir='ltr'>imperii,</span> <span class='ocrx_word' id='word_1_204' title='bbox 1339 1597 1451 1643; x_wconf 89' lang='lat' dir='ltr'>quoad</span> <span class='ocrx_word' id='word_1_205' title='bbox 1480 1598 1575 1632; x_wconf 91' lang='lat' dir='ltr'>intus</span> 
     </span>
     <span class='ocr_line' id='line_1_22' title="bbox 110 1643 1575 1691; baseline -0.001 -11"><span class='ocrx_word' id='word_1_206' title='bbox 110 1646 143 1680; x_wconf 88' lang='lat' dir='ltr'>ei</span> <span class='ocrx_word' id='word_1_207' title='bbox 175 1647 241 1680; x_wconf 82' lang='lat' dir='ltr'>non</span> <span class='ocrx_word' id='word_1_208' title='bbox 273 1645 380 1680; x_wconf 87' lang='lat' dir='ltr'>defuit</span> <span class='ocrx_word' id='word_1_209' title='bbox 419 1645 518 1691; x_wconf 88' lang='lat' dir='ltr'>quasi</span> <span class='ocrx_word' id='word_1_210' title='bbox 558 1645 732 1690; x_wconf 82' lang='lat' dir='ltr'>sanguinis</span> <span class='ocrx_word' id='word_1_211' title='bbox 772 1645 871 1690; x_wconf 90' lang='lat' dir='ltr'>copia</span> <span class='ocrx_word' id='word_1_212' title='bbox 909 1657 951 1679; x_wconf 87' lang='lat' dir='ltr'>ac</span> <span class='ocrx_word' id='word_1_213' title='bbox 973 1644 1068 1678; x_wconf 90' lang='lat' dir='ltr'>nervi</span> <span class='ocrx_word' id='word_1_214' title='bbox 1112 1643 1206 1678; x_wconf 87' lang='lat' dir='ltr'>velut</span> <span class='ocrx_word' id='word_1_215' title='bbox 1237 1643 1372 1688; x_wconf 85' lang='lat' dir='ltr'>quidam</span> <span class='ocrx_word' id='word_1_216' title='bbox 1407 1644 1575 1689; x_wconf 83' lang='lat' dir='ltr'>pecuniae</span> 
     </span>
     <span class='ocr_line' id='line_1_23' title="bbox 109 1689 1574 1737; baseline -0.003 -11"><span class='ocrx_word' id='word_1_217' title='bbox 109 1692 314 1726; x_wconf 85' lang='lat' dir='ltr'>abundantis</span> <span class='ocrx_word' id='word_1_218' title='bbox 347 1703 408 1737; x_wconf 88' lang='lat' dir='ltr'>per</span> <span class='ocrx_word' id='word_1_219' title='bbox 430 1691 512 1726; x_wconf 83' lang='lat' dir='ltr'>illud</span> <span class='ocrx_word' id='word_1_220' title='bbox 549 1698 787 1734; x_wconf 84' lang='lat' dir='ltr'>commeantes,</span> <span class='ocrx_word' id='word_1_221' title='bbox 812 1691 899 1725; x_wconf 90' lang='lat' dir='ltr'>unde</span> <span class='ocrx_word' id='word_1_222' title='bbox 929 1690 1062 1725; x_wconf 84' lang='lat' dir='ltr'>interim</span> <span class='ocrx_word' id='word_1_223' title='bbox 1084 1690 1310 1734; x_wconf 83' lang='lat' dir='ltr'>vegetabatur</span> <span class='ocrx_word' id='word_1_224' title='bbox 1341 1701 1383 1722; x_wconf 90' lang='lat' dir='ltr'>ac</span> <span class='ocrx_word' id='word_1_225' title='bbox 1406 1689 1574 1732; x_wconf 86' lang='lat' dir='ltr'>ciebatur,</span> 
     </span>
     <span class='ocr_line' id='line_1_24' title="bbox 107 1735 1575 1783; baseline -0.003 -12"><span class='ocrx_word' id='word_1_226' title='bbox 107 1737 200 1772; x_wconf 81' lang='lat' dir='ltr'>haud</span> <span class='ocrx_word' id='word_1_227' title='bbox 223 1743 396 1780; x_wconf 78' lang='lat' dir='ltr'>cessante,</span> <span class='ocrx_word' id='word_1_228' title='bbox 420 1749 483 1783; x_wconf 91' lang='lat' dir='ltr'>pro</span> <span class='ocrx_word' id='word_1_229' title='bbox 507 1749 569 1772; x_wconf 87' lang='lat' dir='ltr'>sua</span> <span class='ocrx_word' id='word_1_230' title='bbox 591 1738 816 1779; x_wconf 80' lang='lat' dir='ltr'>strenuitate,</span> <span class='ocrx_word' id='word_1_231' title='bbox 841 1739 993 1781; x_wconf 80' lang='lat' dir='ltr'>Augusto</span> <span class='ocrx_word' id='word_1_232' title='bbox 1016 1736 1059 1770; x_wconf 83' lang='lat' dir='ltr'>ad</span> <span class='ocrx_word' id='word_1_233' title='bbox 1086 1735 1197 1770; x_wconf 86' lang='lat' dir='ltr'>omnia</span> <span class='ocrx_word' id='word_1_234' title='bbox 1218 1735 1360 1780; x_wconf 85' lang='lat' dir='ltr'>impigre</span> <span class='ocrx_word' id='word_1_235' title='bbox 1382 1746 1575 1771; x_wconf 84' lang='lat' dir='ltr'>occurrere.</span> 
     </span>
     <span class='ocr_line' id='line_1_25' title="bbox 109 1779 1573 1829; baseline -0.002 -13"><span class='ocrx_word' id='word_1_236' title='bbox 109 1784 153 1817; x_wconf 85' lang='lat' dir='ltr'>ad</span> <span class='ocrx_word' id='word_1_237' title='bbox 175 1788 359 1818; x_wconf 85' lang='lat' dir='ltr'>extremum</span> <span class='ocrx_word' id='word_1_238' title='bbox 382 1785 462 1829; x_wconf 89' lang='lat' dir='ltr'>quin</span> <span class='ocrx_word' id='word_1_239' title='bbox 485 1783 604 1826; x_wconf 87' lang='lat' dir='ltr'>etiam,</span> <span class='ocrx_word' id='word_1_240' title='bbox 627 1784 688 1818; x_wconf 93' lang='lat' dir='ltr'>sed</span> <span class='ocrx_word' id='word_1_241' title='bbox 711 1784 776 1818; x_wconf 88' lang='lat' dir='ltr'>iam</span> <span class='ocrx_word' id='word_1_242' title='bbox 799 1795 894 1824; x_wconf 87' lang='lat' dir='ltr'>sero,</span> <span class='ocrx_word' id='word_1_243' title='bbox 919 1782 1028 1817; x_wconf 89' lang='lat' dir='ltr'>auctis</span> <span class='ocrx_word' id='word_1_244' title='bbox 1050 1782 1173 1816; x_wconf 87' lang='lat' dir='ltr'>sensim</span> <span class='ocrx_word' id='word_1_245' title='bbox 1195 1781 1231 1814; x_wconf 90' lang='lat' dir='ltr'>in</span> <span class='ocrx_word' id='word_1_246' title='bbox 1253 1782 1371 1815; x_wconf 88' lang='lat' dir='ltr'>molem</span> <span class='ocrx_word' id='word_1_247' title='bbox 1394 1779 1573 1825; x_wconf 87' lang='lat' dir='ltr'>insupera-</span> 
     </span>
     <span class='ocr_line' id='line_1_26' title="bbox 108 1828 1574 1875; baseline -0.003 -13"><span class='ocrx_word' id='word_1_248' title='bbox 108 1829 208 1863; x_wconf 81' lang='lat' dir='ltr'>bilem</span> <span class='ocrx_word' id='word_1_249' title='bbox 230 1829 349 1872; x_wconf 86' lang='lat' dir='ltr'>malis,</span> <span class='ocrx_word' id='word_1_250' title='bbox 371 1841 543 1875; x_wconf 88' lang='lat' dir='ltr'>opponere</span> <span class='ocrx_word' id='word_1_251' title='bbox 565 1829 661 1863; x_wconf 87' lang='lat' dir='ltr'>nimis</span> <span class='ocrx_word' id='word_1_252' title='bbox 683 1830 739 1863; x_wconf 89' lang='lat' dir='ltr'>diu</span> <span class='ocrx_word' id='word_1_253' title='bbox 764 1830 921 1863; x_wconf 85' lang='lat' dir='ltr'>omissam</span> <span class='ocrx_word' id='word_1_254' title='bbox 944 1828 1160 1862; x_wconf 87' lang='lat' dir='ltr'>severitatem</span> <span class='ocrx_word' id='word_1_255' title='bbox 1183 1832 1236 1860; x_wconf 88' lang='lat' dir='ltr'>est</span> <span class='ocrx_word' id='word_1_256' title='bbox 1258 1832 1420 1865; x_wconf 85' lang='lat' dir='ltr'>conatus,</span> <span class='ocrx_word' id='word_1_257' title='bbox 1449 1830 1485 1858; x_wconf 90' lang='lat' dir='ltr'>et</span> <span class='ocrx_word' id='word_1_258' title='bbox 1507 1835 1574 1870; x_wconf 90' lang='lat' dir='ltr'>pu-</span> 
     </span>
     <span class='ocr_line' id='line_1_27' title="bbox 107 1869 1572 1921; baseline -0.003 -13"><span class='ocrx_word' id='word_1_259' title='bbox 107 1874 196 1908; x_wconf 85' lang='lat' dir='ltr'>blica</span> <span class='ocrx_word' id='word_1_260' title='bbox 218 1874 424 1909; x_wconf 88' lang='lat' dir='ltr'>incommoda</span> <span class='ocrx_word' id='word_1_261' title='bbox 446 1880 647 1921; x_wconf 86' lang='lat' dir='ltr'>retorquere</span> <span class='ocrx_word' id='word_1_262' title='bbox 677 1875 713 1909; x_wconf 91' lang='lat' dir='ltr'>in</span> <span class='ocrx_word' id='word_1_263' title='bbox 743 1875 859 1920; x_wconf 89' lang='lat' dir='ltr'>capita</span> <span class='ocrx_word' id='word_1_264' title='bbox 882 1879 1079 1915; x_wconf 88' lang='lat' dir='ltr'>auctorum,</span> <span class='ocrx_word' id='word_1_265' title='bbox 1109 1873 1239 1906; x_wconf 84' lang='lat' dir='ltr'>meritis</span> <span class='ocrx_word' id='word_1_266' title='bbox 1271 1882 1329 1904; x_wconf 88' lang='lat' dir='ltr'>eos</span> <span class='ocrx_word' id='word_1_267' title='bbox 1362 1869 1572 1905; x_wconf 87' lang='lat' dir='ltr'>subiiciendo</span> 
     </span>
     <span class='ocr_line' id='line_1_28' title="bbox 108 1916 1572 1964; baseline -0.002 -12"><span class='ocrx_word' id='word_1_268' title='bbox 108 1920 304 1964; x_wconf 77' lang='lat' dir='ltr'>suppliciis,</span> <span class='ocrx_word' id='word_1_269' title='bbox 337 1921 497 1955; x_wconf 87' lang='lat' dir='ltr'>tentavit.</span> <span class='ocrx_word' id='word_1_270' title='bbox 542 1922 703 1955; x_wconf 89' lang='lat' dir='ltr'>utebatur</span> <span class='ocrx_word' id='word_1_271' title='bbox 734 1922 777 1955; x_wconf 89' lang='lat' dir='ltr'>ad</span> <span class='ocrx_word' id='word_1_272' title='bbox 802 1922 866 1955; x_wconf 90' lang='lat' dir='ltr'>hoc</span> <span class='ocrx_word' id='word_1_273' title='bbox 888 1932 962 1954; x_wconf 92' lang='lat' dir='ltr'>cum</span> <span class='ocrx_word' id='word_1_274' title='bbox 992 1920 1180 1964; x_wconf 89' lang='lat' dir='ltr'>aliis·quas</span> <span class='ocrx_word' id='word_1_275' title='bbox 1203 1918 1350 1951; x_wconf 87' lang='lat' dir='ltr'>habebat</span> <span class='ocrx_word' id='word_1_276' title='bbox 1371 1916 1416 1950; x_wconf 87' lang='lat' dir='ltr'>ad</span> <span class='ocrx_word' id='word_1_277' title='bbox 1439 1926 1572 1950; x_wconf 86' lang='lat' dir='ltr'>manum</span> 
     </span>
     <span class='ocr_line' id='line_1_29' title="bbox 109 1961 1571 2011; baseline -0.001 -12"><span class='ocrx_word' id='word_1_278' title='bbox 109 1965 236 2010; x_wconf 74' lang='lat' dir='ltr'>copiis,</span> <span class='ocrx_word' id='word_1_279' title='bbox 269 1970 339 1999; x_wconf 90' lang='lat' dir='ltr'>tum</span> <span class='ocrx_word' id='word_1_280' title='bbox 371 1966 555 2011; x_wconf 82' lang='lat' dir='ltr'>praecipue</span> <span class='ocrx_word' id='word_1_281' title='bbox 579 1967 719 2001; x_wconf 87' lang='lat' dir='ltr'>Cretica</span> <span class='ocrx_word' id='word_1_282' title='bbox 748 1967 865 2001; x_wconf 87' lang='lat' dir='ltr'>militia</span> <span class='ocrx_word' id='word_1_283' title='bbox 887 1965 1118 2010; x_wconf 84' lang='lat' dir='ltr'>praesidiariis</span> <span class='ocrx_word' id='word_1_284' title='bbox 1139 1962 1389 2008; x_wconf 87' lang='lat' dir='ltr'>provinciarum</span> <span class='ocrx_word' id='word_1_285' title='bbox 1411 1961 1571 1997; x_wconf 82' lang='lat' dir='ltr'>admixta.</span> 
     </span>
     <span class='ocr_line' id='line_1_30' title="bbox 107 2007 1571 2055; baseline -0.001 -11"><span class='ocrx_word' id='word_1_286' title='bbox 107 2021 185 2044; x_wconf 85' lang='lat' dir='ltr'>nam</span> <span class='ocrx_word' id='word_1_287' title='bbox 209 2011 332 2044; x_wconf 86' lang='lat' dir='ltr'>multos</span> <span class='ocrx_word' id='word_1_288' title='bbox 352 2023 372 2044; x_wconf 85' lang='lat' dir='ltr'>e</span> <span class='ocrx_word' id='word_1_289' title='bbox 395 2013 502 2045; x_wconf 87' lang='lat' dir='ltr'>Creta</span> <span class='ocrx_word' id='word_1_290' title='bbox 524 2012 631 2046; x_wconf 88' lang='lat' dir='ltr'>insula</span> <span class='ocrx_word' id='word_1_291' title='bbox 645 2037 655 2055; x_wconf 95' lang='lat'>,</span> <span class='ocrx_word' id='word_1_292' title='bbox 687 2013 818 2046; x_wconf 86' lang='lat' dir='ltr'>servire</span> <span class='ocrx_word' id='word_1_293' title='bbox 839 2011 973 2045; x_wconf 88' lang='lat' dir='ltr'>Latinis</span> <span class='ocrx_word' id='word_1_294' title='bbox 1007 2011 1075 2043; x_wconf 89' lang='lat' dir='ltr'>illic</span> <span class='ocrx_word' id='word_1_295' title='bbox 1095 2010 1162 2042; x_wconf 89' lang='lat' dir='ltr'>iam</span> <span class='ocrx_word' id='word_1_296' title='bbox 1185 2007 1446 2041; x_wconf 80' lang='lat' dir='ltr'>ineluctabiliter</span> <span class='ocrx_word' id='word_1_297' title='bbox 1468 2018 1571 2052; x_wconf 75' lang='lat' dir='ltr'>prae—</span> 
     </span>
     <span class='ocr_line' id='line_1_31' title="bbox 105 2052 1570 2102; baseline -0.002 -13"><span class='ocrx_word' id='word_1_298' title='bbox 105 2056 300 2090; x_wconf 77' lang='lat' dir='ltr'>valentibus</span> <span class='ocrx_word' id='word_1_299' title='bbox 322 2067 388 2089; x_wconf 91' lang='lat' dir='ltr'>non</span> <span class='ocrx_word' id='word_1_300' title='bbox 410 2057 626 2100; x_wconf 81' lang='lat' dir='ltr'>sustinentes,</span> <span class='ocrx_word' id='word_1_301' title='bbox 647 2058 832 2102; x_wconf 86' lang='lat' dir='ltr'>imperator</span> <span class='ocrx_word' id='word_1_302' title='bbox 850 2057 885 2091; x_wconf 91' lang='lat' dir='ltr'>in</span> <span class='ocrx_word' id='word_1_303' title='bbox 907 2060 1038 2090; x_wconf 85' lang='lat' dir='ltr'>tractus</span> <span class='ocrx_word' id='word_1_304' title='bbox 1062 2054 1256 2088; x_wconf 83' lang='lat' dir='ltr'>Orientales</span> <span class='ocrx_word' id='word_1_305' title='bbox 1277 2052 1440 2087; x_wconf 89' lang='lat' dir='ltr'>invitatos</span> <span class='ocrx_word' id='word_1_306' title='bbox 1461 2053 1496 2086; x_wconf 88' lang='lat' dir='ltr'>in</span> <span class='ocrx_word' id='word_1_307' title='bbox 1516 2053 1570 2086; x_wconf 90' lang='grc' dir='ltr'>Ιο-</span> 
     </span>
     <span class='ocr_line' id='line_1_32' title="bbox 107 2098 1570 2147; baseline -0.003 -11"><span class='ocrx_word' id='word_1_308' title='bbox 107 2101 160 2136; x_wconf 85' lang='lat' dir='ltr'>cis</span> <span class='ocrx_word' id='word_1_309' title='bbox 182 2112 266 2135; x_wconf 78' lang='lat' dir='ltr'>suae</span> <span class='ocrx_word' id='word_1_310' title='bbox 289 2101 429 2135; x_wconf 86' lang='lat' dir='ltr'>ditionis</span> <span class='ocrx_word' id='word_1_311' title='bbox 451 2102 687 2144; x_wconf 84' lang='lat' dir='ltr'>collocaverat,</span> <span class='ocrx_word' id='word_1_312' title='bbox 710 2103 954 2147; x_wconf 89' lang='lat' dir='ltr'>pensionesque</span> <span class='ocrx_word' id='word_1_313' title='bbox 974 2101 1016 2134; x_wconf 87' lang='lat' dir='ltr'>iis</span> <span class='ocrx_word' id='word_1_314' title='bbox 1040 2101 1239 2133; x_wconf 85' lang='lat' dir='ltr'>decreverat</span> <span class='ocrx_word' id='word_1_315' title='bbox 1261 2109 1409 2141; x_wconf 87' lang='lat' dir='ltr'>annuas,</span> <span class='ocrx_word' id='word_1_316' title='bbox 1436 2098 1506 2132; x_wconf 85' lang='lat' dir='ltr'>fida</span> <span class='ocrx_word' id='word_1_317' title='bbox 1528 2098 1570 2132; x_wconf 85' lang='lat' dir='ltr'>il-</span> 
     </span>
     <span class='ocr_line' id='line_1_33' title="bbox 106 2144 1569 2192; baseline -0.003 -10"><span class='ocrx_word' id='word_1_318' title='bbox 106 2147 216 2182; x_wconf 84' lang='lat' dir='ltr'>lorum</span> <span class='ocrx_word' id='word_1_319' title='bbox 239 2150 337 2180; x_wconf 84' lang='lat' dir='ltr'>utens</span> <span class='ocrx_word' id='word_1_320' title='bbox 361 2147 395 2181; x_wconf 92' lang='lat' dir='ltr'>in</span> <span class='ocrx_word' id='word_1_321' title='bbox 418 2147 514 2181; x_wconf 84' lang='lat' dir='ltr'>bellis</span> <span class='ocrx_word' id='word_1_322' title='bbox 537 2159 652 2192; x_wconf 88' lang='lat' dir='ltr'>opera.</span> <span class='ocrx_word' id='word_1_323' title='bbox 698 2159 815 2182; x_wconf 89' lang='lat' dir='ltr'>verum</span> <span class='ocrx_word' id='word_1_324' title='bbox 837 2153 877 2181; x_wconf 91' lang='lat' dir='ltr'>ut</span> <span class='ocrx_word' id='word_1_325' title='bbox 898 2148 982 2180; x_wconf 88' lang='lat' dir='ltr'>haec</span> <span class='ocrx_word' id='word_1_326' title='bbox 1002 2146 1069 2179; x_wconf 88' lang='lat' dir='ltr'>illis</span> <span class='ocrx_word' id='word_1_327' title='bbox 1092 2144 1260 2190; x_wconf 84' lang='lat' dir='ltr'>stipendia</span> <span class='ocrx_word' id='word_1_328' title='bbox 1283 2155 1428 2178; x_wconf 86' lang='lat' dir='ltr'>summas</span> <span class='ocrx_word' id='word_1_329' title='bbox 1448 2144 1484 2178; x_wconf 87' lang='lat' dir='ltr'>in</span> <span class='ocrx_word' id='word_1_330' title='bbox 1506 2144 1569 2178; x_wconf 88' lang='lat' dir='ltr'>im-</span> 
     </span>
     <span class='ocr_line' id='line_1_34' title="bbox 105 2189 1569 2236; baseline -0.001 -10"><span class='ocrx_word' id='word_1_331' title='bbox 105 2203 222 2227; x_wconf 85' lang='lat' dir='ltr'>manes</span> <span class='ocrx_word' id='word_1_332' title='bbox 241 2193 474 2227; x_wconf 82' lang='lat' dir='ltr'>excrescentia</span> <span class='ocrx_word' id='word_1_333' title='bbox 496 2194 753 2236; x_wconf 83' lang='lat' dir='ltr'>conficerentur,</span> <span class='ocrx_word' id='word_1_334' title='bbox 770 2191 1036 2226; x_wconf 86' lang='lat' dir='ltr'>contributiones</span> <span class='ocrx_word' id='word_1_335' title='bbox 1050 2195 1126 2225; x_wconf 85' lang='lat' dir='ltr'>erat</span> <span class='ocrx_word' id='word_1_336' title='bbox 1140 2201 1281 2224; x_wconf 87' lang='lat' dir='ltr'>necesse</span> <span class='ocrx_word' id='word_1_337' title='bbox 1302 2189 1449 2224; x_wconf 85' lang='lat' dir='ltr'>subditis</span> <span class='ocrx_word' id='word_1_338' title='bbox 1471 2201 1569 2224; x_wconf 82' lang='lat' dir='ltr'>aecr-</span> 
     </span>
     <span class='ocr_line' id='line_1_35' title="bbox 106 2236 1569 2284; baseline -0.002 -12"><span class='ocrx_word' id='word_1_339' title='bbox 106 2238 262 2273; x_wconf 88' lang='lat' dir='ltr'>bissimas</span> <span class='ocrx_word' id='word_1_340' title='bbox 284 2239 458 2279; x_wconf 78' lang='lat' dir='ltr'>indicere3</span> <span class='ocrx_word' id='word_1_341' title='bbox 491 2239 550 2284; x_wconf 89' lang='lat' dir='ltr'>qui</span> <span class='ocrx_word' id='word_1_342' title='bbox 571 2239 787 2284; x_wconf 88' lang='lat' dir='ltr'>quantumvis</span> <span class='ocrx_word' id='word_1_343' title='bbox 810 2249 876 2272; x_wconf 88' lang='lat' dir='ltr'>non</span> <span class='ocrx_word' id='word_1_344' title='bbox 905 2237 993 2271; x_wconf 83' lang='lat' dir='ltr'>falso</span> <span class='ocrx_word' id='word_1_345' title='bbox 1013 2240 1237 2281; x_wconf 83' lang='lat' dir='ltr'>quererentur</span> <span class='ocrx_word' id='word_1_346' title='bbox 1260 2236 1303 2270; x_wconf 83' lang='lat' dir='ltr'>de</span> <span class='ocrx_word' id='word_1_347' title='bbox 1325 2236 1488 2281; x_wconf 85' lang='lat' dir='ltr'>pecuniae</span> <span class='ocrx_word' id='word_1_348' title='bbox 1509 2246 1569 2270; x_wconf 82' lang='lat' dir='ltr'>ra-</span> 
     </span>
     <span class='ocr_line' id='line_1_36' title="bbox 105 2281 1568 2330; baseline -0.002 -12"><span class='ocrx_word' id='word_1_349' title='bbox 105 2283 210 2318; x_wconf 82' lang='lat' dir='ltr'>ritate</span> <span class='ocrx_word' id='word_1_350' title='bbox 232 2284 267 2318; x_wconf 90' lang='lat' dir='ltr'>in</span> <span class='ocrx_word' id='word_1_351' title='bbox 287 2285 331 2318; x_wconf 90' lang='lat' dir='ltr'>iis</span> <span class='ocrx_word' id='word_1_352' title='bbox 353 2285 507 2330; x_wconf 85' lang='lat' dir='ltr'>partibus</span> <span class='ocrx_word' id='word_1_353' title='bbox 537 2284 661 2318; x_wconf 84' lang='lat' dir='ltr'>dudum</span> <span class='ocrx_word' id='word_1_354' title='bbox 694 2295 756 2329; x_wconf 90' lang='lat' dir='ltr'>per</span> <span class='ocrx_word' id='word_1_355' title='bbox 777 2283 990 2328; x_wconf 81' lang='lat' dir='ltr'>erogationes</span> <span class='ocrx_word' id='word_1_356' title='bbox 1019 2282 1211 2316; x_wconf 84' lang='lat' dir='ltr'>immodicas</span> <span class='ocrx_word' id='word_1_357' title='bbox 1230 2281 1423 2324; x_wconf 81' lang='lat' dir='ltr'>exhaustis,</span> <span class='ocrx_word' id='word_1_358' title='bbox 1453 2286 1568 2316; x_wconf 88' lang='lat' dir='ltr'>tamen</span> 
     </span>
     <span class='ocr_line' id='line_1_37' title="bbox 105 2327 1568 2376; baseline -0.003 -12"><span class='ocrx_word' id='word_1_359' title='bbox 105 2330 198 2376; x_wconf 84' lang='lat' dir='ltr'>quod</span> <span class='ocrx_word' id='word_1_360' title='bbox 220 2330 343 2364; x_wconf 90' lang='lat' dir='ltr'>nullam</span> <span class='ocrx_word' id='word_1_361' title='bbox 366 2330 615 2365; x_wconf 81' lang='lat' dir='ltr'>excusationem</span> <span class='ocrx_word' id='word_1_362' title='bbox 637 2330 824 2364; x_wconf 77' lang='lat' dir='ltr'>necessitas</span> <span class='ocrx_word' id='word_1_363' title='bbox 845 2329 1049 2368; x_wconf 80' lang='lat' dir='ltr'>admitteret,</span> <span class='ocrx_word' id='word_1_364' title='bbox 1061 2327 1269 2361; x_wconf 85' lang='lat' dir='ltr'>nihilominus</span> <span class='ocrx_word' id='word_1_365' title='bbox 1291 2328 1439 2373; x_wconf 80' lang='lat' dir='ltr'>pendere</span> <span class='ocrx_word' id='word_1_366' title='bbox 1460 2339 1568 2374; x_wconf 90' lang='lat' dir='ltr'>quan-</span> 
     </span>
     <span class='ocr_line' id='line_1_38' title="bbox 105 2372 1570 2421; baseline -0.003 -11"><span class='ocrx_word' id='word_1_367' title='bbox 105 2379 176 2409; x_wconf 66' lang='grc' dir='ltr'><strong><em>ωσι</em></strong></span> <span class='ocrx_word' id='word_1_368' title='bbox 199 2375 398 2420; x_wconf 86' lang='lat' dir='ltr'>exigebatur</span> <span class='ocrx_word' id='word_1_369' title='bbox 420 2377 638 2421; x_wconf 85' lang='lat' dir='ltr'>cogebantur.</span> <span class='ocrx_word' id='word_1_370' title='bbox 683 2375 838 2410; x_wconf 86' lang='lat' dir='ltr'>instituta</span> <span class='ocrx_word' id='word_1_371' title='bbox 859 2374 955 2420; x_wconf 88' lang='lat' dir='ltr'>prius</span> <span class='ocrx_word' id='word_1_372' title='bbox 975 2375 1100 2415; x_wconf 72' lang='lat' dir='ltr'>fixerat,</span> <span class='ocrx_word' id='word_1_373' title='bbox 1122 2378 1163 2407; x_wconf 86' lang='lat' dir='ltr'>ut</span> <span class='ocrx_word' id='word_1_374' title='bbox 1182 2373 1336 2415; x_wconf 80' lang='lat' dir='ltr'>diximus,</span> <span class='ocrx_word' id='word_1_375' title='bbox 1349 2373 1484 2407; x_wconf 78' lang='lat' dir='ltr'>collatio</span> <span class='ocrx_word' id='word_1_376' title='bbox 1506 2372 1570 2407; x_wconf 80' lang='lat' dir='ltr'>de-</span> 
     </span>
     <span class='ocr_line' id='line_1_39' title="bbox 106 2418 1566 2467; baseline -0.003 -11"><span class='ocrx_word' id='word_1_377' title='bbox 106 2421 266 2456; x_wconf 81' lang='lat' dir='ltr'>cimarum</span> <span class='ocrx_word' id='word_1_378' title='bbox 289 2434 308 2456; x_wconf 89' lang='lat' dir='ltr'>e</span> <span class='ocrx_word' id='word_1_379' title='bbox 331 2422 566 2467; x_wconf 81' lang='lat' dir='ltr'>pensionibus,</span> <span class='ocrx_word' id='word_1_380' title='bbox 591 2433 675 2467; x_wconf 84' lang='lat' dir='ltr'>quas</span> <span class='ocrx_word' id='word_1_381' title='bbox 698 2421 843 2467; x_wconf 83' lang='lat' dir='ltr'>quisque</span> <span class='ocrx_word' id='word_1_382' title='bbox 864 2420 1034 2466; x_wconf 79' lang='lat' dir='ltr'>stipendia</span> <span class='ocrx_word' id='word_1_383' title='bbox 1055 2419 1250 2454; x_wconf 84' lang='lat' dir='ltr'>merentium</span> <span class='ocrx_word' id='word_1_384' title='bbox 1272 2424 1332 2453; x_wconf 85' lang='lat' dir='ltr'>aut</span> <span class='ocrx_word' id='word_1_385' title='bbox 1351 2418 1394 2453; x_wconf 88' lang='lat' dir='ltr'>iis</span> <span class='ocrx_word' id='word_1_386' title='bbox 1415 2418 1566 2464; x_wconf 81' lang='lat' dir='ltr'>legitimo</span> 
     </span>
     <span class='ocr_line' id='line_1_40' title="bbox 105 2465 1566 2514; baseline -0.003 -14"><span class='ocrx_word' id='word_1_387' title='bbox 105 2470 258 2513; x_wconf 85' lang='lat' dir='ltr'>tempore</span> <span class='ocrx_word' id='word_1_388' title='bbox 286 2468 389 2502; x_wconf 80' lang='lat' dir='ltr'>factis</span> <span class='ocrx_word' id='word_1_389' title='bbox 420 2468 632 2502; x_wconf 88' lang='lat' dir='ltr'>emeritorum</span> <span class='ocrx_word' id='word_1_390' title='bbox 662 2468 839 2514; x_wconf 82' lang='lat' dir='ltr'>percipere</span> <span class='ocrx_word' id='word_1_391' title='bbox 869 2477 997 2500; x_wconf 89' lang='lat' dir='ltr'>annuas</span> <span class='ocrx_word' id='word_1_392' title='bbox 1027 2478 1047 2500; x_wconf 88' lang='lat' dir='ltr'>e</span> <span class='ocrx_word' id='word_1_393' title='bbox 1069 2465 1204 2510; x_wconf 73' lang='lat' dir='ltr'>publico</span> <span class='ocrx_word' id='word_1_394' title='bbox 1225 2465 1360 2500; x_wconf 83' lang='lat' dir='ltr'>soleret.</span> <span class='ocrx_word' id='word_1_395' title='bbox 1406 2466 1467 2499; x_wconf 87' lang='lat' dir='ltr'>sed</span> <span class='ocrx_word' id='word_1_396' title='bbox 1490 2475 1566 2497; x_wconf 90' lang='lat' dir='ltr'>cum</span> 
     </span>
     <span class='ocr_line' id='line_1_41' title="bbox 104 2510 1565 2557; baseline -0.002 -11"><span class='ocrx_word' id='word_1_397' title='bbox 104 2512 171 2546; x_wconf 84' lang='lat' dir='ltr'>iam</span> <span class='ocrx_word' id='word_1_398' title='bbox 193 2513 292 2557; x_wconf 83' lang='lat' dir='ltr'>longo</span> <span class='ocrx_word' id='word_1_399' title='bbox 315 2514 438 2548; x_wconf 83' lang='lat' dir='ltr'>haustu</span> <span class='ocrx_word' id='word_1_400' title='bbox 461 2513 641 2548; x_wconf 86' lang='lat' dir='ltr'>exinanitis</span> <span class='ocrx_word' id='word_1_401' title='bbox 663 2519 699 2548; x_wconf 86' lang='lat' dir='ltr'>et</span> <span class='ocrx_word' id='word_1_402' title='bbox 721 2513 892 2548; x_wconf 73' lang='lat' dir='ltr'>enervatis</span> <span class='ocrx_word' id='word_1_403' title='bbox 914 2511 1055 2556; x_wconf 84' lang='lat' dir='ltr'>exprimi</span> <span class='ocrx_word' id='word_1_404' title='bbox 1078 2511 1166 2556; x_wconf 86' lang='lat' dir='ltr'>quod</span> <span class='ocrx_word' id='word_1_405' title='bbox 1189 2521 1274 2557; x_wconf 89' lang='lat' dir='ltr'>opus</span> <span class='ocrx_word' id='word_1_406' title='bbox 1297 2514 1373 2545; x_wconf 87' lang='lat' dir='ltr'>erat</span> <span class='ocrx_word' id='word_1_407' title='bbox 1396 2510 1565 2556; x_wconf 85' lang='lat' dir='ltr'>nequiret,</span> 
     </span>
     <span class='ocr_line' id='line_1_42' title="bbox 105 2553 1565 2605; baseline -0.003 -14"><span class='ocrx_word' id='word_1_408' title='bbox 105 2557 149 2591; x_wconf 80' lang='lat' dir='ltr'>ad</span> <span class='ocrx_word' id='word_1_409' title='bbox 172 2563 288 2602; x_wconf 85' lang='lat' dir='ltr'>patres</span> <span class='ocrx_word' id='word_1_410' title='bbox 310 2559 452 2593; x_wconf 88' lang='lat' dir='ltr'>familias</span> <span class='ocrx_word' id='word_1_411' title='bbox 475 2565 510 2594; x_wconf 91' lang='lat' dir='ltr'>et</span> <span class='ocrx_word' id='word_1_412' title='bbox 533 2559 672 2605; x_wconf 84' lang='lat' dir='ltr'>quosvis</span> <span class='ocrx_word' id='word_1_413' title='bbox 696 2559 851 2604; x_wconf 87' lang='lat' dir='ltr'>privatae</span> <span class='ocrx_word' id='word_1_414' title='bbox 875 2558 926 2592; x_wconf 86' lang='lat' dir='ltr'>rei</span> <span class='ocrx_word' id='word_1_415' title='bbox 948 2557 1098 2591; x_wconf 82' lang='lat' dir='ltr'>dominos</span> <span class='ocrx_word' id='word_1_416' title='bbox 1123 2566 1206 2592; x_wconf 86' lang='lat' dir='ltr'>onus</span> <span class='ocrx_word' id='word_1_417' title='bbox 1228 2557 1484 2591; x_wconf 80' lang='lat' dir='ltr'>devolvebatur.</span> <span class='ocrx_word' id='word_1_418' title='bbox 1530 2553 1565 2587; x_wconf 90' lang='lat' dir='ltr'>hi</span> 
     </span>
     <span class='ocr_line' id='line_1_43' title="bbox 105 2599 1566 2650; baseline -0.003 -14"><span class='ocrx_word' id='word_1_419' title='bbox 105 2603 219 2637; x_wconf 88' lang='lat' dir='ltr'>miseri</span> <span class='ocrx_word' id='word_1_420' title='bbox 248 2614 350 2649; x_wconf 84' lang='lat' dir='ltr'>supra</span> <span class='ocrx_word' id='word_1_421' title='bbox 382 2605 514 2639; x_wconf 87' lang='lat' dir='ltr'>modum</span> <span class='ocrx_word' id='word_1_422' title='bbox 545 2606 788 2650; x_wconf 79' lang='lat' dir='ltr'>gravabantur.</span> <span class='ocrx_word' id='word_1_423' title='bbox 833 2603 1030 2638; x_wconf 87' lang='lat' dir='ltr'>nesciebant</span> <span class='ocrx_word' id='word_1_424' title='bbox 1059 2607 1172 2637; x_wconf 83' lang='lat' dir='ltr'>autem</span> <span class='ocrx_word' id='word_1_425' title='bbox 1193 2603 1340 2637; x_wconf 78' lang='lat' dir='ltr'>futurum</span> <span class='ocrx_word' id='word_1_426' title='bbox 1363 2607 1402 2636; x_wconf 87' lang='lat' dir='ltr'>ut</span> <span class='ocrx_word' id='word_1_427' title='bbox 1429 2599 1566 2634; x_wconf 86' lang='lat' dir='ltr'>tandem</span> 
     </span>
     <span class='ocr_line' id='line_1_44' title="bbox 102 2644 1567 2695; baseline -0.002 -14"><span class='ocrx_word' id='word_1_428' title='bbox 102 2648 256 2683; x_wconf 76' lang='lat' dir='ltr'>funditus</span> <span class='ocrx_word' id='word_1_429' title='bbox 281 2650 554 2695; x_wconf 85' lang='lat' dir='ltr'>opprimerentur</span> <span class='ocrx_word' id='word_1_430' title='bbox 585 2651 824 2695; x_wconf 80' lang='lat' dir='ltr'>exaggeranda</span> <span class='ocrx_word' id='word_1_431' title='bbox 846 2648 1016 2683; x_wconf 88' lang='lat' dir='ltr'>continuis</span> <span class='ocrx_word' id='word_1_432' title='bbox 1038 2649 1192 2683; x_wconf 75' lang='lat' dir='ltr'>auctibus</span> <span class='ocrx_word' id='word_1_433' title='bbox 1213 2649 1299 2683; x_wconf 87' lang='lat' dir='ltr'>mole</span> <span class='ocrx_word' id='word_1_434' title='bbox 1320 2646 1494 2694; x_wconf 85' lang='lat' dir='ltr'>ponderis.</span> <span class='ocrx_word' id='word_1_435' title='bbox 1535 2644 1567 2679; x_wconf 90' lang='lat' dir='ltr'>si</span> 
     </span>
     <span class='ocr_line' id='line_1_45' title="bbox 106 2693 1566 2742; baseline -0.001 -16"><span class='ocrx_word' id='word_1_436' title='bbox 106 2693 195 2727; x_wconf 84' lang='lat' dir='ltr'>enim</span> <span class='ocrx_word' id='word_1_437' title='bbox 217 2694 308 2728; x_wconf 82' lang='lat' dir='ltr'>istud</span> <span class='ocrx_word' id='word_1_438' title='bbox 332 2695 596 2741; x_wconf 83' lang='lat' dir='ltr'>praevidissent,</span> <span class='ocrx_word' id='word_1_439' title='bbox 615 2697 734 2742; x_wconf 86' lang='lat' dir='ltr'>utique</span> <span class='ocrx_word' id='word_1_440' title='bbox 758 2694 999 2741; x_wconf 85' lang='lat' dir='ltr'>praestabilius</span> <span class='ocrx_word' id='word_1_441' title='bbox 1020 2694 1194 2729; x_wconf 83' lang='lat' dir='ltr'>duxissent</span> <span class='ocrx_word' id='word_1_442' title='bbox 1215 2694 1353 2728; x_wconf 84' lang='lat' dir='ltr'>fundum</span> <span class='ocrx_word' id='word_1_443' title='bbox 1375 2693 1566 2736; x_wconf 79' lang='lat' dir='ltr'>victumque</span> 
     </span>
     <span class='ocr_line' id='line_1_46' title="bbox 105 2737 1566 2787; baseline -0.001 -16"><span class='ocrx_word' id='word_1_444' title='bbox 105 2738 210 2772; x_wconf 85' lang='lat' dir='ltr'>semel</span> <span class='ocrx_word' id='word_1_445' title='bbox 229 2743 336 2774; x_wconf 87' lang='lat' dir='ltr'>totum</span> <span class='ocrx_word' id='word_1_446' title='bbox 359 2742 547 2776; x_wconf 77' lang='lat' dir='ltr'>condonare</span> <span class='ocrx_word' id='word_1_447' title='bbox 569 2742 786 2787; x_wconf 88' lang='lat' dir='ltr'>poscentibus</span> <span class='ocrx_word' id='word_1_448' title='bbox 808 2751 908 2786; x_wconf 89' lang='lat' dir='ltr'>quam</span> <span class='ocrx_word' id='word_1_449' title='bbox 931 2739 1078 2774; x_wconf 85' lang='lat' dir='ltr'>assiduis</span> <span class='ocrx_word' id='word_1_450' title='bbox 1093 2740 1345 2776; x_wconf 67' lang='lat' dir='ltr'>assuetionibus</span> <span class='ocrx_word' id='word_1_451' title='bbox 1361 2737 1456 2783; x_wconf 87' lang='lat' dir='ltr'>carpi</span> <span class='ocrx_word' id='word_1_452' title='bbox 1478 2746 1566 2782; x_wconf 82' lang='lat' dir='ltr'>pau-</span> 
     </span>
     <span class='ocr_line' id='line_1_47' title="bbox 103 2784 1409 2832; baseline 0.003 -14"><span class='ocrx_word' id='word_1_453' title='bbox 103 2784 199 2819; x_wconf 80' lang='lat' dir='ltr'>latim</span> <span class='ocrx_word' id='word_1_454' title='bbox 221 2785 415 2831; x_wconf 84' lang='lat' dir='ltr'>absumique</span> <span class='ocrx_word' id='word_1_455' title='bbox 436 2798 544 2832; x_wconf 87' lang='lat' dir='ltr'>usque</span> <span class='ocrx_word' id='word_1_456' title='bbox 565 2787 609 2822; x_wconf 84' lang='lat' dir='ltr'>ad</span> <span class='ocrx_word' id='word_1_457' title='bbox 632 2787 765 2822; x_wconf 82' lang='lat' dir='ltr'>letalem</span> <span class='ocrx_word' id='word_1_458' title='bbox 787 2786 1084 2822; x_wconf 78' lang='lat' dir='ltr'>extabescentiam.</span> <span class='ocrx_word' id='word_1_459' title='bbox 1404 2786 1409 2789; x_wconf 81' lang='grc'><strong>’</strong></span> 
     </span>
    </p>
   </div>
   <div class='ocr_carea' id='block_1_4' title="bbox 163 2834 1287 2883">
    <p class='ocr_par' dir='ltr' id='par_1_7' title="bbox 163 2834 1287 2883">
     <span class='ocr_line' id='line_1_48' title="bbox 163 2834 1287 2883; baseline 0.003 -13"><span class='ocrx_word' id='word_1_460' title='bbox 163 2837 339 2883; x_wconf 81' lang='lat' dir='ltr'>Georgius</span> <span class='ocrx_word' id='word_1_461' title='bbox 368 2839 590 2883; x_wconf 77' lang='lat' dir='ltr'>Pachymeres</span> <span class='ocrx_word' id='word_1_462' title='bbox 617 2840 669 2873; x_wconf 87' lang='lat'>11.</span> <span class='ocrx_word' id='word_1_463' title='bbox 1234 2834 1287 2875; x_wconf 85' lang='lat'>14</span> 
     </span>
    </p>
   </div>
  </div>
 </body>
</html>
