1858 3126
288 149 386 198 884

287 257 446 302 Gregorii
461 257 582 303 Cyprii
606 257 820 293 subscribere
833 269 994 293 recusan-

288 310 341 339 tes
357 304 540 337 multantur
565 303 613 346 ΙΙ,
642 306 720 345 111,
741 305 782 338 12
797 316 870 349 sqq.
902 306 994 338 Gre-

286 350 416 394 gorium
431 349 619 383 accusaturi
632 349 666 382 in
681 350 804 383 iudicio
815 351 936 384 adsunt
948 351 995 392 ΙΙ,

291 396 440 438 124,17.
488 395 655 428 donantur
678 395 776 428 abeo
803 396 943 439 11‚133,
963 398 995 431 1.

288 444 455 475 vexantur
474 451 495 473 a
514 441 607 474 Saba
622 441 784 474 monacho
802 442 846 484 ΙΙ,
868 442 944 480 163.
961 443 997 476 2.

287 487 331 520 ab
348 486 537 520 Andronico
554 487 596 526 ΙΙ,
615 486 692 529 165,
711 485 745 521 4.
785 499 851 532 opp
830 487 939 532 pressi
953 488 996 520 ab

286 532 469 566 Athanasio
494 532 680 585 patriarcha
703 532 748 575 ΙΙ,
773 534 849 574 642,
875 532 996 567 6.1it-

287 583 380 612 teras
398 578 442 610 ad
458 589 533 611 eum
548 578 683 612 mittunt
696 578 743 619 11,
761 579 839 620 643,
855 579 889 612 9.

333 623 600 657 Coccimonachi
626 623 748 665 I,489,
767 624 823 658 16.

334 669 484 703 Colonen
498 681 519 702 a
541 669 667 702 Ioanne
690 669 834 714 despota
851 671 953 714 capta
966 669 996 713 Ι,

334 760 470 804 Colyba
493 770 579 804 quae
594 759 661 793 sint
675 759 703 804 Ι,
720 759 799 794 574.

334 810 466 840 cometa
489 805 569 838 anni
596 806 684 839 1264
706 805 733 849 Ι,
751 806 829 840 647.
860 816 892 840 a.
911 805 999 841 1664

286 853 316 895 Ι,
333 853 411 886 648.
428 862 458 884 a.
479 851 564 885 1695
593 851 619 889 Ι
638 851 715 885 649.
756 857 887 884 cometa
898 851 999 897 Cpoli

287 907 454 950 apparens
472 896 670 930 describitur
685 896 732 938 ΙΙ,
747 896 825 930 304.
842 898 875 932 3.

333 942 449 976 concio
475 942 664 975 Muzalonis
692 942 943 987 protovestiarii
968 943 998 984 Ι,

288 989 346 1031 41,
364 988 418 1022 15.
464 987 639 1020 Michaelis
662 987 813 1021 Palaeol.
844 988 872 1030 1,
887 988 944 1030 49,
963 990 997 1023 7.

289 1033 433 1068 eiusdem
449 1033 492 1066 de
509 1033 599 1066 urbis
585 1033 864 1077 expugnatione
878 1035 905 1076 Ι,
921 1035 999 1076 153,

287 1082 323 1114 9.
348 1079 390 1112 ad
407 1079 563 1123 populum
580 1079 620 1111 de
635 1079 855 1112 schismaticis
871 1079 900 1123 Ι,
917 1080 995 1124 273,

291 1125 345 1161 14.
376 1127 420 1158 ad
436 1124 724 1165 ecclesiasticosl,
740 1125 819 1167 457,
835 1126 879 1158 4.·

333 1170 517 1205 coniuratio
541 1176 658 1204 contra
680 1170 915 1214 imperatorem
937 1169 1004 1204 de·-

287 1219 383 1251 tecta
398 1221 434 1249 et
447 1216 606 1261 punital,
621 1215 699 1257 284,
719 1217 773 1249 16.

336 1261 646 1306 Constantinopolis
664 1261 795 1305 capitur
818 1271 837 1293 a
854 1260 999 1294 Graecis

288 1309 319 1350 Ι,
338 1308 414 1349 140,
437 1308 471 1342 6.
519 1308 562 1340 ab
578 1307 782 1351 imperatore
804 1307 948 1340 intratur
970 1309 998 1349 1,

292 1333 370 1395 1’‚59
387 1333 441 1387 1⁹6.
487 1353 660 1386 ordinatur
686 1353 712 1394 Ι,
730 1353 807 1393 163,
827 1354 879 1386 18.
926 1363 998 1386 mu-

288 1399 380 1431 nitur
408 1398 815 1441 I,186,11.quaudo
831 1409 852 1430 a
868 1398 998 1432 Latinis

290 1448 392 1488 capta
416 1444 445 1486 Ι,
462 1445 539 1478 694.
586 1443 720 1488 quando
741 1455 761 1477 a
780 1444 926 1478 Graecis
942 1455 998 1477 re—

290 1494 451 1533 cuperata
467 1489 512 1521 sit
528 1489 556 1529 Ι,
573 1491 651 1524 722.

335 1534 727 1578 Constantinopolitanus
749 1534 998 1579 patriarchatus

290 1579 407 1612 ordine
423 1584 559 1622 quartus
575 1580 780 1614 ambitione‘
770 1591 805 1613 ιιι
820 1581 998 1614 secundum

287 1624 500 1670 promotusl,
524 1625 603 1658 661.

335 1669 575 1703 Constantinus
613 1669 722 1703 dictus
751 1669 900 1705 Michael
927 1670 999 1704 Pa-

287 1714 729 1756 laeol.1n1nfant1a1301‚
750 1717 779 1749 1.

336 1760 578 1795 Constantinus
617 1760 860 1804 Melangiorum
893 1759 997 1805 episc.

289 1807 319 1850 Ι,
338 1807 415 1846 102,
430 1806 464 1839 9.

334 1851 579 1885 Constantinus
609 1850 747 1884 Thecus
775 1850 999 1895 Bulgarorum

289 1908 454 1985 Ξῖἐῖῗεὲἒ
462 1896 866 1976 Ιίῗπέὦῗῖἑᾯῖᾎωέ.
878 1895 1000 1975 ῗοηῖἲ.

290 1988 492 2022 Michaelem
517 1987 595 2032 imp.
629 1987 657 2030 Ι,
692 1988 768 2028 138,
800 1989 831 2031 1,
855 1989 939 2031 210,
962 1988 998 2022 3.

289 2033 442 2087 irrumpit
456 2033 490 2066 in
505 2034 589 2066 lines
600 2033 651 2065 Ro
657 2043 769 2066 manos
779 2042 851 2066 cum
863 2033 1000 2066 Tocha-

288 2077 336 2112 ris
352 2078 589 2119 coniunctusl,
602 2079 683 2119 231,
699 2079 732 2112 5.
779 2079 954 2112 cohibetur
970 2079 1000 2120 Ι,

289 2125 371 2163 210,
394 2126 428 2158 8.
474 2124 574 2157 Irene
598 2127 728 2157 mortua
755 2123 898 2156 Mariam
932 2122 999 2156 Mi-

291 2169 416 2202 chaelis
442 2168 520 2212 imp.
546 2173 681 2212 neptem
697 2168 789 2201 ducit
802 2168 831 2209 I,
849 2168 927 2211 342,
945 2170 1000 2203 16.

316 2214 421 2247 roelio
436 2224 457 2247 a
482 2213 642 2247 Lachana
667 2213 776 2248 victus
802 2213 1003 2247 interficitur

310 2284 321 2301 ‚
336 2260 415 2302 432,
432 2260 453 2293 8
468 2270 541 2303 sqq.

339 2314 579 2348 Constantinus
595 2313 708 2348 Melec
730 2314 878 2349 Azatinis
893 2316 999 2350 sulta-

293 2358 347 2393 nis
365 2359 405 2392 F.
439 2360 537 2404 Cpoli
566 2360 757 2404 baptizatus
773 2366 808 2395 et
837 2361 1000 2396 educatus

292 2404 340 2446 11,
357 2405 435 2442 612,
455 2406 508 2438 13.
548 2416 590 2438 ne
606 2405 717 2438 sultan
732 2406 793 2439 fiat
808 2407 850 2440 ab
868 2408 1000 2441 Andro-

293 2450 370 2484 nico
394 2449 471 2494 imp.
492 2450 669 2494 impeditus
689 2451 736 2491 ΙΙ,
760 2453 888 2494 613,1.
933 2453 1001 2486 Ρο-

294 2505 413 2575 gtprzm
449 2496 697 2539 praefecturam
729 2497 772 2530 ab
802 2509 842 2531 eo
879 2498 1003 2544 accipit

293 2552 306 2574 ι

344 2596 583 2631 Constantinus
597 2596 742 2640 Magnus
757 2596 908 2632 Helenae
933 2609 1004 2632 ma-

297 2642 362 2696 tris
377 2647 520 2676 statuam
534 2642 568 2676 in
584 2641 755 2686 Strategio
770 2643 845 2676 soro
857 2644 1004 2679 colloca-

294 2688 597 2767 νη’(1(Ιιῗιιδοὸεἷώἰιιιιι
609 2730 815 2766 instauratur
824 2732 853 2775 Ι,
861 2733 939 2778 365,
951 2734 1006 2770 14.

346 2782 466 2812 contus
489 2778 513 2813 i.
528 2790 564 2823 q.
579 2789 691 2814 comes
705 2779 735 2823 Ι,
755 2779 832 2822 181,
850 2780 883 2815 1.

727 131 912 196 INDEX
943 153 1290 199 msromcUS.

1084 258 1259 293 coronatio
1282 257 1457 294 Nnchaelis
1468 260 1619 296 Palaeol.
1638 261 1744 307 prima

1039 304 1432 347 1‚101,13.secunda
1452 305 1485 346 1,
1501 307 1578 349 173,
1592 308 1628 342 9.
1674 308 1745 342 An-

1042 331 1170 384 dronici
1186 362 1260 384 cum
1273 350 1415 395 coniuge
1430 351 1458 392 Ι,
1474 330 1628 392 318,16.

1041 395 1222 481 39ξοιέἕιιεε
1250 401 1366 430 terrae
1395 375 1490 430 mo’tu
1514 407 1676 432 concussa
1699 398 1748 443 ll,

1090 466 1238 520 c’orones
1258 487 1426 532 interpres
1447 485 1566 521 missus
1581 486 1625 521 ad
1642 486 1747 522 Cate-

1042 531 1139 566 lanos
1154 533 1198 572 ΙΙ
1214 532 1291 576 564,
1306 533 1340 567 9.

1089 573 1266 611 Cortatzes
1300 576 1511 612 Cretensium
1532 576 1600 610 dux
1628 587 1748 622 suspe-

1043 626 1130 657 ctam
1162 624 1264 657 habet
1299 623 1574 668 Philanthropeni
1610 629 1748 657 cuncta-

1043 669 1167 702 tionem
1183 669 1230 709 ΙΙ,
1245 671 1325 712 221,
1342 670 1395 704 18.
1431 668 1748 713 Philanthropenum

1043 714 1107 748 sibi
1139 714 1306 758 proditum
1333 714 1423 749 hosti
1457 714 1560 748 tradit
1587 714 1637 757 ΙΙ,
1668 714 1748 756 224,

1047 761 1090 794 12
1105 772 1179 804 sqq.

1089 806 1227 838 Cosmas
1243 804 1404 851 Sozopoli
1417 804 1576 840 oriundus
1590 816 1665 840 cum
1679 805 1748 840 fra-

1043 853 1098 884 tre
1128 856 1164 884 et
1194 851 1262 884 filio
1287 852 1326 884 fit
1353 851 1532 885 monachus
1554 852 1598 894 ΙΙ,
1617 853 1694 893 182,
1715 853 1749 886 8.

1044 907 1064 929 e
1094 897 1295 930 monasterio
1321 896 1449 930 eiicitur
1463 897 1509 932 ib.
1523 898 1579 933 20.
1625 897 1749 931 libera-

1043 946 1096 974 tus
1111 941 1144 974 in
1169 941 1310 975 insulam
1341 942 1520 976 solitariam
1549 942 1678 976 secedit
1701 942 1748 985 11,

1045 987 1123 1029 183,
1140 987 1173 1021 3.
1220 987 1403 1022 insinuatus
1418 987 1615 1032 imperatori
1628 987 1675 1022 ib.
1693 989 1748 1022 11.

1043 1032 1267 1067 confessarius
1305 1034 1376 1067 eius
1413 1039 1449 1067 et
1529 1033 1674 1068 trial-cha
1707 1033 1750 1066 fit

1043 1077 1090 1111 ib.
1121 1080 1173 1112 14.
1207 1079 1252 1123 ll,
1283 1080 1359 1123 184,
1378 1080 1431 1113 18.
1496 1079 1610 1112 oannis
1629 1090 1748 1112 nomen

1044 1124 1181 1157 assumit
1195 1124 1240 1165 11,
1259 1124 1335 1167 185,
1353 1126 1406 1159 11.
1452 1125 1573 1158 baculo
1590 1123 1750 1169 pastorali

1044 1174 1080 1203 et
1095 1169 1283 1203 dihambulo
1302 1170 1485 1203 honoratur
1499 1170 1544 1214 ΙΙ,
1558 1171 1635 1213 186,
1642 1171 1674 1204 8.
1690 1180 1749 1204 so-

1042 1215 1095 1249 los
1126 1215 1306 1248 monachos
1334 1215 1378 1248 ad
1401 1216 1610 1260 episcopatus
1637 1215 1751 1249 evehit

1043 1261 1090 1303 ΙΙ,
1110 1261 1186 1301 187,
1202 1261 1235 1295 3.
1279 1261 1471 1305 imperatori
1490 1261 1615 1294 invitus
1632 1271 1750 1294 assen-

1043 1306 1128 1339 titur
1159 1306 1203 1347 ΙΙ,
1229 1306 1304 1348 197,
1324 1308 1376 1340 12.
1423 1306 1466 1340 de
1491 1306 1625 1351 scriptis
1640 1306 1751 1340 Atha-

1044 1351 1131 1385 nasii
1154 1352 1301 1395 repertis
1332 1363 1406 1385 cum
1435 1363 1475 1386 eo
1508 1352 1671 1386 deliberat
1702 1351 1748 1392 ΙΙ,

1043 1397 1203 1439 249,19.
1250 1408 1354 1441 aegre
1379 1397 1447 1431 fert
1467 1409 1534 1431 non
1558 1397 1686 1431 consuli
1711 1407 1751 1430 se

1044 1443 1088 1476 ab
1104 1453 1144 1476 eo
1161 1454 1262 1488 super
1277 1442 1457 1476 Simonidis
1471 1443 1592 1488 nuptiis
1608 1443 1654 1483 ΙΙ,
1668 1442 1749 1485 279,

1045 1489 1078 1522 8.
1113 1488 1310 1532 imperatori
1323 1493 1463 1542 propter
1477 1488 1645 1522 consilium
1658 1487 1750 1522 filiae

1044 1533 1174 1567 dandae
1200 1533 1233 1566 in
1256 1534 1495 1568 matrimonium
1511 1533 1593 1568 crali
1608 1532 1749 1568 Serbiae

1042 1579 1148 1612 iratus
1173 1580 1215 1618 ΙΙ,
1240 1581 1320 1621 281,
1340 1582 1374 1614 8.
1421 1579 1524 1614 aedes
1538 1578 1750 1624 patriarcha-

1042 1624 1093 1658 les
1107 1625 1236 1658 intrare
1250 1629 1384 1658 recusat
1403 1624 1449 1666 ΙΙ,
1472 1626 1551 1663 283,
1573 1625 1627 1658 16.
1672 1623 1749 1668 pla-

1043 1675 1139 1703 catus
1156 1671 1198 1702 ab
1214 1670 1416 1713 imperatore
1440 1670 1584 1703 officium
1599 1670 1746 1713 patriar-

1044 1715 1142 1748 chale
1163 1715 1302 1748 resumit
1320 1715 1365 1757 ΙΙ,
1380 1716 1458 1755 292,
1474 1716 1506 1749 7.
1553 1714 1668 1748 obstat
1691 1725 1750 1747 re-

1042 1758 1210 1794 stitutioni
1226 1760 1359 1794 Ioannis
1374 1758 1535 1804 Ephesiui
1546 1759 1591 1798 ΙΙ,
1601 1760 1682 1801 299,
1693 1761 1748 1794 10.

1042 1805 1076 1838 in
1093 1816 1205 1838 monas
1208 1805 1325 1838 terium
1341 1804 1470 1838 secedit
1483 1804 1532 1839 ib.
1551 1806 1604 1839 17.
1648 1814 1749 1838 accu-

1043 1856 1137 1884 satus
1161 1850 1204 1883 ab
1226 1849 1392 1895 episcopis
1421 1849 1466 1891 ΙΙ,
1482 1850 1561 1890 300,
1576 1849 1610 1884 3.
1658 1849 1748 1883 ultro

1043 1895 1114 1928 adit
1128 1895 1362 1939 imperatorem
1385 1906 1533 1947 eumque
1547 1895 1612 1928 sibi
1626 1906 1749 1934 recon-

1044 1941 1136 1974 ciliat
1159 1941 1204 1983 11,
1220 1942 1298 1985 302,
1314 1941 1348 1976 4.
1394 1952 1480 1975 voce
1501 1939 1661 1974 divinitus
1673 1940 1750 1974 edi-

1043 1991 1081 2020 ta
1110 1986 1307 2031 imperatum
1345 1985 1410 2020 sibi
1441 1985 1489 2020 ait
1519 1991 1556 2019 ut
1584 1985 1750 2020 ecclesiae

1042 2033 1211 2075 regendae
1223 2042 1340 2066 munus
1356 2035 1500 2066 resumat
1519 2031 1566 2065 ib.
1585 2032 1638 2067 17.
1685 2042 1750 2076 op-

1042 2081 1212 2128 pugnatur
1240 2078 1284 2111 ab
1316 2077 1482 2130 episcopis
1519 2076 1575 2120 ΙΙ,
1605 2077 1684 2120 337,
1711 2076 1748 2130 5.

1042 2121 1249 2155 Hilarionem
1266 2122 1515 2164 Selybriensem
1541 2103 1666 2155 fr'ustra
1680 2121 1750 2156 cti—

1043 2167 1187 2200 minatur
1202 2167 1248 2209 ΙΙ,
1265 2167 1344 2207 339,
1362 2168 1416 2202 17.
1451 2166 1680 2211 patriarchatu
1691 2178 1750 2201 ce-

1045 2212 1094 2245 dit
1109 2212 1155 2253 ll,
1170 2212 1249 2253 341,
1272 2211 1293 2246 5
1310 2223 1384 2256 sqq.
1430 2211 1662 2256 imperatorem
1684 2211 1751 2246 sibi

1044 2257 1254 2291 insidiantem
1298 2257 1518 2291 anathematis
1554 2257 1750 2291 intermina-

1043 2303 1137 2337 tione
1158 2304 1276 2336 turbat
1298 2303 1341 2343 11,
1365 2302 1444 2345 375,
1477 2302 1530 2337 15.
1575 2303 1750 2336 anathema

1043 2349 1131 2382 tollit
1153 2349 1199 2391 ΙΙ,
1213 2349 1292 2391 380,
1309 2349 1363 2383 13.
1411 2347 1604 2392 Sozopolim
1618 2347 1750 2381 recedit

1043 2394 1092 2434 ΙΙ,
1105 2394 1182 2435 384,
1200 2395 1254 2428 11.
1300 2394 1343 2427 ab
1359 2392 1655 2437 Osphentisthlabo
1670 2392 1751 2427 mit.-

1044 2440 1129 2473 titur
1152 2439 1194 2473 ad
1215 2439 1450 2485 imperatorem
1473 2437 1519 2479 ΙΙ,
1534 2438 1612 2480 628,
1637 2439 1692 2473 12.

1093 2496 1253 2530 Cosmidii
1277 2493 1750 2539 monasterium1,475,10.

1046 2552 1108 2575 arx
1130 2542 1240 2575 diruta
1254 2541 1300 2583 ΙΙ,
1316 2540 1395 2582 592,
1416 2539 1471 2575 15.

1092 2597 1270 2631 Cotanitza
1294 2597 1473 2631 monachus
1510 2608 1531 2631 e
1565 2595 1750 2649 Pen’blepti

1047 2643 1249 2676 monasterio
1264 2642 1299 2676 in
1320 2642 1553 2677 monasterium
1567 2641 1749 2675 Maximum

1045 2687 1235 2722 traducitur
1257 2689 1302 2730 ΙΙ,
1333 2690 1389 2730 66,
1414 2690 1468 2724 15.
1510 2688 1590 2722 iude
1618 2686 1753 2730 aufugit

1047 2734 1094 2775 ΙΙ,
1125 2735 1181 2775 67,
1211 2735 1245 2768 6.
1291 2734 1452 2768 Triballis
1475 2731 1607 2768 iunctus
1622 2732 1750 2766 Roma-

1048 2790 1110 2815 nos
1124 2783 1230 2815 vexat
1252 2779 1300 2825 11,
1322 2780 1403 2824 257,
1426 2781 1482 2816 12.
1527 2777 1681 2823 adiungit
1708 2787 1750 2812 se
