1858 3126
577 157 681 203 LIB.
710 158 744 201 1.
813 155 1174 202 GLOSSARIUM.
1502 157 1601 204 695

271 266 424 322 κλοβό
435 285 468 317 ς
500 264 786 320 ἐπιφερόμενος
804 288 857 297 -
873 263 1048 314 αδελφόν
1078 265 1122 306 ἓν
1138 265 1273 331 κλοβοΐί
1282 279 1385 318 -p.
1410 267 1488 310 165
1503 280 1540 308 v,
1563 271 1603 310 2.

162 326 218 364 ita
245 326 359 366 codd.
382 326 413 363 B
435 331 474 363 et
493 324 540 362 A.
565 325 776 363 Vaticanus
802 324 929 362 solum
949 322 1068 360 habet
1101 307 1388 387 ἐπιφερόμενος
1416 323 1486 363 καὶ
1507 340 1604 372 τους

159 383 415 434 κατακρίτους
443 381 625 432 δεσμίους
651 396 720 420 τον
751 376 926 430 ἀδελφόν
953 378 1020 419 καὶ
1035 375 1101 420 τᾶν
1119 374 1496 430 Στρατηγόπουλον,
1524 394 1600 420 vo-

152 450 246 475 cem
274 439 444 489 κλοβοῠ,
482 443 526 475 ut
556 436 704 486 reliqua
733 436 832 474 solet
863 448 960 486 quae
980 448 1059 472 non
1081 434 1290 484 intelligit,
1319 434 1525 483 omittens,
1557 436 1599 474 in

159 506 239 544 quo
258 507 339 532 non
358 492 483 530 solum
502 492 656 530 mutilat
676 491 906 530 sententiam
924 490 1106 538 auctoris,
1135 490 1202 530 sed
1218 490 1437 541 corrumpit
1456 497 1495 528 et
1509 504 1602 542 per-

157 550 304 598 vertit,
342 548 488 588 faciens
512 554 556 586 ut
585 547 775 586 affirmare
802 546 1059 598 pachymeres
1090 546 1292 595 videatur,
1332 546 1438 596 quod
1466 547 1599 598 potius

158 610 322 656 apparet
350 604 482 657 ipsum
510 604 687 642 studiose
713 616 854 654 negare
892 603 1086 650 voluisse,
1123 615 1263 653 nempe
1299 602 1600 642 Constantinum

156 660 541 713 Porphyrogenitum
561 674 583 698 a
602 662 722 698 fratre
742 660 919 710 Augusto
940 659 1118 697 vinctum
1137 657 1351 695 abductum
1368 671 1449 696 non
1470 659 1598 698 minus

158 729 275 767 quam
293 716 621 767 Strategopulum‚
651 729 739 754 cum
762 715 864 753 inter
883 728 947 752 eos
966 713 1177 752 historicus
1191 714 1402 751 discrimen
1420 713 1599 753 habitum

156 778 282 823 ponat
313 772 560 821 huiusmodi,
608 778 653 810 ut
692 771 985 822 Strategopulus
1009 769 1167 821 quidem
1196 769 1338 820 ligatus
1368 770 1597 822 deportatus

156 828 299 878 suerit,
329 827 606 866 Constantinus
635 840 730 867 vero
762 842 834 879 pro
863 826 1083 865 reverentia
1106 826 1296 864 natalium
1314 826 1486 864 vinculis
1505 827 1598 878 qui-

157 883 247 921 dem
274 885 465 934 caruerit,
505 883 573 922 sed
600 884 644 921 in
670 890 780 935 septo
814 882 1006 921 clathrato
1034 887 1103 919 aut
1127 895 1266 930 cavea,
1306 883 1415 920 velut
1440 895 1596 920 carcere

155 940 359 1005 portatili,
387 940 437 978 sit
453 945 634 989 gestatus.
691 939 969 978 consideranda
992 938 1106 976 nobis
1125 937 1308 994 deinceps
1330 944 1387 976 est
1407 951 1486 976 vox
1503 941 1596 978 κλο-

154 990 250 1047 βός,
279 1009 393 1047 quam
414 995 480 1032 alii
503 991 691 1048 κλουβόν,
720 995 786 1033 alii
803 992 961 1060 κλωβόν
979 994 1174 1033 scribunt.
1234 1007 1316 1032 eam
1343 1000 1449 1032 recte
1467 994 1595 1032 inter-

149 1057 332 1101 pretatur
352 1051 419 1089 hic
448 1058 582 1090 noster
608 1049 766 1104 εῖρκτὴν
792 1046 998 1104 φορητήν,
1035 1064 1227 1087 carcerem
1237 1051 1493 1101 portatilem,
1523 1050 1593 1088 do—

149 1105 305 1146 finiens.
362 1113 422 1145 est
449 1108 574 1157 enim,
612 1114 659 1145 ut
687 1108 835 1157 glossae
865 1113 1017 1145 veteres
1049 1107 1214 1155 docent,
1261 1103 1414 1158 κλωβός
1444 1119 1591 1154 cavea,-

149 1163 256 1201 unde
287 1170 345 1202 est
376 1163 655 1201 diminutivum
679 1164 851 1215 κλωβίον
879 1163 1114 1201 recensitum
1137 1176 1159 1198 a
1189 1161 1399 1200 scholiaste
1421 1162 1593 1213 Oppiani

148 1217 255 1256 inter
266 1219 522 1257 instrumenta
542 1219 765 1271 piscatoria.
819 1219 940 1268 igitur
962 1218 1186 1256 vehiculum
1207 1217 1405 1267 quoddam
1423 1223 1491 1254 aut
1503 1218 1592 1255 001-

149 1273 229 1311 lam
246 1275 311 1313 vel
340 1275 519 1312 lecticam
554 1275 801 1325 gestatoriam
821 1274 1052 1312 clathratam
1083 1273 1149 1310 hic
1171 1273 1380 1322 significari
1399 1273 1590 1312 vocabulo

148 1331 298 1382 κλοβοῦ
316 1337 478 1382 apparet
493 1360 504 1379 ‚
534 1344 614 1381 quo
641 1337 729 1368 tuto
748 1330 976 1381 deportatus
996 1330 1046 1367 sit
1061 1328 1290 1380 Nymphaeo
1311 1329 1590 1367 Constantino-

147 1385 287 1436 polim,
315 1386 414 1425 citra
431 1386 604 1434 vincula,
632 1386 1007 1438 Porphyrogenitus‚
1034 1391 1145 1436 septo
1163 1384 1384 1436 prohibitus
1406 1385 1587 1435 effugere,

143 1446 361 1492 utcumque
396 1443 541 1479 catenis
578 1442 687 1480 liber.
754 1442 908 1493 reperio
953 1448 1083 1479 tamen
1122 1441 1171 1479 ad
1208 1441 1414 1478 mulierum
1449 1454 1587 1491 usum,

148 1509 244 1547 quas
272 1498 422 1536 clausas
452 1498 587 1535 haberi
615 1498 664 1535 ad
695 1511 811 1536 sexus
826 1497 1016 1536 honorem
1033 1496 1225 1549 pertinet,
1253 1496 1474 1535 adhibitum
1496 1510 1588 1536 car-

145 1553 258 1603 penti
288 1566 410 1604 genus
434 1552 604 1606 κλουβόν
631 1561 922 1606 nuncupatum,
959 1553 1143 1592 cancellis
1169 1552 1354 1591 videlicet
1378 1553 1586 1593 munitum.

143 1607 188 1646 id
214 1609 331 1648 docet
352 1610 514 1648 Ioannes
538 1611 722 1659 Tzetzes‚
761 1611 854 1648 dum
887 1609 1062 1647 Chiliade
1087 1610 1125 1651 5.
1154 1622 1194 1659 p.
1224 1611 1278 1649 90
1305 1608 1364 1646 ed.
1394 1609 1505 1649 Basil.
1525 1622 1585 1646 an.

147 1663 254 1705 1545
271 1665 320 1703 de
336 1665 422 1704 avia
450 1680 519 1704 sua
538 1665 738 1715 memorat,
767 1666 852 1717 pari
870 1679 952 1703 eam
972 1665 1092 1703 fuisse
1110 1664 1260 1702 110110ιο
1278 1664 1474 1713 dignatam
1494 1677 1585 1702 cum

144 1720 221 1756 alia
241 1721 425 1772 primaria
451 1722 619 1771 femina,
658 1722 700 1759 in
726 1722 889 1760 eundem
911 1735 1002 1760 cum
1018 1722 1086 1758 illa
1103 1715 1296 1771 κλουβόν,
1324 1719 1398 1756 1100
1419 1725 1478 1756 est
1495 1732 1585 1757 mu-

141 1774 266 1814 liebre
291 1784 520 1830 carpentum
542 1778 726 1816 cancellis
756 1778 1014 1826 clathratum,
1041 1776 1279 1827 impositam.
1334 1774 1452 1812 istam
1467 1775 1583 1825 enim,

142 1830 187 1868 ni
204 1831 345 1881 fallor,
379 1833 495 1871 habet
509 1834 740 1871 sententiam
753 1834 822 1871 ille
840 1833 992 1871 Tzetzis
1010 1845 1145 1870 versus

365 1888 550 1939 ἶσοτιμῶν
579 1888 647 1929 καὶ
673 1893 730 1942 τῷ
759 1885 866 1944 αυτῷ
892 1890 1050 1941 κλουβῷ
1078 1881 1382 1937 συνεμβιβαζων.

255 1942 577 1993 κομμέρκιον
611 1958 653 1994 p.
679 1944 761 1987 448
789 1957 829 1982 v.
857 1945 923 1985 14.
990 1942 1267 1980 comme1cium
1303 1940 1478 1978 Latinam
1505 1953 1583 1978 vo-

143 2008 228 2034 cem
250 1997 409 2035 Graecis
427 1997 504 2035 1100
528 1999 616 2035 1000
646 2000 831 2050 scriptam
864 1999 986 2036 literis
1006 2003 1145 2035 auctor
1174 1995 1354 2044 adhibet,
1382 2008 1432 2033 ex
1453 1996 1581 2034 multo
1615 2004 1620 2010 '

142 2052 295 2093 scilicet
314 2066 402 2091 cum
427 2053 698 2092 Genuensibus
725 2054 872 2092 Latinis
894 2067 970 2092 usu
999 2053 1157 2091 Graecis
1178 2064 1335 2105 quoque
1353 2051 1582 2104 Byzantinis

140 2107 337 2148 usitatam.

251 2160 343 2204 κόκ
356 2179 449 2204 not.
505 2164 548 2201 in
567 2164 693 2215 priori
714 2164 912 2202 Glossario
931 2164 1038 2215 quod
1055 2163 1141 2201 dixi
1157 2162 1208 2200 ad
1224 2162 1302 2200 11οο
1325 2161 1575 2212 vocabulum,
1598 2179 1627 2215 p
1650 2180 1717 2217 490

143 2220 336 2258 consessio
359 2220 489 2271 potius
505 2221 580 2257 fuit
599 2221 840 2270 ignorantiae
863 2233 968 2258 meae
992 2233 1105 2270 quam
1130 2218 1238 2257 vocis
1267 2218 1488 2270 propositae
1505 2219 1575 2256 de-

138 2276 311 2313 claratio.
367 2276 438 2313 lux
460 2275 600 2313 deinde
626 2275 722 2313 mihi
749 2275 939 2326 quaedam
966 2289 988 2312 a
1017 2274 1144 2312 coecis
1163 2274 1321 2314 affulsit.
1376 2273 1578 2313 coniectu-

138 2344 223 2369 ram
250 2331 342 2370 inde
359 2331 515 2369 ductam
533 2330 601 2368 hic
622 2331 791 2369 obnoxie
804 2344 983 2383 propono
1003 2330 1208 2381 prudentis
1232 2329 1379 2368 iudicio
1400 2330 1576 2379 lectoris,

139 2393 180 2424 et
196 2387 244 2424 de
262 2401 306 2425 re
322 2388 408 2439 ipsa
430 2394 468 2425 et
491 2387 539 2424 de
565 2387 787 2438 suspicione
815 2401 898 2424 mea
918 2387 1078 2437 plenum
1108 2386 1142 2423 ei
1161 2385 1366 2423 arbitrium
1381 2385 1572 2424 tribuens.

142 2455 232 2480 cum
251 2443 450 2493 legerem
438 2457 481 2480 111
500 2443 575 2481 1130
595 2443 766 2480 secunda
794 2442 983 2481 historiae
1000 2440 1323 2492 Pachymerianae
1341 2448 1471 2505 parte,
1493 2441 1523 2480 l.
1542 2439 1571 2481 4

139 2511 175 2535 0.
193 2501 232 2546 2,
253 2499 404 2550 saepius
423 2498 630 2536 memorari
651 2497 826 2548 τυφλοῦς
843 2512 1053 2550 μοναχους,
1081 2496 1124 2534 in
1142 2509 1224 2535 eam
1243 2497 1480 2561 opinionem
1482 2509 1572 2534 sum

139 2552 354 2604 ingressus,
383 2555 536 2592 eosdem
553 2555 638 2591 illic
658 2554 867 2604 significari
886 2554 955 2605 qui
983 2553 1064 2591 vol.
1090 2552 1166 2604 lp.
1189 2552 1272 2595 489
1299 2566 1336 2590 v.
1356 2555 1407 2594 16
1434 2547 1571 2591 κόκκοι

139 2610 304 2660 μοναχοί
330 2624 352 2647 3
381 2610 618 2661 Pachymere
639 2617 845 2649 vocantur.
901 2615 1006 2647 certe
1037 2612 1121 2646 toto
1144 2607 1214 2645 illo
1242 2607 1370 2660 capite
1388 2606 1568 2657 exempla

139 2665 461 2703 excoecationum
490 2666 702 2706 crudeliter
725 2666 858 2704 multis
887 2665 1088 2703 illatarum
1126 2669 1390 2713 congeruntur
1421 2662 1568 2711 multa;

137 2724 230 2768 post
243 2732 342 2770 quae
361 2721 494 2759 subdit
510 2726 650 2759 auctor
671 2723 742 2760 sub
757 2722 872 2760 finem
894 2720 1034 2782 capitis
1052 2731 1093 2758 v.
1117 2721 1168 2760 16
1194 2715 1366 2765 κόκκους
1384 2715 1427 2757 δὲ
1450 2732 1570 2769 μονα-

137 2787 233 2824 χους
250 2773 426 2826 καὶτοὺς
443 2790 516 2817 κατ
523 2773 704 2819 ’ἐκεῖνον
723 2778 791 2820 ἐῶ.
833 2777 901 2818 ubi
923 2774 1091 2816 relativo
1112 2773 1264 2818 ἐκεῖνον
1283 2772 1484 2825 indignas¹
1502 2772 1568 2820 Vel
