1820 3112
162 147 259 195 ·240
580 143 814 188 chRGn
850 143 1202 189 PAcHYMERls

161 262 404 309 Γεννουΐτας
424 255 702 311 προσαμύνειν
723 262 975 302 καταστᾶσιν
995 260 1050 309 εἲς
1069 257 1262 315 πόλεμον.
1334 260 1433 305 ὅθεν
1452 261 1626 306 κάκεῖνοι

164 331 237 385 μὲν
270 325 519 384 ἐξερχόμενοι
547 329 615 369 καὶ
651 327 794 370 ἲλαδὸν
831 323 1161 382 συνταττόμενοι
1175 326 1416 384 διεμάχοντο
1454 331 1628 387 γαίηθεν

110 404 141 438 Ε
165 405 250 448 τοῖς
273 398 315 439 ἐκ
333 400 417 439 τῶν
435 399 560 451 νηῶν.
629 396 678 438 τὸ
704 396 749 439 δὲ
778 400 852 439 τοῦ
871 397 1072 451 βασιλέως
1101 395 1416 456 στρατιωτικόν,
1452 397 1550 442 ὅσον
1577 394 1629 454 ἦν

160 468 202 508 ἐν
229 467 359 518 πεζοῖς
379 482 422 508 τε
442 466 509 507 καὶ
531 462 738 522 ἐλαφρόν,
769 465 813 508 ἐκ
841 470 982 521 τειχῶν
1011 465 1270 523 προκύπτον,
1295 464 1428 518 τόξοις
1448 465 1627 522 βάλλον-

160 552 226 585 τες
245 536 312 577 καὶ
340 530 583 592 σφενδόναις
610 534 709 584 τοὺς
733 535 775 578 ἐν
798 541 889 584 ταῖς
908 537 1051 577 ναυσὶν
1073 534 1244 580 ἐκάκουν
1266 537 1334 579 καὶ
1353 535 1430 587 τὰς
1450 535 1662 590 ἐμβολᾶςό

162 607 280 661 σφῶν
302 603 466 646 ἐποίουν
489 601 805 658 ἀσθενεστέρας.
874 601 954 658 ἤδη
974 604 1019 646 δὲ
1037 606 1104 646 καὶ
1133 602 1386 662 πετροβόλον
1405 601 1632 661 μηχάνημα

163 674 358 716 διεκίνουν
369 706 382 725 ,
420 672 542 714 ἐκεῖσε
562 674 636 713 τοῦ
657 670 859 723 βασιλέως
880 670 956 722 ἔξω
976 677 1108 727 βελῶν
1130 673 1349 727 ἱσταμένου
1368 676 1436 715 καὶ
1455 674 1632 727 βλέπον-

24 751 50 785 Ρ
76 752 142 788 163
165 759 257 794 τος,
297 742 363 785 καὶ
383 740 586 795 μεγίστοις
616 746 703 789 τοῖς
720 738 797 782 ἀπ’
819 740 970 783 ἐκείνου
1003 742 1140 791 λίθοις
1156 742 1208 784 τὰ
1224 746 1299 798 τῆς
1316 738 1517 798 ἡμετέρας
1532 742 1631 792 νεὼς

164 809 377 868 κόρυμβα,
414 807 464 862 ἣν
486 809 627 852 ἐκεῖνοι
652 815 836 863 κατεῖχον
858 813 1129 864 πολεμοῦντες
1149 811 1302 854 ἐκεῖθεν
1327 810 1434 853 κατὰ
1452 814 1528 853 τοῦ
1549 812 1631 854 τεί-

162 895 285 934 χους,
333 878 546 934 κατέφλων
581 877 830 932 πέμποντες,
882 880 950 921 καὶ
982 883 1055 934 τῆς
1084 878 1215 936 ὁρμῆς
1246 879 1346 930 τοὺς
1365 878 1521 936 ἄνδρας
1539 878 1631 922 ἀνέ-
1644 886 1687 920 10

165 952 346 991 στελλον.
420 946 503 989 ἐπεὶ
533 946 579 989 δὲ
607 949 675 990 καὶ
704 947 830 1001 ἐσοψὲ
855 945 875 988 ὅ
904 945 1080 1003 πόλεμος
1110 949 1319 992 διετείνετο
1351 949 1420 991 καὶ
1452 946 1563 991 ἅπαν
1581 947 1631 991 τὸ

166 1016 268 1074 παρ’
293 1016 451 1059 ἐκείνων
468 1012 693 1071 μηχάνημα
711 1014 837 1072 ἔργων
855 1015 1014 1072 ὗστέρει
1033 1019 1100 1059 καὶ
1119 1018 1238 1061 οὐδὲν
1262 1015 1450 1072 ἠνύοντο,
1485 1017 1529 1060 ἐκ
1546 1035 1632 1072 μα-

164 1088 253 1135 νίας
273 1082 581 1135 ἀπαλλάξαντες
599 1085 792 1139 πλείστης
812 1082 874 1126 ὅτι
897 1086 963 1127 καὶ
984 1085 1102 1127 αὐτοὶ
1117 1083 1309 1139 Ῥωμαῖοι
1330 1083 1492 1137 τούτοις
1510 1083 1632 1144 ἐπῄε-

108 1163 137 1197 Β
167 1172 270 1207 σαν,
309 1153 558 1210 στραφέντες
587 1152 830 1209 αὐθημερὸν
855 1157 937 1210 πῦρ
968 1151 1220 1208 ἐμβάλλουσι
1239 1157 1305 1196 καὶ
1325 1161 1417 1204 ταῖς
1434 1158 1516 1198 τῶν
1530 1153 1632 1198 Ῥω-

163 1224 297 1279 μαίων
329 1224 472 1271 οἰκίαις
481 1254 495 1275 ,
532 1223 599 1264 καὶ
634 1223 963 1279 καταφθείρουσι
993 1222 1141 1266 τέλεον.
1226 1223 1287 1265 δι’
1324 1221 1423 1278 ὅλης
1454 1223 1533 1276 μέν
1557 1218 1686 1266 οὗν15

163 1292 309 1342 νυκτὸς
324 1292 372 1335 τὸ
399 1295 482 1348 πῦρ
503 1290 661 1344 ἐνέμετο
682 1290 758 1340 τὰς
782 1292 911 1341 οἰκίας
920 1324 934 1345 ,
972 1291 1238 1348 φλεγομέναις
1262 1290 1308 1334 δ’
1337 1291 1585 1336 ἐπανέτειλεν
1606 1290 1630 1347 ἦ

162 1359 307 1417 ἡμέρα.
377 1359 496 1402 αὐτοὶ
530 1360 576 1402 δὲ
602 1357 678 1410 τάς
711 1377 755 1403 τε
785 1364 888 1410 ναῦς
913 1358 1240 1416 προσελάσαντες
1273 1362 1446 1411 καὶτοῖς
1464 1365 1632 1418 θυρεοῖς

165 1427 419 1487 φραξάμενοι
449 1425 586 1484 μάχην
626 1429 802 1486 στερρὰν
831 1429 1026 1486 ἐγείρουσι
1065 1432 1106 1472 Γ
1102 1433 1337 1480 εννουΐταις.
1414 1429 1454 1472 οἶ
1483 1431 1529 1473 δὲ
1555 1429 1632 1480 τὰς

115 1506 144 1539 C
169 1498 348 1553 ἐμβολὰς
373 1499 441 1539 καὶ
461 1496 582 1540 πάλιν
613 1495 819 1552 δεχόμενοι
848 1496 1111 1552 ἀπημῦνοντο
1123 1532 1136 1550 ,
1187 1499 1261 1548 ἕως
1294 1498 1366 1541 καί
1379 1515 1470 1542 τινα
1490 1503 1573 1542 τῶν
1588 1500 1631 1542 ἐν

162 1570 398 1624 μεγιστᾶσιν
428 1566 587 1608 ἐκείνων
621 1564 820 1622 βαλόντες
851 1564 1107 1623 φονεύουσιν.
1178 1569 1242 1609 καὶ
1279 1567 1347 1610 διὰ
1376 1571 1511 1610 ταῦτα
1543 1571 1687 1622 ‘mv-20

256 1665 310 1700 16.
337 1662 575 1710 φλεγομένοις
596 1664 635 1698 P.

166 1758 216 1791 nis
239 1756 392 1803 permisit
421 1758 460 1790 ut
483 1757 684 1790 Genuenses
709 1754 951 1799 defenderent,
974 1767 1115 1802 cumque
1135 1756 1179 1790 iis
1203 1759 1322 1795 contra
1342 1757 1550 1803 foedifragos
1573 1769 1631 1792 as-

166 1804 312 1838 sultores
341 1803 377 1836 in
408 1801 512 1836 armis
542 1806 686 1836 starent.
732 1801 851 1848 itaque
885 1802 935 1837 uti
960 1804 1159 1837 Genuenses
1189 1803 1312 1837 armati
1341 1814 1398 1837 ac·
1417 1803 1520 1848 longa
1542 1805 1633 1839 serie

168 1849 317 1884 ordinati
339 1860 402 1895 per
425 1848 539 1882 littora
573 1848 609 1882 in
631 1859 738 1882 naves
763 1849 913 1883 Venetas
935 1848 1193 1890 iaculabantur,
1219 1848 1271 1883 ita
1295 1851 1458 1895 quantum
1479 1850 1516 1883 in
1545 1850 1633 1884 urbe

168 1902 238 1930 tum
261 1895 326 1929 fuit
346 1894 567 1940 imperialium
598 1894 792 1940 copiarum,
822 1894 997 1941 peditatus
1027 1895 1228 1940 praesertim
1258 1907 1299 1929 ac
1320 1894 1406 1930 lavis
1427 1899 1636 1938 armaturae,

168 1941 395 1987 prominentes
426 1953 446 1976 e
468 1940 642 1975 moenibus
674 1941 821 1975 arcubus
843 1953 885 1976 ac
906 1940 1018 1975 fundis
1041 1941 1190 1975 Venetos
1213 1953 1276 1986 per
1295 1941 1390 1976 foros
1411 1952 1547 1976 suarum
1569 1953 1634 1976 na·-

167 1988 259 2021 vium
290 1991 446 2022 extantes
477 1987 605 2021 eminus
636 1987 816 2031 petebant,
849 1991 916 2021 non
949 1986 1017 2022 levi
1046 1999 1161 2021 eorum
1183 1987 1321 2031 damno,
1341 1986 1635 2034 debilitabantque

169 2034 259 2067 haud
290 2034 392 2068 dubie
425 2033 572 2079 impetus
595 2033 758 2067 accedere
788 2045 829 2068 ac
850 2037 946 2067 terra
969 2033 1073 2078 potiri
1094 2034 1297 2068 conantium.
1343 2034 1478 2080 iamque
1499 2038 1537 2068 et
1558 2045 1634 2068 ma-

170 2080 301 2114 chinam
327 2080 510 2114 movebant
530 2079 761 2113 iaculatricem
783 2085 974 2124 petrarum,
1009 2083 1044 2113 et
1074 2079 1295 2125 despectante
1315 2080 1543 2126 imperatore,
1571 2079 1633 2126 qni

170 2126 239 2160 alte
262 2126 406 2171 quodam
428 2125 462 2159 in
483 2126 620 2170 fastigio
647 2130 745 2160 extra
766 2125 892 2160 iactum
918 2131 993 2160 tuto
1018 2126 1146 2168 stabat,
1173 2126 1338 2172 aplustria
1359 2126 1456 2160 navis
1483 2129 1631 2167 nostrae,

169 2183 236 2216 qua
245 2172 369 2207 Veneti
380 2177 546 2218 occupata
555 2176 673 2206 contra
682 2183 744 2206 nos
759 2171 941 2217 pugnando
956 2173 1149 2214 utebantur,
1158 2173 1265 2207 vastis
1275 2173 1395 2206 ictibus
1405 2182 1562 2206 saxorum
1569 2181 1632 2216 per

169 2217 337 2251 ballistam
369 2230 388 2252 e
419 2229 514 2252 muro
546 2218 742 2252 emissorum
773 2218 1044 2260 contundebant3
1073 2217 1194 2264 sicque
1225 2219 1293 2254 vim
1326 2217 1554 2263 reprimebant
1582 2216 1631 2250 ir-

167 2263 347 2297 ruentium.
395 2263 551 2308 quoniam
573 2275 654 2298 vero
677 2264 842 2310 producto
863 2265 942 2299 inde
972 2265 1018 2298 ad
1040 2275 1215 2310 vesperam
1239 2265 1422 2298 certamine
1443 2262 1549 2297 omnis
1570 2273 1631 2296 eo-

169 2320 242 2343 rum
269 2309 473 2344 machinatio
496 2310 592 2344 irrita
616 2312 779 2353 cedebat,
812 2323 875 2346 nec
907 2311 1134 2356 proficiebant
1155 2310 1340 2356 quidquam
1361 2307 1554 2343 necessario
1576 2319 1633 2342 re-

169 2356 329 2389 cedentes
360 2356 435 2389 fera
466 2355 500 2390 in
534 2355 704 2391 Romanos
726 2356 878 2392 instincti
907 2356 1022 2397 rabie,
1049 2356 1141 2402 quod
1165 2357 1208 2390 ab
1231 2356 1274 2390 iis
1296 2366 1335 2389 se
1355 2354 1511 2400 repulsos
1533 2353 1632 2389 vide-

168 2401 261 2442 bant,
285 2401 402 2435 eadem
426 2401 480 2435 die
501 2406 717 2446 repetentes,
740 2414 808 2448 qua
829 2415 939 2437 vacua
961 2402 1087 2447 potitos
1107 2401 1274 2444 diximus,
1297 2400 1480 2445 Galatam,
1503 2404 1544 2435 nt
1561 2399 1632 2434 illic

169 2446 261 2491 prius
284 2447 400 2481 domos
423 2447 653 2482 Genuensium
676 2448 909 2490 incenderant,
932 2449 984 2483 ita
1006 2458 1093 2481 nunc
1114 2447 1244 2492 pariter
1264 2450 1300 2481 et
1321 2446 1549 2480 Romanorum
1571 2457 1633 2480 ae-

170 2492 231 2526 des
253 2492 512 2536 inflammarunt,
536 2494 681 2528 durante
701 2505 765 2539 per
787 2500 922 2528 noctem
943 2496 1072 2535 totam,
1102 2498 1139 2526 et
1160 2492 1301 2527 necdum
1323 2491 1472 2527 extincto
1496 2491 1633 2537 quando

171 2548 314 2583 sequens
338 2539 410 2572 dies
430 2538 559 2582 illuxit,
583 2539 752 2574 incendio.
795 2540 864 2586 ipsi
891 2551 973 2574 vero
995 2538 1137 2583 remigio
1158 2537 1322 2583 promotis
1345 2538 1389 2572 ad
1412 2542 1528 2583 partes
1548 2537 1633 2572 Bla-

171 2584 381 2626 chernarum,
405 2584 463 2618 ubi
486 2588 579 2619 stare
603 2587 804 2620 Genuenses
825 2590 968 2628 norant,
1000 2585 1169 2626 navibus,
1190 2584 1337 2629 protecti
1361 2595 1506 2629 corpora
1526 2584 1645 2619 scutis.

171 2629 346 2674 oblongis,
374 2630 409 2664 vi
434 2641 561 2664 summa
593 2631 750 2666 nituntur
778 2631 976 2677 irrumpere.
1021 2630 1082 2665 sed
1107 2628 1345 2664 Genuensibus
1375 2635 1513 2664 strenue
1542 2629 1634 2665 resi-

171 2676 358 2718 stentibus,
387 2680 423 2710 et
454 2688 474 2710 e
497 2677 736 2712 munitionibus
765 2689 850 2722 quas
881 2677 925 2711 ad
947 2676 1061 2711 aditus
1085 2679 1290 2721 paraverant
1311 2675 1495 2710 fortissime
1517 2674 1635 2721 prohi-

169 2722 327 2756 bentibus
351 2733 567 2764 exsoensum,
589 2734 669 2756 acre
691 2724 856 2768 praelium
879 2721 1008 2757 exarsit
1028 2722 1062 2756 in
1083 2722 1219 2766 longum
1240 2721 1386 2764 durans,
1418 2722 1525 2757 donec
1546 2731 1645 2758 unua⁴

170 2768 339 2813 quispiam
361 2779 382 2801 e
404 2767 606 2813 primoribus
630 2769 856 2812 Venetorum,
889 2769 958 2803 telo
980 2768 1068 2802 ictus
1099 2779 1121 2802 a
1145 2767 1382 2802 Genuensibus
1404 2768 1528 2810 misso,
1559 2777 1634 2803 mo-

170 2814 260 2849 riens
284 2813 439 2849 concidit.
487 2825 528 2848 eo
561 2825 642 2848 casu
668 2815 784 2851 ablata
816 2825 992 2852 successus
1015 2825 1077 2860 spe
1099 2817 1136 2848 et
1157 2812 1359 2858 refrigerato
1382 2813 1554 2859 pugnandi
1575 2822 1633 2847 ar-

1811 2293 1820 2350 ud.-.
1814 2245 1820 2284 ..-
1813 2142 1820 2236 ⁴*-

1804 2425 1820 2502 .-is—.
1813 2359 1820 2415 -u-
