1820 3112
209 166 304 211 150
626 139 862 208 saonen
887 162 1240 207 PACHmEnIs

205 279 487 336 ἀπαραίτητον
509 277 572 318 ἐπὶ
590 280 714 319 πᾶσιν
738 274 984 332 δεικνύμενοι
1003 278 1070 319 καὶ
1089 273 1454 332 ἀσυγκατάβατον,
1490 273 1546 326 ῶς
1567 272 1673 318 πάν-

155 351 186 385 C
210 365 284 398 τας
316 348 390 402 μὲν
423 345 520 388 εἶναι
552 347 592 388 ἐν
624 343 745 405 φόβῳ
774 348 842 388 καὶ
869 346 1021 404 ἀγωνίᾳ
1035 379 1048 399 ,
1094 345 1195 396 τούς
1230 346 1444 395 πλείστους
1469 345 1515 387 δὲ
1541 346 1610 387 καὶ
1630 346 1674 387 ἐν

205 413 454 472 καταγνώσει
485 416 731 470 λογίζεσθαι.
804 412 941 457 πάντα
973 415 1015 457 d'
1054 414 1270 471 ἀνέτρεπον
1298 416 1365 456 καὶ
1394 413 1580 467 συνέχεον
1603 413 1673 455 διὰ

206 485 281 539 τὴν
312 484 578 538 νομιζομένην
605 483 814 539 ἀκρίβειαν
843 483 947 526 κατὰ
982 483 1033 525 τὰ
1049 480 1335 539 Ἀναξαγόρειοι
1354 482 1567 538 χρήματα.
1635 481 1675 524 οἳ

204 554 254 596 δέ
269 570 310 609 γε
342 557 414 607 τῆς
443 553 656 607 ἐκκλησίας
675 551 850 608 ὁρῶντες
880 552 932 595 τὰ
953 557 1122 596 πλεῖστα
1136 553 1214 606 ,μὲν
1234 551 1341 595 καθ’
1365 550 1537 600 ἑαυτοὺς
1556 559 1708 594 κατε-5

205 622 441 678 μέμφοντο,
478 619 854 676 ὑπομιμνήσκοντες
879 622 924 664 δὲ
952 623 1019 663 καὶ
1047 625 1106 679 τῷ
1139 619 1373 678 πατριάρχῃ
1411 619 1676 676 προσαναφέ-

207 707 348 744 ροντες
383 689 445 732 ὅτι
468 692 612 732 πολλοὶ
635 689 748 746 παρὰ
772 694 856 733 τῶν
883 689 1035 746 ἀγρίων
1066 688 1280 745 ὑπηρετῶν
1310 688 1466 744 πληγὰς
1497 687 1678 743 ἀνηλεῶς

207 757 465 814 ἐλάμβανον,
505 756 560 808 ὥς
582 760 712 813 δῆθεν
734 758 785 801 τὰ
806 759 937 801 πολλὰ
956 758 1059 813 μηδ’
1083 757 1221 811 εἰδότι,
1259 756 1600 813 κατεγινώσκοντο
1621 754 1678 806 ὥς

209 825 559 882 ἀταλαιπωρῆτως
596 826 755 882 ἔχοντες
785 830 875 882 περὶ
906 828 953 870 τὸ
984 826 1133 879 καλόν,
1178 826 1282 870 ὥστε
1309 831 1367 885 τῷ
1397 826 1456 881 μὴ
1486 826 1533 869 τὸ
1552 824 1677 868 κακὸν

160 897 191 932 ⁰
215 895 398 946 ἐκτόπως
419 903 550 949 μισεῖν
569 897 676 950 μηδὲ
707 896 753 938 τὸ
783 897 908 939 καλὸν
934 903 1019 946 τοῖς
1045 897 1186 946 αὐτοῖς
1203 894 1481 950 ὑποδέχεσθαι
1500 894 1677 950 μέτροις.
1690 906 1736 942 10

209 961 260 1020 ἦν
278 964 380 1022 γάρ,
419 963 475 1014 ὡς
504 962 640 1024 ἐῴκει,
675 963 695 1007 ὃ
717 965 869 1015 σκοπὸς
896 970 952 1023 τῷ
974 962 1312 1022 πατριαρχεύοντι
1335 966 1378 1007 ἐκ
1394 965 1522 1019 μέσον
1544 967 1682 1006 θεῖναι

210 1034 259 1077 τὸ
294 1031 549 1091 ἀδιάφορον,
594 1034 671 1076 εἷίε
701 1032 748 1076 ὃν
780 1034 856 1076 εἴτε
891 1037 1063 1085 δοκοῦν,
1116 1035 1159 1076 ἐκ
1189 1037 1367 1076 παλαιοῦ
1401 1035 1682 1089 ἐπεισφρῆσαν

213 1103 283 1146 διὰ
301 1102 375 1158 τὴν
397 1107 479 1145 τῶν
505 1107 785 1157 πνευματικῶν
806 1107 1051 1160 προστατῶν
1066 1136 1079 1155 ,
1117 1100 1171 1152 ὥς
1193 1102 1293 1162 ᾤετο
1305 1135 1318 1156 ,
1356 1101 1636 1157 ἀτημελησιάν
1654 1098 1680 1155 ἢ

213 1268 368 1315 nequiret
405 1268 602 1313 eruptiones
633 1269 671 1303 in
703 1268 834 1303 subitas
865 1273 901 1303 et
935 1267 1028 1302 nullo
1059 1272 1218 1314 respectu
1253 1266 1409 1302 tardatas
1443 1264 1684 1310 castigationes

212 1326 392 1361 perperam
416 1319 579 1350 actorum.
624 1321 755 1350 moesta
789 1315 865 1348 hinc
887 1315 997 1349 omnia
1020 1320 1111 1348 metu
1138 1314 1282 1356 solicito,
1306 1319 1402 1348 aestu
1425 1313 1607 1352 animorum
1630 1311 1686 1346 in-

213 1361 439 1407 quietissimo,
464 1362 610 1403 videres,
634 1361 815 1406 plerisque,
838 1361 914 1394 dum
938 1367 974 1393 et
997 1360 1231 1404 indignitatem
1258 1359 1487 1405 praesentium
1512 1364 1548 1392 et
1570 1357 1687 1404 perni-

213 1409 298 1441 ciem
320 1407 557 1441 imminentium
583 1419 657 1441 cum
693 1408 834 1441 horrore
866 1410 1046 1451 reputant,
1078 1418 1187 1451 usque
1217 1407 1260 1440 ad
1295 1405 1567 1451 desperationem
1600 1403 1688 1437 effe-

212 1455 306 1487 ratis.
356 1454 599 1499 crescebatque
626 1453 663 1487 in
695 1453 767 1487 dies
799 1452 937 1494 malum,
972 1453 1050 1486 dum
1082 1453 1184 1486 nihilo
1207 1452 1318 1486 secius
1341 1451 1494 1486 monachi
1525 1461 1592 1496 quo
1624 1460 1687 1495 per

212 1510 378 1544 praeceps
408 1500 634 1534 incubuerant
665 1503 823 1540 mentes,
858 1498 954 1532 novis
985 1499 1125 1532 subinde
1160 1498 1440 1543 frequentandis,
1474 1496 1687 1531 simulatione

212 1550 273 1578 aut
296 1550 477 1589 praetextu
502 1552 644 1579 exactae
666 1545 859 1589 religionis,
881 1545 1080 1578 inhumanae
1103 1545 1303 1578 acerbitatis
1326 1542 1508 1588 exemplis,
1540 1551 1687 1588 perver-

213 1593 333 1624 tebant
358 1591 674 1636 confundebantque
697 1590 825 1637 passim
845 1591 972 1634 omnia,
1003 1593 1042 1624 ut
1074 1596 1167 1625 esset
1189 1591 1257 1623 iam
1278 1590 1347 1624 illic
1370 1599 1532 1636 praesens
1554 1587 1687 1632 speeies

213 1636 380 1670 ecclesiae
413 1640 448 1670 et
486 1637 580 1670 urbis
612 1638 711 1681 plane
745 1637 877 1682 qualem
911 1637 1133 1681 Anaxagoras
1163 1636 1311 1681 origines
1346 1635 1463 1669 mundi
1492 1633 1688 1668 describens

214 1682 323 1718 fuisse
345 1682 542 1716 affirmabat
564 1688 708 1717 naturae
732 1682 877 1727 partium
901 1683 1028 1716 mixtim
1061 1695 1102 1716 ac
1125 1687 1252 1716 temere
1274 1685 1576 1722 coacervatur-um,
1608 1683 1690 1714 ante

216 1729 356 1770 mentis,
379 1739 468 1774 quae
492 1728 642 1763 ordinem
666 1729 798 1770 intulit,
823 1739 1005 1762 accessum.
1051 1729 1138 1762 talia
1160 1727 1381 1762 ecclesiastici
1400 1738 1475 1761 cum
1497 1731 1689 1768 cernerent,

243 1774 382 1819 leraque
413 1774 549 1820 quidem
579 1774 817 1820 improbabant
847 1774 962 1817 taciti,
995 1778 1031 1808 et
1061 1786 1175 1808 secum
1211 1773 1429 1808 aestimantes
1458 1776 1498 1807 ut
1531 1771 1631 1806 nimia
1652 1774 1691 1805 et

216 1785 376 1855 i'mmania
409 1821 623 1854 damnabant.
689 1832 730 1854 ac
765 1831 840 1854 cum
875 1820 1034 1855 arbitrati
1067 1820 1263 1866 patriarcha
1295 1820 1402 1854 multa
1431 1818 1551 1852 horum
1580 1817 1690 1852 inscio

217 1866 308 1909 fieri,
333 1878 407 1900 eum
432 1867 595 1900 adeuntes
616 1865 805 1900 indicarent
829 1877 918 1911 quae
940 1866 1083 1900 maxime
1103 1865 1328 1900 intolerabilia
1350 1865 1548 1906 credebant,
1569 1874 1692 1908 nempe

220 1918 340 1946 contra
364 1912 626 1947 ecclesiasticam
648 1912 819 1946 lenitatem
850 1912 952 1946 etiam
982 1912 1047 1947 vim
1073 1924 1114 1946 ac
1135 1913 1279 1946 verbera
1304 1923 1366 1957 per
1387 1912 1480 1946 feros
1500 1911 1573 1945 eius
1594 1908 1693 1944 mini-

219 1963 310 1993 stros
335 1958 484 2004 plurimis
507 1958 694 1993 crudeliter
716 1958 857 2001 inferri,
891 1958 981 2003 quod
1017 1970 1078 2003 pro
1102 1958 1156 1992 sui
1179 1958 1361 1992 atrocitate
1383 1967 1498 1992 omnes
1518 1955 1694 1990 existima-

220 2010 298 2037 rent
321 2010 459 2049 praeter
482 2011 626 2039 mentem
655 2009 691 2038 et
713 2004 801 2038 citra
823 2004 977 2038 notitiam
998 2004 1107 2049 ipsius
1131 2005 1175 2038 ab
1197 2003 1275 2038 istis
1297 2004 1481 2046 attentari,
1513 2002 1573 2037 ille
1594 2002 1693 2036 inex-

220 2050 453 2095 pectatissime
484 2062 554 2084 rem
586 2051 807 2095 comprobans
838 2050 940 2084 etiam
971 2051 1060 2084 ultro
1091 2049 1276 2084 monitores
1297 2050 1497 2095 increpabat
1518 2052 1558 2082 ut
1578 2047 1695 2083 hebed

222 2095 267 2129 ad
301 2096 377 2128 mali
412 2107 545 2130 sensum
576 2102 612 2130 et
635 2096 893 2130 detestationem
918 2096 1028 2130 animo
1042 2123 1051 2137 ,
1085 2107 1254 2142 apparere
1275 2096 1330 2130 vel
1352 2096 1433 2130 inde
1452 2095 1550 2130 aiens
1572 2094 1694 2128 callum

222 2141 403 2175 obductum
431 2142 584 2185 religioni
617 2154 658 2177 ac
694 2143 766 2176 zelo
800 2141 971 2188 ipsorum,
1008 2142 1066 2188 qui
1099 2149 1241 2188 aspectu
1264 2142 1478 2187 culpabilium
1501 2141 1694 2175 defectuum

221 2191 290 2220 tam
314 2198 433 2231 parum
457 2188 719 2222 offenderentur.
767 2188 798 2222 si
821 2189 908 2222 enim
937 2189 1078 2223 horrore
1109 2200 1177 2234 qno
1207 2199 1273 2234 par
1304 2189 1418 2222 fuerat
1449 2187 1493 2221 ad
1516 2195 1693 2220 occursum

221 2243 327 2277 prave
352 2239 503 2266 actorum
527 2238 835 2278 commoverentur,
866 2234 942 2279 ipso
973 2235 1090 2281 utique
1124 2234 1204 2268 mali
1227 2234 1305 2268 odio
1329 2234 1373 2268 ad
1392 2233 1473 2267 boni
1496 2231 1563 2277 ipsi
1584 2241 1694 2276 oppo-

221 2278 298 2319 siti,
323 2289 442 2324 nempe
465 2280 698 2323 castigationis
722 2292 789 2325 qua
812 2281 1030 2324 emendatur,
1063 2281 1274 2314 honestatem
1298 2278 1544 2324 agnoscendam
1567 2277 1694 2323 per-dn-

223 2323 322 2357 cendi
347 2325 502 2367 fuerant,
532 2335 594 2358 nec
615 2331 744 2359 temere
766 2331 806 2359 ut
828 2327 961 2360 nimium
984 2326 1155 2372 culpaturi
1178 2325 1399 2372 supplicium,
1421 2323 1512 2369 quod
1536 2333 1579 2356 ex
1600 2333 1694 2356 eom-

222 2370 399 2415 paratione
430 2382 472 2404 ac
504 2371 825 2405 commensuratione
853 2384 930 2406 cum
961 2379 1102 2417 peccato
1126 2372 1216 2417 quod
1249 2371 1363 2416 punit,
1394 2369 1520 2403 iustum
1552 2379 1628 2402 esse
1649 2379 1694 2402 ac

222 2415 433 2450 moderatum
467 2420 558 2449 recte
590 2417 806 2450 censentibus
829 2418 1037 2462 intelligitur.
1085 2418 1137 2451 his
1170 2416 1366 2461 patriarcha
1399 2414 1694 2459 obiurgationibus

221 2461 499 2507 insperatissimis
521 2462 604 2495 istos
628 2462 793 2496 ecclesiae
815 2463 978 2507 primores
1002 2463 1060 2509 qui
1083 2473 1158 2496 eum
1178 2460 1380 2496 admonituri
1403 2461 1651 2495 conveniebant
1673 2470 1696 2495 a

223 2515 263 2542 se
286 2507 446 2551 abigens,
481 2519 610 2542 omnem
631 2507 697 2540 iam
731 2508 794 2541 sibi
820 2509 910 2553 apud
934 2520 992 2542 eos
1016 2509 1174 2542 demebat
1197 2507 1447 2541 excusationem
1472 2507 1515 2540 ab
1539 2506 1697 2551 opinione

223 2551 437 2598 ignorantiae
460 2564 570 2587 rerum
593 2565 682 2599 quae
705 2553 853 2593 fiebant,
886 2559 922 2587 et
954 2558 1063 2588 totam
1085 2554 1118 2588 in
1140 2564 1235 2587 suum
1259 2558 1364 2599 caput
1386 2553 1582 2587 attrahebat
1606 2552 1696 2586 invi-

224 2599 338 2640 diam,
372 2599 456 2633 nihil
490 2599 588 2645 pensi
619 2598 798 2645 quidquam
833 2599 979 2641 habens,
1014 2600 1092 2633 dum
1125 2599 1235 2643 palam
1258 2603 1447 2633 ostentaret
1471 2610 1512 2632 eo
1534 2598 1636 2643 plane
1658 2609 1698 2632 se

225 2649 383 2690 spectare
406 2656 446 2680 ac
467 2650 563 2680 recta
584 2645 688 2686 ferri,
710 2650 750 2679 ut
773 2657 797 2679 e
816 2644 925 2679 medio
948 2645 1082 2679 tolleret
1104 2645 1333 2690 radicitusque
1355 2645 1542 2689 extirparet
1565 2644 1697 2678 omnino

226 2691 526 2737 qualemcumque,
563 2703 623 2726 seu
647 2701 761 2725 veram
784 2702 846 2725 seu
868 2694 1087 2736 apparentem
1111 2690 1572 2735 disciplinaeremissionem‚
1593 2689 1696 2734 vulgo

223 2735 484 2772 indifferentiam
507 2742 659 2772 vocatam
673 2762 683 2781 ,
716 2749 816 2782 quam
850 2747 892 2770 ex
922 2737 1022 2783 longo
1047 2737 1191 2782 putabat
1213 2737 1408 2782 obrepsisse
1430 2741 1573 2782 propter
1595 2735 1698 2782 spiri-

224 2783 366 2817 tualium
389 2783 581 2829 praesidum
603 2783 781 2825 incuriam,
797 2783 951 2817 inolitam
974 2794 1055 2818 vero
1088 2794 1165 2817 sese
1197 2781 1267 2816 iam
1293 2783 1382 2817 tueri
1411 2783 1555 2830 quadam
1577 2786 1698 2817 aucto—

225 2828 328 2865 ritate
352 2842 395 2866 ex
415 2829 625 2876 praeiudicio
650 2828 926 2874 consuetudinis,
947 2835 1068 2868 contra
1090 2828 1181 2876 quod
1202 2828 1269 2865 rite
1291 2835 1397 2876 atque
1419 2829 1537 2865 ordine
1558 2827 1611 2864 sui
1631 2826 1699 2862 mi-
