1820 3112
413 136 490 179 DE
523 134 854 180 ANDRONICO
881 137 1255 183 PALAEOLOGO
1290 139 1336 182 L.
1357 138 1411 182 Π.
1564 140 1656 185 115

191 264 290 298 νους
316 245 498 304 ἐλελήθει
527 246 693 299 πάντως
721 254 893 293 τοιαῦτα
915 247 1086 308 γράφων
1106 252 1253 301 ἐκεῖνος
1261 283 1275 303 ,
1314 250 1440 308 ὀργὴν
1459 251 1505 294 δὲ
1524 256 1658 295 ταῦτα

191 318 260 360 καὶ
277 314 410 372 μόνην
431 317 532 367 τέως
550 319 617 359 καὶ
636 322 709 361 τοῦ
730 318 961 362 ἀντιλυπεῖν
980 318 1110 376 ὄρεξιν
1132 318 1263 378 ᾤοντο
1290 318 1390 362 εἶναι
1409 321 1476 363 καὶ
1496 320 1657 377 ἦφρον-

189 387 357 428 τίστουν
379 387 446 427 καὶ
466 386 720 441 κατημέλουν
735 385 980 443 γράφοντος.
1050 387 1156 431 πολὺ
1177 388 1220 430 δ’
1239 386 1409 443 ὗφεῖρπε
1430 393 1552 431 τοῦτο
1575 389 1656 432 dmi

188 453 266 508 τὴν
296 456 639 505 Κωνσταντίνου,
686 457 775 510 περὶ
804 456 880 508 μὲν
907 459 983 498 τοῦ
1009 456 1115 498 καθ’
1150 454 1277 498 αὑτὸν
1302 454 1653 511 ὑποστελλομένου

157 526 272 565 δτῶν
292 520 525 564 ἀκουόντων
552 520 725 564 ἑκάστου
736 555 750 574 ,
788 521 844 573 ὥς
860 523 919 578 μὴ
940 526 1097 566 δοκοῖεν
1115 523 1195 578 ἀφ’
1219 522 1376 566 ἑαυτῶν
1395 525 1651 580 μέμφεσθαι,

189 591 272 632 δεῖν
289 591 335 632 δέ
351 592 418 632 καὶ
439 588 497 639 ὦς
514 591 607 644 ἐνῆν
627 590 834 645 προσέχειν
850 589 1071 647 λεγόντων,
1107 590 1166 647 μή
1196 609 1282 642 πως
1307 591 1328 634 ὅ
1359 591 1480 649 λόγος
1499 593 1582 647 ἔχοι
1600 594 1646 636 τό
1671 601 1702 637 Β

185 657 368 700 πιθανὸν
380 660 447 700 καὶ
468 659 594 712 μέσον
613 660 728 700 δυοῖν
746 657 961 714 ἐριζόντων
983 660 1101 702 αὐτοὶ
1121 658 1399 704 κινδυνεύοιεν.
1469 661 1585 718 ἕσερε
1606 663 1651 705 δὲ

185 730 353 775 πολλοῖς
382 731 480 768 νοῦν
505 724 531 781 ἦ
552 731 627 770 τοῦ
645 727 802 770 Βὲκκου
831 727 1086 785 ἀντίρρησις,
1125 730 1193 771 καὶ
1219 730 1510 785 ἓφυλοκρίνουν
1532 730 1650 787 ἀκρι-

185 798 273 847 βῶς
301 794 376 849 τὴν
397 792 607 849 ἐξήγησιν,
643 797 709 837 καὶ
728 800 887 848 μᾶλλον
910 796 972 839 ὅτι
991 796 1087 839 οὐδ’
1112 796 1235 839 αὐτοί
1248 815 1290 853 γε
1311 797 1351 840 οἶ
1374 795 1652 853 ὑπογράψαν-

132 871 176 906 10
187 879 253 912 τες
278 862 346 904 ἐπ’
370 860 596 918 ἀσφάλειαν
621 861 882 920 ὑπέγραφον,
921 864 1027 907 ἀλλὰ
1056 869 1117 923 τῷ
1146 865 1250 921 παρ’
1272 866 1431 908 ἐκείνων
1448 864 1651 922 ἐπερειδό-

183 947 298 985 μενοι
315 929 538 987 γράμματι.
610 931 698 989 (3)
734 933 898 986 συμβὰν
931 933 979 975 δέ
1002 950 1042 976 τι
1070 934 1136 975 καὶ
1166 935 1258 989 περὶ
1291 933 1362 976 τὸν
1390 934 1644 988 ἔσκαμματι-
1669 941 1701 976 C

184 999 333 1053 σμένον
363 996 659 1056 χαρτοφῦλακα
702 998 751 1057 (ὅ
784 1001 863 1058 γὰρ
891 999 1165 1057 Μοσχάμπαρ
1194 1004 1260 1044 καὶ
1289 1002 1527 1057 προαπέστη
1558 1001 1648 1057 ἅμα

181 1068 257 1122 μὲν
287 1066 481 1123 ὄφφικίου
509 1066 598 1121 ἅμα
628 1068 672 1110 δὲ
699 1070 765 1110 καὶ
798 1067 1078 1126 πατριάρχου,
1117 1067 1436 1126 μικροψυχήσας
1459 1071 1528 1112 ε’πί
1547 1087 1644 1125 τισι,

184 1137 251 1178 καὶ
286 1135 355 1177 διὰ
382 1135 515 1178 ταῦθ’
545 1134 740 1190 ἑπόμενον
767 1135 900 1196 ἑαυτῷ
927 1140 995 1180 καὶ
1022 1138 1093 1181 τὸν
1123 1136 1495 1194 πεντεκκλησιῶτην
1514 1137 1646 1196 εἶχεν)

129 1215 173 1250 15
184 1203 387 1259 ἐπέρρωσε
424 1203 608 1246 κάκείνου
646 1204 723 1259 τὴν
761 1208 850 1261 περὶ
883 1206 955 1249 τὸν
986 1204 1243 1262 πατριάρχην
1270 1206 1533 1260 δυσμένειαν,
1577 1209 1651 1250 καί

180 1271 224 1328 y’
247 1271 323 1327 οὔχ
350 1269 433 1315 οἷοί
450 1271 494 1315 τ’
519 1271 631 1323 ὄντες
649 1273 762 1332 αὐτῷ
780 1272 1059 1330 διαμάχεσθαι
1085 1274 1190 1331 πρὸς
1217 1274 1289 1318 τὸν
1312 1272 1441 1329 τόμον
1463 1275 1645 1329 ἀπεῖδον,

180 1447 350 1484 subiicere
379 1452 500 1484 auctor
523 1450 762 1496 profitebatur.
807 1455 979 1484 caeterum
1009 1450 1075 1484 iam
1106 1454 1197 1493 tum,
1228 1461 1303 1485 cum
1325 1450 1411 1485 haec
1434 1450 1568 1486 Veccus
1589 1449 1644 1486 in-

181 1495 339 1538 choavit,
371 1506 438 1529 non
466 1496 566 1530 latuit
598 1495 814 1530 adversarios
848 1508 953 1542 super
977 1497 1042 1530 hoc
1075 1497 1169 1530 illum
1202 1502 1400 1540 argumento
1423 1498 1644 1532 commentari

179 1539 360 1585 quidpiam
406 1541 467 1575 sed
491 1553 567 1576 cum
591 1542 811 1587 opinarentur
841 1542 914 1576 irae
938 1543 1114 1577 dumtaxat
1135 1542 1168 1576 in
1192 1554 1233 1576 eo
1254 1543 1362 1587 ipsum
1386 1543 1550 1588 obsequi,
1578 1555 1643 1577 nec

179 1585 272 1619 aliud
303 1591 516 1621 ostensurum
550 1588 583 1621 id
619 1588 750 1632 agendo
784 1588 851 1623 nisi
877 1589 1046 1622 rabiosam
1070 1588 1279 1634 pruriginem
1301 1588 1447 1622 vicissim
1470 1589 1644 1634 pungendi

178 1642 239 1665 eos
262 1642 283 1665 a
304 1632 426 1676 quibus
448 1644 486 1666 se
508 1634 699 1667 confossum
721 1634 875 1676 doleret,
909 1634 1095 1668 carituram
1128 1634 1333 1667 auctoritate
1355 1635 1519 1668 rebantur
1541 1636 1642 1668 istam

179 1676 253 1710 eius
274 1677 509 1723 scriptionem,
531 1679 676 1725 ideoque
699 1680 931 1724 negligendam
955 1691 1026 1713 rem
1048 1674 1154 1714 totam
1175 1684 1359 1725 putarunt,
1390 1691 1511 1713 securo
1534 1679 1642 1713 inanis

178 1722 344 1776 strepitus
365 1723 607 1760 indormiscere
630 1725 835 1770 contemptui
859 1731 1050 1759 statuentes
1071 1725 1137 1759 sibi
1161 1736 1262 1769 porro
1285 1725 1384 1758 unice
1405 1725 1522 1759 licere.
1556 1726 1642 1759 haec

177 1769 405 1812 patriarcham
436 1781 511 1804 cum
541 1771 630 1814 suis,
663 1783 707 1805 ne
737 1771 957 1815 interpellare
980 1775 1039 1804 aut
1061 1771 1223 1815 impedire
1245 1782 1267 1804 a
1291 1770 1471 1804 scribendo
1493 1771 1642 1804 Veccum

179 1818 360 1855 curarent,
383 1816 493 1849 tenuit
509 1816 655 1858 fiducia,
679 1828 746 1862 qua
768 1828 806 1850 se
828 1817 933 1851 falsos
955 1823 1075 1861 postea
1098 1819 1288 1851 senserunt.
1320 1827 1398 1849 nam
1422 1815 1525 1849 Vecci
1549 1827 1642 1849 com-

122 1868 125 1869 ’
177 1859 361 1894 mentarius
380 1872 445 1907 per
465 1862 583 1896 urbem
607 1862 935 1902 Constantinopolim
958 1864 1044 1896 clam
1067 1873 1209 1907 serpens
1232 1861 1354 1906 cupide
1386 1861 1495 1894 lectus
1518 1872 1540 1894 a
1562 1863 1641 1906 plu-

177 1903 271 1938 rimis
302 1910 375 1947 est,
411 1910 447 1940 et
476 1907 648 1953 plerisque
678 1908 830 1942 aculeum
858 1908 992 1950 infixit,
1024 1907 1298 1941 contrahentibus
1330 1906 1474 1940 animum
1504 1916 1567 1951 pro
1599 1917 1639 1940 se

177 1960 335 1994 quoque,
373 1951 432 1996 qui
461 1951 621 1996 legebant
653 1958 713 1987 aut
742 1954 934 1998 legentibus
965 1964 1066 1987 aures
1090 1953 1238 1994 dabant,
1274 1952 1350 1985 dum
1375 1962 1501 1985 arcana
1523 1951 1642 1985 solici-

177 1999 295 2028 tantur
323 2007 426 2038 cura,
462 2008 506 2031 ne
538 1999 768 2042 perfunctorie
797 1999 1067 2033 transmittentes
1088 2009 1159 2031 rem
1182 2000 1345 2032 accurata
1366 1996 1639 2032 consideratione

176 2039 311 2083 diguam
343 2045 472 2075 temere
503 2043 720 2086 praeiudiciis
741 2045 997 2089 acquiescerent
1018 2043 1055 2076 in
1074 2043 1118 2077 iis
1139 2054 1229 2087 quae
1251 2041 1320 2088 per*
1337 2053 1375 2076 se
1394 2042 1488 2087 ipsos
1509 2054 1640 2088 expen-

176 2085 269 2120 disse
291 2085 470 2130 diiigenter
494 2098 559 2132 par
580 2089 711 2130 suerat,
745 2089 1059 2133 committerentque
1081 2094 1119 2121 ut
1148 2099 1186 2121 se
1208 2089 1300 2132 ipsos
1322 2098 1400 2122 sero
1423 2091 1544 2133 postea
1566 2089 1640 2123 cul-

176 2142 260 2176 pare
291 2137 497 2176 cogerentur
527 2134 754 2178 negligentiae
785 2135 949 2180 supinae,
985 2139 1144 2178 oportere
1172 2133 1339 2178 siquidem
1369 2144 1512 2179 aequum
1544 2134 1638 2169 arbi-

177 2182 268 2211 trum
290 2177 398 2210 otiose
422 2188 627 2222 cognoscere
649 2190 738 2224 quae
766 2179 922 2213 dicuntur
945 2180 989 2213 ab
1012 2178 1141 2212 utrovis
1161 2178 1443 2223 disceptantium,
1479 2179 1639 2225 explora-

176 2234 283 2267 reque
314 2234 454 2268 ecquam
485 2224 806 2258 verisimilitudinem
838 2226 928 2258 forte
961 2224 1119 2258 maiorem
1143 2224 1218 2258 eius
1240 2225 1349 2258 oratio
1372 2224 1428 2258 cui
1450 2225 1560 2259 minus
1582 2227 1637 2259 fa-

176 2272 279 2302 v‘etur
299 2280 383 2313 prae
405 2280 443 2303 se
465 2269 567 2303 ferat.
615 2269 740 2314 alioqui
764 2280 924 2315 passuros
947 2269 1037 2314 quod
1068 2269 1285 2314 deprehensis
1306 2270 1340 2304 in
1362 2269 1472 2304 medio
1489 2271 1638 2314 ‚duorum

176 2315 379 2348 certantium
403 2314 590 2359 contingit,
625 2320 664 2349 nt
686 2315 751 2359 ipsi
774 2326 816 2349 ex
839 2315 947 2348 alieno
969 2314 1078 2360 iurgio
1100 2315 1272 2361 proprium
1293 2315 1329 2349 in
1352 2327 1429 2350 sese
1450 2315 1635 2361 periculum

175 2361 362 2396 attrahant.
409 2360 473 2394 hac
504 2372 586 2405 ergo
617 2361 781 2405 religione
813 2361 962 2394 instincti
991 2361 1136 2395 lectores
1170 2361 1418 2404 dissertationis
1440 2365 1559 2396 contra
1582 2365 1636 2395 to·

174 2415 266 2438 mum
298 2405 514 2450 patriarchae
537 2418 557 2440 a
580 2407 692 2440 Vecco
724 2406 838 2440 editae
869 2406 1001 2450 singula
1026 2405 1108 2441 folia
1129 2407 1366 2451 expendebant
1385 2407 1519 2441 iudiciis
1540 2406 1636 2441 acri-

174 2450 259 2492 bus,
288 2451 430 2485 maxime
461 2463 535 2486 cum
567 2452 723 2497 plerique
751 2456 951 2497 reputarent
980 2451 1070 2485 haud
1099 2463 1137 2486 se
1166 2452 1307 2498 proprio
1337 2463 1439 2486 seusu
1470 2464 1509 2486 re
1543 2453 1636 2486 clare

174 2502 358 2541 perspecta
379 2497 455 2542 ipsa
479 2501 515 2531 et
537 2498 610 2532 eius
632 2497 800 2532 evidentia
822 2497 1037 2532 securitatem
1061 2497 1164 2531 dante
1185 2497 1448 2543 subscripsisse,
1480 2497 1541 2532 sed
1563 2500 1636 2532 fre-

174 2544 229 2574 tos
260 2542 464 2577 auctoritate
495 2543 676 2578 scribentis
705 2543 833 2588 scripto
864 2542 1087 2588 acquievisse.
1133 2544 1213 2588 (3)
1236 2543 1395 2589 quiddam
1417 2553 1520 2588 porro
1543 2546 1635 2587 quod

176 2586 317 2631 contigit
337 2588 430 2622 circa
450 2589 786 2634 exchartophylacem
811 2590 913 2632 (nam
935 2588 1175 2633 Moschampar
1196 2589 1296 2634 paulo
1320 2595 1402 2623 ante
1425 2592 1460 2623 et
1481 2591 1635 2622 cesserat

175 2631 290 2665 officio
318 2637 355 2667 et
383 2645 405 2667 a
435 2634 631 2678 patriarcha
660 2645 698 2668 se
726 2637 937 2675 removerat,
969 2634 1170 2678 quibusdam
1198 2634 1451 2668 offensiunculis
1479 2643 1633 2676 aversus,

176 2682 366 2715 consortem
393 2690 527 2725 quoque
566 2679 746 2715 simultatis
783 2690 896 2713 secum
935 2678 1065 2713 habens
1106 2679 1496 2725 quinquecclesiensem)
1538 2678 1636 2712 auxit

176 2721 352 2768 utriusque
384 2724 422 2758 in
450 2725 679 2770 patriarcham
710 2725 833 2759 odium.
880 2724 915 2758 hi
947 2735 1023 2758 cum
1056 2736 1095 2758 se
1129 2725 1221 2759 haud
1243 2737 1345 2771 pares
1368 2728 1547 2759 cernerent
1567 2723 1636 2770 ipsi

174 2766 288 2812 palam
315 2771 541 2815 oppugnando
569 2770 807 2816 patriarchae,
836 2769 880 2804 ad
911 2769 996 2805 tomi
1017 2771 1268 2806 accusationem
1290 2770 1435 2806 animum
1457 2769 1633 2816 appulere,
