1858 3126
330 149 407 192 DE
442 145 779 191 ANDRONICO
814 142 1198 189 PALAEOLOGO
1234 144 1282 187 L.
1316 142 1392 186 IV.
1499 139 1598 187 347

124 262 291 321 ἄγοντες
301 294 315 316 ,
360 259 525 316 ἑτέρους
555 262 756 315 ζητοῦντα
787 257 886 308 τοὺς
913 256 1113 311 ἄξοντας,
1155 251 1214 301 ὧν
1249 257 1318 300 καὶ
1355 254 1600 311 μαχομένων

76 386 80 387 ⁷
124 333 244 378 αὖτοὶ
262 331 506 388 κερδαίνοιεν
524 332 807 383 πολεμοῦντες.
874 331 1000 370 τοῦτο
1017 325 1279 381 συμβεβηκὸς
1294 326 1362 368 καὶ
1379 329 1438 384 τῷ
1456 328 1590 369 Σολυ-
1613 329 1645 364 D

124 399 316 457 μᾶμπαξι
335 400 502 456 ἀχρείαν
521 398 645 441 ἐποίει
661 395 877 452 Ῥωμαίοις
899 395 975 450 τὴν
994 399 1069 451 τῆς
1096 395 1314 451 ἇνακωχῆς
1330 392 1451 450 χάριν
1462 427 1476 446 ,
1512 397 1596 437 τῶν

126 468 203 514 ὕπ’
229 469 344 527 αὐτῷ
361 466 730 524 στρατηγουμένων
748 464 849 515 τέως
870 462 1022 520 ἑτέροις
1039 461 1289 516 συνιόντων,
1328 465 1396 506 καὶ
1423 463 1475 506 τὰ
1493 461 1600 505 αὐτὰ

93 537 350 593 5Ῥωμαίους
367 534 563 591 δρώντων
582 534 648 579 ὅσ’
687 533 740 578 ἄν
768 532 846 577 κᾶν
871 531 949 576 ὕπ’
975 532 1089 593 αὐτῷ
1115 532 1162 576 τὸ
1181 534 1277 588 πρὶν
1297 530 1600 590 ἓστρατήγηντο

126 606 343 663 ἔπραττον.
412 604 519 649 ἀλλὰ
543 604 598 648 τὰ
623 604 815 648 ἐντεῦθεν
844 601 1134 657 ἐπισυμβάντα
1166 599 1372 659 εἰρήσεται
1400 600 1507 644 κατὰ
1529 598 1604 644 τό·

126 693 206 721 πον
222 674 409 724 ἔσαῦθις.

266 744 346 790 31.
393 739 499 786 Τότε
519 741 565 784 δὲ
580 740 775 795 βασιλεὺς
794 740 926 784 δεινὸν
946 740 1106 796 οἰηθεὶς
1122 740 1158 782 εὶ
1176 740 1243 782 καὶ
1266 738 1390 782 πλέον
1408 738 1600 796 ἀφίξοιτο
1625 748 1654 784 P
1679 749 1746 785 239

126 817 202 857 τοῦ
223 813 300 868 τὴν
321 812 537 867 ἐκκλησίαν
554 814 761 873 καθιστᾷν
779 808 998 868 (μηδὲγὰρ
1019 808 1084 852 ἔπ’
1109 807 1260 868 ἀγαθῷ
1280 806 1381 851 εἶναι
1400 814 1489 858 τοῖς
1503 806 1603 852 Ῥω-

74 891 118 926 10
127 883 263 938 μαίων
282 878 495 938 πράγμασι
525 878 573 922 τὸ
591 879 651 934 μὴ
675 880 717 922 ἐν
736 875 986 922 καταπόσει
1013 877 1089 933 τὴν
1107 878 1325 932 ἐκκλησίαν
1344 876 1475 934 εἶναι)
1485 910 1499 930 ,
1534 896 1606 931 μι-

129 951 228 1008 κρὸν
253 949 456 1007 ἀφέμενος
487 953 570 992 τῶν
602 947 683 999 ἔξω
705 949 940 1005 φροντίδων
958 948 1097 990 ε’δίδου
1119 948 1186 989 καὶ
1210 953 1301 997 ταῖς
1321 945 1424 1003 ὑπὲρ
1443 950 1520 1001 τῆς
1540 948 1608 990 ἐκ-

129 1020 299 1075 κλησίας
313 1019 552 1075 μερίμναις,
589 1016 672 1072 ἤδη
689 1018 757 1060 καὶ
782 1015 903 1059 πάλιν
925 1015 1155 1073 ἀρχομένης
1172 1016 1485 1071 κραδαίνεσθαι.
1538 1017 1608 1059 καὶ

129 1089 183 1144 δὴ
200 1085 400 1138 συνόδους
420 1091 583 1142 συνῆγε,
621 1088 688 1128 καὶ
707 1086 827 1142 ἱερῶν
840 1085 1004 1142 ἀνδρῶν
1023 1083 1254 1140 σύνταγμα,
1279 1085 1376 1128 ὅσον
1392 1079 1444 1140 ἦν
1462 1086 1505 1136 ἐξ
1527 1084 1606 1142 ἆρ-

129 1157 294 1214 χιερέων
314 1158 383 1199 καὶ
409 1154 508 1199 ὅσον
529 1155 574 1199 ἔκ
593 1159 796 1212 κληρικῶν
818 1172 861 1198 τε
888 1157 956 1197 καὶ
973 1158 1192 1209 μοναχῶν,
1231 1155 1288 1203 εἷς
1302 1153 1457 1197 ταύτὸν
1478 1155 1606 1197 καθί-

76 1231 119 1268 15
132 1243 235 1279 στα,
267 1228 336 1269 καὶ
366 1225 655 1281 συνδιημέρευε
685 1221 872 1276 τούτοις,
910 1224 963 1267 τὰ
983 1225 1072 1279 περὶ
1097 1227 1174 1278 τῆς
1190 1220 1478 1279 παραιτήσεως
1498 1222 1606 1265 κατὰ

130 1291 308 1344 κανόνας
330 1291 654 1350 διερευνώμενος.
725 1291 817 1336 τότ’
841 1292 913 1350 ἐφ’
936 1291 1109 1347 ἡμέραις
1136 1291 1424 1347 συναγομένων
1445 1294 1600 1347 σχίσμα
1624 1295 1653 1329 Β

129 1360 295 1420 γεγόνει.
362 1365 430 1405 καὶ
451 1363 492 1406 οἱ
508 1363 583 1417 μὲν
601 1359 835 1419 πατριάρχῃ
852 1363 1135 1418 προσκείμενοι
1153 1360 1205 1403 τὰ
1226 1365 1302 1415 τῆς
1318 1359 1606 1417 παραιτήσεως

131 1431 208 1476 οὐκ
235 1431 421 1486 ἐδέχοντο
438 1444 449 1456 ·
484 1429 689 1489 ὑβρίσθαι
714 1430 793 1488 γὰρ
826 1430 963 1487 ἔλεγον
997 1434 1172 1484 τοῦτον,
1208 1431 1276 1472 καὶ
1306 1427 1486 1486 ἀνάγκην
1504 1428 1605 1474 εἶναι

225 1529 280 1566 15.
304 1529 367 1565 καὶ
389 1527 523 1564 deerat.

130 1611 192 1645 bat
214 1612 254 1644 ut
275 1610 319 1645 ab
343 1621 384 1644 eo
407 1612 622 1655 satraparum
644 1619 743 1654 quem
766 1608 943 1654 quiescere
962 1607 1139 1651 viderent,
1173 1607 1291 1643 statim
1323 1607 1367 1642 ad
1402 1607 1504 1643 alium
1527 1620 1609 1643 suos

130 1657 178 1691 ad
198 1655 338 1702 rapinas
360 1656 596 1690 immittentem
624 1655 831 1697 transirent,
863 1654 976 1689 securi
1007 1654 1207 1701 disciplinae
1238 1654 1414 1698 militaris,
1448 1661 1484 1688 et
1508 1666 1608 1689 unam

131 1701 235 1736 unice
255 1706 472 1748 spectantes,
504 1713 594 1748 quae
623 1701 697 1735 sola
729 1701 795 1735 illis
818 1706 895 1735 erat
928 1701 1075 1734 bellandi
1097 1701 1206 1743 ratio,
1232 1701 1320 1736 lucri
1351 1701 1418 1734 sibi
1442 1712 1484 1735 ex
1506 1705 1608 1745 rapto

132 1748 334 1783 conficiendi
354 1747 637 1783 commoditatem.
683 1747 719 1782 id
742 1747 834 1792 quod
858 1752 940 1781 tunc
962 1747 1214 1792 Solymampaxi
1247 1746 1446 1791 contingens
1460 1772 1471 1790 ,
1494 1750 1533 1780 ut
1558 1746 1611 1780 ni-

132 1793 253 1828 mirum
275 1794 396 1829 milites
418 1806 495 1828 eum
518 1794 571 1828 sui
594 1793 819 1828 abstinentem
838 1793 907 1827 iam
930 1804 951 1827 a
973 1793 1104 1839 rapinis
1118 1795 1319 1828 desererent
1333 1794 1610 1837 transfugerent-

133 1849 203 1885 que
231 1841 277 1874 ad
298 1843 460 1875 Amnram
490 1840 526 1875 in
547 1839 714 1874 Romania
744 1839 1023 1880 latrocinantem,
1047 1840 1183 1874 obstitit
1205 1839 1383 1885 quominus
1405 1842 1544 1883 sperato
1567 1849 1611 1872 ex

135 1885 210 1920 eiua
232 1897 308 1920 cum
331 1886 535 1932 Cuximpaxi
557 1887 724 1920 societate
746 1886 938 1931 urgentium
959 1886 1122 1919 malorum
1143 1888 1335 1919 laxamento
1357 1884 1519 1929 quopiam
1536 1884 1610 1917 Ro-

135 1930 225 1964 mani
247 1933 453 1973 fruerentur,
476 1932 640 1966 militibus
662 1932 735 1966 eius
758 1943 820 1976 per
843 1931 1023 1965 transitum
1046 1932 1091 1965 ad
1114 1931 1183 1965 alia
1204 1931 1332 1965 infesta
1346 1930 1536 1964 Romaniae
1550 1941 1611 1964 ea·-

135 1980 211 2010 stra
231 1976 327 2010 malis
350 1977 473 2011 iisdem
494 1977 628 2022 imperii
650 1978 804 2011 subditos
827 1989 916 2011 nunc
944 1978 1167 2018 vexantibus,
1203 1977 1327 2022 quibus
1350 1982 1451 2010 antea
1474 1975 1611 2010 eosdem

136 2021 349 2063 affecerant,
385 2034 460 2056 curu
482 2024 628 2056 nondum
660 2023 829 2057 conciliati
851 2022 1121 2068 Solymampaxis
1144 2022 1241 2066 signa
1265 2027 1500 2067 sequerentur.
1547 2022 1611 2057 sed

134 2078 225 2114 quae
247 2068 394 2102 indidem
418 2068 485 2102 alia
507 2068 592 2102 oriri
615 2069 738 2102 deinde
759 2069 847 2103 mala
869 2068 1026 2112 contigit,
1050 2079 1112 2102 suo
1136 2068 1259 2102 iterum
1281 2069 1356 2102 loco
1380 2070 1586 2104 referentur.

226 2114 282 2148 31.
331 2114 514 2148 Caeterum
541 2115 605 2148 hae
635 2114 870 2159 qualicumque
901 2115 1003 2148 rebus
1035 2113 1198 2147 Romanis
1230 2126 1273 2148 ex
1304 2115 1445 2149 foedere
1467 2115 1609 2149 duorum

134 2163 347 2204 satraparum
372 2159 576 2194 remissionis
598 2160 713 2194 oblata
735 2171 816 2205 spe,
847 2171 937 2205 quae
959 2171 1061 2205 quam
1082 2171 1172 2194 vana
1193 2164 1308 2203 esset,
1342 2171 1406 2195 usn
1437 2162 1609 2206 posterius

135 2206 321 2252 apparuit3
353 2206 503 2240 indutias
535 2206 724 2250 urgentium
759 2217 916 2239 curarum
939 2210 1060 2239 nactus
1082 2205 1217 2240 interim
1238 2207 1336 2240 velut
1358 2207 1519 2252 quasdam
1544 2208 1610 2242 im-

134 2257 288 2296 perator,
310 2263 415 2296 grave
437 2264 501 2286 nec
524 2251 795 2286 committendum
814 2251 880 2286 sibi
902 2251 1037 2296 putavit
1058 2253 1283 2297 supersedere
1303 2254 1447 2298 amplius
1469 2254 1608 2288 conatui

134 2298 368 2332 restituendae
389 2298 647 2344 tranquillitatis
670 2297 845 2339 ecclesiae,
873 2298 968 2331 cuius
989 2297 1172 2342 gliscentes
1194 2299 1407 2334 turbationes
1428 2299 1465 2334 in
1487 2300 1607 2345 reipu-

135 2343 246 2378 blicae
268 2344 374 2390 ipsius
397 2356 439 2379 ac
461 2349 573 2379 status
596 2344 725 2389 politici
747 2344 940 2377 redundare
966 2343 1396 2390 periculumjntelligebat.
1442 2345 1609 2391 impendit

135 2389 242 2434 igitur
264 2390 403 2425 brevem
425 2391 515 2426 illam
539 2402 560 2424 a
584 2390 855 2425 solicitudinibus
888 2389 1023 2435 imperii
1055 2389 1206 2434 requiem
1227 2390 1264 2425 iu
1287 2403 1386 2426 acres
1407 2403 1509 2426 curas
1532 2397 1611 2426 sta-

135 2434 302 2471 biliendae
324 2437 420 2482 pacis
442 2437 625 2478 ecclesiae,
649 2448 738 2482 quae
761 2435 897 2470 concuti
919 2446 1039 2469 rursus
1059 2435 1267 2482 incipiebat3
1300 2438 1523 2484 congregavit
1545 2450 1608 2482 sy-

137 2481 256 2534 nodos,
280 2486 317 2516 et
338 2493 510 2517 sacrorum
533 2483 700 2517 hominum
723 2487 925 2517 conventum
947 2481 1109 2523 instituit,
1129 2487 1294 2528 quantum
1312 2484 1356 2518 ad
1378 2495 1511 2519 manum
1542 2484 1609 2518 fuit

137 2533 573 2619 mffiffseqxffiss
594 2527 1200 2620 §23502022’03122331‘3033303
1220 2540 1322 2621 13:3¹?
1330 2541 1609 2611 1332„ssss

138 2616 184 2650 de
205 2619 420 2671 patriarchae
442 2620 657 2655 abdicatione
679 2621 894 2655 statuendum
926 2619 1114 2654 videretur.
1160 2621 1340 2656 celebratis
1361 2634 1424 2668 per
1446 2622 1520 2656 dies
1546 2622 1610 2655 ali-

137 2668 223 2715 quot
244 2664 434 2700 istiusmodi
456 2667 702 2711 conventibus,
734 2667 845 2702 scindi
870 2665 930 2712 qui
960 2667 1138 2700 coiverant
1168 2673 1353 2714 coepemnt
1377 2669 1414 2702 iu
1439 2668 1525 2702 duas
1547 2679 1612 2713 po-

141 2708 303 2744 tissimum
335 2713 533 2747 sententias.
579 2724 657 2747 nam
688 2712 749 2759 qui
778 2713 942 2748 favebant
975 2711 1212 2757 patriarchae,
1256 2714 1506 2749 abdicationem
1538 2714 1611 2748 eius

140 2752 399 2801 haudquaquam
420 2758 660 2793 admittendam
683 2759 930 2804 opinabantur,
966 2758 1095 2804 quippe
1117 2770 1219 2804 quam
1242 2760 1399 2795 dicerent
1420 2759 1527 2794 invito
1550 2770 1613 2794 ex-

141 2803 265 2835 tortam
278 2825 289 2842 ,
321 2801 413 2838 iusta
441 2803 653 2850 impatientia
675 2805 896 2850 gravissimae
930 2805 1175 2850 contumeliae3
1203 2806 1299 2842 cuius
1322 2818 1398 2841 cum
1419 2805 1611 2852 reparatio-
