1858 3126
300 162 398 208 698
684 161 996 205 OBSERVAT.
1026 163 1338 210 PACHYMER.

297 279 382 311 tum
403 270 524 310 verba
549 271 761 342 quaedam,
792 285 889 324 quae
916 272 996 311 hoc
1024 273 1226 313 evidenter
1257 274 1439 343 probant.
1493 276 1549 316 sic
1578 276 1742 328 incipit:

298 331 343 369 εὐ
370 342 412 380 γε
432 330 510 367 τῶν
539 327 737 379 ὑμετέρων
763 326 862 369 κατοέ
886 345 960 381 την
988 325 1242 402 ἀναχώρησιν
1273 326 1576 384 ἅριστευμᾶτων.
1633 349 1676 374 ευ
1699 349 1744 403 γε

296 386 378 424 τῶν
398 382 599 436 ὑμετέρων
615 380 708 424 κατ’
726 381 868 458 ἆρετην
889 387 1101 439 τροπαίων.
1146 386 1337 440 υπέρευγε
1353 390 1426 440 τῆς
1440 387 1628 442 ὑμετέρας
1645 387 1745 430 noeto?

297 438 364 481 τὸν
389 438 616 493 ἔγκλεισμον
645 443 811 493 ματαίας
840 441 908 482 καὶ
939 445 1130 495 σκηνικῆς
1147 443 1215 483 καὶ
1223 444 1640 512 κατεσχηματισμένης
1662 447 1744 486 δια-

297 499 439 551 γωγῆς.
495 497 636 536 vides'
625 512 665 536 in
690 497 752 536 his
770 500 916 537 claram
939 499 1174 537 mentionem
1201 495 1491 569 ἀναχωρήσεως
1517 502 1744 539 secessionis

297 567 326 590 a
345 567 558 604 congressa
574 554 808 606 hominum,
842 561 880 593 et
905 556 1101 608 διαγωγης
1120 552 1212 596 κατ’
1241 554 1468 609 ἐγκλεισμὸν
1489 558 1668 594 instituti
1682 559 1744 595 ι’ἰ-

297 617 364 647 tae
399 612 510 648 intra
537 611 775 649 clausuram
804 626 845 649 se
862 614 1112 651 continentis.
1169 612 1347 663 obiurgat
1364 619 1493 652 autem
1512 612 1620 651 hunc
1635 613 1746 664 quod

296 679 349 704 ex
382 667 581 705 fenestella
612 667 784 706 cubiculi
815 668 919 706 intra
950 669 1058 720 quod
1091 668 1246 707 clausus
1275 669 1463 719 durabat,
1493 675 1532 707 et
1548 676 1656 708 trans
1672 669 1745 708 ob-

297 723 416 760 ducta
442 723 502 760 illi
527 723 697 773 clathra,
729 724 962 763 audiebatur
982 724 1234 776 cupidissime
1261 739 1306 762 ac
1324 725 1598 777 loquacissime
1617 739 1745 776 nego—

294 779 432 817 tiando
464 780 707 818 tumultuans
725 809 737 827 ,
780 781 876 832 quin
904 787 943 819 et
969 780 1159 819 iracunde
1192 781 1419 820 convicians
1447 795 1744 833 nonnumquam

295 849 438 874 manus
459 849 529 887 per
549 843 673 875 crates
694 837 743 874 ad
765 838 978 889 pulsandos
998 837 1151 876 rabiose
1168 838 1307 876 obvios
1328 838 1528 888 emittens,
1553 845 1599 876 ut
1625 851 1742 876 ursus

296 906 319 931 e
341 893 645 931 cavea.ve1ba
663 892 760 931 haec
780 901 892 932 sunt:
922 909 1001 934 των
1018 893 1062 934 ἐν
1080 898 1130 964 τῇ
1146 890 1195 946 οἷγ
1199 897 1273 949 0ρᾷ
1299 897 1459 946 θερμως
1475 893 1743 947 ἐμπορευομέ-

295 964 401 997 νων,
431 947 596 988 καὶτῶν
617 947 688 997 τοὶς
718 951 860 1003 μυρίας
886 951 1000 998 δίκας
1029 949 1096 990 καὶ
1128 949 1197 998 τας
1229 951 1410 998 ποικίλας
1439 950 1674 1004 λογομαχίας
1698 949 1742 990 ἐν

297 1006 564 1058 Πραιτωρίοις
591 1004 834 1055 πλεκόντων,
875 1003 995 1047 ου’δὲν
1023 1007 1153 1054 δοκεῖς
1180 1003 1440 1056 διαλλαττειν,
1478 1007 1743 1075 πραγματείας

294 1062 485 1109 παντοίας
504 1061 590 1101 ἔπιν
582 1066 686 1111 οῶν,
716 1059 869 1131 κράζων
890 1059 975 1115 μετ’
995 1058 1115 1133 ὀργῆς
1135 1062 1203 1102 καὶ
1219 1059 1390 1115 βρύχιον,
1419 1058 1498 1104 α’πὸ
1502 1066 1585 1130 τῆς
1605 1059 1742 1132 γαλεα-

292 1133 389 1171 γρας
408 1119 662 1170 καθυβρίζων
680 1118 747 1158 καὶ
770 1116 959 1159 σκώπτων
987 1119 1054 1158 καὶ
1073 1120 1287 1169 λοιδορῶν,
1317 1115 1629 1171 διαμεμφὸμενος
1646 1133 1742 1166 τους

292 1172 676 1227 παρατυγχάνοντας,
707 1172 800 1215 ἔσθ’
820 1172 882 1216 ότε
902 1173 944 1215 δὲ
962 1191 1030 1215 και
1048 1190 1117 1222 τας
1139 1176 1243 1222 ἰδίας
1263 1179 1395 1227 χεῖρας
1411 1174 1650 1228 προσφέρων
1672 1172 1740 1214 δια

151 1240 181 1274 Ρ
203 1239 271 1277 492
292 1245 365 1282 της
385 1231 568 1283 θυρίδος,
588 1230 654 1271 καὶ
678 1247 772 1279 τους
791 1228 988 1281 αδελφούς
1007 1229 1174 1271 τύπτων.
1214 1231 1335 1283 paulo
1353 1237 1442 1282 post
1460 1230 1581 1269 huius
1601 1230 1742 1269 cellam

292 1286 447 1324 inducit
472 1287 749 1326 lamentantem
779 1287 828 1325 ob
856 1287 1136 1325 immanitatem
1169 1293 1208 1324 et
1233 1287 1483 1325 acerbitatem
1514 1287 1588 1325 feri
1606 1286 1740 1337 huius,

294 1356 411 1394 quem
429 1344 540 1381 velut
562 1342 603 1381 in
626 1343 752 1381 vival
742 1358 779 1382 io
799 1344 976 1382 clausum
1004 1343 1206 1381 detineiet.
1262 1343 1439 1381 deinde‘
1428 1357 1557 1395 ipsum
1577 1343 1741 1382 affatur·

294 1398 385 1440 εἰπέ
402 1414 489 1451 μοι,
521 1403 747 1452 παρακαλῶ.
804 1402 841 1440 τί
858 1401 1096 1451 κεκέρδακας
1110 1402 1164 1452 τῷ
1191 1399 1344 1454 οἰκιδίςο
1361 1401 1657 1447 κατακλεισθείς
1672 1398 1741 1436 dic

292 1456 396 1492 mila·
412 1455 557 1493 amabo
579 1464 615 1494 te
627 1456 730 1508 quid
744 1457 930 1494 lucratus
945 1471 983 1493 es
1003 1454 1247 1493 domuncula
1265 1463 1302 1493 te
1319 1455 1553 1494 includens?
1580 1452 1670 1496 τί”
1637 1470 1740 1505 mvn-

291 1524 364 1558 σας
381 1527 454 1562 την
474 1515 621 1552 σαυτοῦ
635 1510 786 1564 ψυχήν,
815 1517 897 1561 τοῖς
915 1512 1126 1565 τοιχαρίοις
1144 1509 1187 1552 τὸ
1205 1515 1316 1564 σῶμα
1337 1508 1608 1566 ἕγκεκρυφοᾶςς
1635 1509 1741 1563 quid

283 1568 489 1619 profuisti
506 1570 665 1605 animae
680 1577 792 1618 tuae,
823 1583 967 1619 corpus
986 1576 1103 1605 taum
1121 1570 1231 1604 intra
1256 1582 1394 1605 muros·
1409 1576 1542 1605 arctos
1565 1568 1740 1605 abscon-

291 1622 388 1660 dens
403 1621 426 1663 Ξ)
453 1622 550 1661 haec
575 1625 737 1662 dubium
763 1639 842 1663 non
868 1626 1101 1675 relinquunt
1120 1623 1217 1675 quin
1239 1623 1336 1661 haec
1363 1625 1526 1676 epistola
1545 1623 1738 1675 inscripta

290 1679 414 1718 suerit
452 1680 690 1718 Philumene
730 1681 905 1720 Inclaso.
971 1694 1092 1731 porro
1118 1692 1373 1730 permagnum
1403 1680 1482 1718 iam
1509 1679 1604 1718 olim
1632 1680 1737 1718 inter

290 1736 465 1774 Graecos
499 1737 738 1787 Byzantinos
769 1737 889 1775 fuisse
916 1749 1121 1774 numerum
1146 1735 1310 1773 istorum
1340 1736 1450 1774 cellis
1476 1736 1735 1786 inclusorum,

285 1791 381 1830 inde
402 1791 654 1843 intelligimus
678 1794 786 1844 quod
807 1806 1023 1844 anonymus
1042 1791 1213 1843 scriptor
1232 1792 1334 1830 vitae
1352 1794 1388 1830 S.
1406 1792 1551 1830 Mariae
1568 1792 1735 1831 iunioris

288 1848 333 1886 in
362 1848 486 1889 VatiC.
513 1850 599 1888 cod.
631 1853 734 1896 800,
764 1850 829 1901 qui
859 1863 898 1888 se
916 1849 1063 1888 vixisse
1086 1847 1236 1885 indicat
1254 1849 1328 1886 sub
1347 1849 1491 1887 Basilio
1508 1849 1734 1898 Macedone,

287 1905 395 1943 circa
423 1905 569 1944 Christi
600 1919 745 1944 annum
773 1907 865 1956 875,
897 1906 939 1944 in
968 1905 1065 1944 duas
1095 1904 1205 1955 quasi
1234 1905 1456 1943 notissimas
1483 1911 1523 1943 et
1555 1904 1734 1957 copiosas

288 1960 440 2013 species
472 1962 752 2000 monachoium
784 1976 903 2012 genus
928 1962 1158 2000 universum
1189 1961 1360 2011 dividat,
1399 1962 1456 1999 sic
1482 1961 1587 2000 deS.
1611 1960 1734 1999 Maria

289 2018 445 2056 iuniore
464 2019 660 2057 scribens:
702 2023 909 2071 μοναχοῖς,
943 2022 1028 2065 τοῖς
1052 2031 1093 2057 τε
1111 2017 1155 2057 ἐν
1181 2019 1388 2068 σπηλαίοις
1416 2016 1484 2058 καὶ
1502 2021 1587 2065 τοῖς
1605 2016 1649 2058 ἒν
1671 2017 1734 2057 ol-

290 2074 446 2122 κίσκοις
465 2073 629 2123 ἕαυτους
658 2075 920 2128 ἒγκλείουσιν,
959 2070 1136 2141 ἔχορηγει
1158 2088 1206 2113 τα
1241 2071 1342 2126 πρὸς
1358 2070 1432 2126 τὴν
1449 2075 1596 2126 χρείαν.
1651 2086 1732 2110 mo-

289 2130 456 2178 naclae,
485 2133 567 2169 site
589 2134 634 2169 in
652 2133 849 2183 speluncis
865 2133 948 2169 sive
968 2134 1018 2169 in·
1029 2130 1286 2168 domunculis·
1302 2145 1342 2167 se
1366 2131 1476 2180 ipsos
1493 2127 1734 2167 includenti-

291 2185 387 2234 bus,
418 2201 518 2237 quae
542 2203 641 2239 opas
673 2197 785 2226 erant
806 2188 1032 2240 praebebat.
1089 2185 1169 2223 huc
1198 2185 1294 2223 facit
1314 2187 1421 2237 quod
1439 2188 1479 2226 S.
1501 2185 1732 2224 'theodorus

291 2241 449 2279 studita
471 2244 519 2281 de
543 2246 581 2282 S.
613 2245 775 2283 Platone
802 2244 993 2282 monacho
1025 2242 1064 2279 in
1093 2242 1175 2279 eius
1201 2241 1440 2310 pereleganti
1471 2242 1657 2280 Oratione
1672 2240 1731 2277 fu-

290 2297 422 2346 nebri,
457 2300 631 2338 nondum
657 2301 782 2348 edita,
808 2301 880 2339 sub
899 2301 1014 2338 finem
1033 2299 1188 2336 scribit:
1219 2293 1316 2349 μεθ’
1333 2297 1562 2350 ησυχασταῖν
1579 2295 1730 2364 ησυχα-

291 2350 388 2404 (ἴτης
409 2353 604 2407 ἔννομος,
641 2373 735 2407 μετα
759 2358 1000 2423 καθηγητῶν
1027 2350 1277 2421 καθηγητής,
1322 2353 1553 2419 ἔνθεσμος,
1562 2366 1631 2404 μετ
1664 2351 1729 2404 ἐγ-

287 2412 500 2458 κλειστῶν,
521 2427 569 2450 ου
598 2410 723 2462 μόνον
749 2409 981 2476 ἒγκλειστός,
1019 2405 1118 2450 αλλα
1144 2409 1211 2450 καὶ
1223 2405 1511 2460 ὖποτακτήτης,
1541 2405 1565 2448 0¹
1581 2423 1647 2447 και
1668 2420 1730 2447 σε·
1759 2430 1762 2434 ’

287 2461 475 2517 βασμιον.
532 2467 599 2504 ubi
620 2468 723 2505 clare
743 2469 852 2506 vides
880 2468 986 2505 inter
1005 2467 1154 2518 species
1183 2465 1466 2503 monachorum
1487 2460 1729 2517 ἐγκλειστοῦς

286 2522 493 2562 recenseii.
550 2523 592 2560 in
614 2537 691 2573 quo
712 2530 750 2561 et
769 2524 894 2562 obiter
915 2523 1088 2561 notanda
1113 2524 1199 2560 toni
1222 2521 1446 2570 diversitas,
1473 2521 1522 2558 ad
1547 2533 1663 2570 quam
1682 2526 1728 2558 ut

287 2578 592 2617 emendatiorem
607 2579 744 2629 refingi
764 2580 944 2618 volumus
962 2592 1046 2616 eam
1066 2591 1144 2630 qua
1159 2590 1296 2616 sumus
1311 2576 1384 2626 usi,
1401 2575 1618 2630 ἕγκλειστον
1635 2589 1726 2614 cum

286 2640 401 2673 acuto
425 2635 467 2672 in
485 2635 789 2686 antepenultima
810 2635 1027 2673 scribendo,

398 2706 424 2731 κ
437 2706 457 2732 ο
469 2706 631 2744 υμουν
643 2707 657 2732 ι
670 2707 723 2732 ον
752 2705 790 2743 p.
813 2693 894 2733 539
911 2704 949 2729 v
972 2693 1036 2733 12
1093 2689 1176 2728 scio
1194 2701 1331 2729 vocem
1349 2687 1592 2741 κουμουνίου
1607 2699 1724 2726 usur-

284 2747 374 2800 pari
392 2748 434 2786 in
454 2748 624 2787 coneilio
653 2747 881 2786 Florentino
902 2760 974 2799 pro
1003 2759 1048 2785 eo
1074 2746 1182 2797 quod
1204 2746 1354 2783 Gallice
1383 2745 1528 2783 dicitur
1548 2757 1724 2782 commu-

284 2809 430 2855 ηαιιιέ,
458 2819 602 2846 sonans
621 2803 934 2858 complexionem
965 2801 1141 2842 omnium
1160 2802 1346 2842 ordinum
1377 2815 1423 2840 ac
1442 2800 1588 2842 civium
1613 2798 1724 2839 urbis
