1858 3126
277 125 374 172 608
505 164 508 166 .
691 124 927 168 GEORGII
959 127 1310 173 PAGHYMEMS

275 239 320 282 ἔκ
347 242 423 293 τῆς
451 232 603 288 τάξεως
623 241 700 281 τοῦ
723 238 925 282 παλατιόυ
944 235 1109 296 χρόνοις
1127 241 1235 297 τρισὶ
1253 237 1451 298 πρότερον
1468 241 1496 299 ἢ
1515 248 1648 287 ταῦτα
1663 261 1732 300 γεν-

223 312 227 315 ’
275 308 445 351 νέσθαι·
481 307 642 363 Πέρσαι
662 306 739 362 γὰρ
757 305 967 361 ὀχούμενοι
986 307 1183 363 καμήλοις
1201 309 1305 352 καθ’
1327 308 1429 367 ἑῷον
1445 312 1627 366 αἰγιαλὸν
1647 311 1729 357 ἀπὸ

276 375 532 430 Σκουταριόυ
554 376 619 417 καὶ
639 375 685 418 τὸ
708 375 886 418 ἐπέκεινα
902 378 1107 419 ἵστασθαι
1124 377 1171 420 τὸ
1194 376 1294 435 ὄναρ
1326 378 1503 432 ἐδείκνυ,
1536 380 1733 438 ἐξαίφνης

277 444 322 486 δὲ
351 443 447 486 κατ’
472 443 625 499 αἰθέρα
656 443 731 494 τὰς
760 443 969 500 καμήλους
993 446 1215 500 πετομένας
1234 448 1302 489 καὶ
1321 446 1420 497 τούς
1437 445 1730 506 infinitaequ-

276 510 429 569 ρούσας
449 512 551 566 πρὸς
570 511 644 567 τὴν
663 512 881 569 ἀντίπεραν
900 516 1123 569 γίγνεσθαι.
1177 517 1243 557 καὶ
1263 514 1387 558 ταῦτ’
1409 513 1628 571 ἐπράττετο
1647 526 1762 573 μοι-5

274 581 345 630 νὸς
367 580 733 636 Ἀνθεστηριῶνος,
771 581 837 624 ὅτε
861 583 1053 635 βασιλεὺς
1073 583 1246 638 Μιχαὴλ
1276 590 1367 634 ταῖς
1394 589 1512 641 σφῶν
1537 584 1733 628 &tao-911·-

275 651 380 698 λίαις
411 647 702 704 προσκόπτων,
740 649 898 706 ὀλίγους
921 653 1009 705 περὶ
1034 650 1158 695 αὐτὸν
1180 651 1280 706 ἔχων
1304 651 1402 703 τούς
1419 651 1733 706 συναναβάντας

223 718 257 753 D
279 717 360 761 ἀπὸ
391 715 544 767 ὁύσεως
571 719 615 760 ἐκ
643 720 898 772 προσπαιόυ,
936 720 1102 774 πέμπων
1129 721 1231 776 πρὸς
1257 721 1329 764 τὸν
1357 721 1513 778 πατέρα
1545 722 1733 778 ἐκχωρεῖ-

274 787 384 829 σθαί
400 786 437 828 οἱ
457 786 532 841 τὴν
552 786 654 841 πρὸς
673 788 844 837 ἐκείνους
866 787 1112 844 ἀφίππευσιν
1122 821 1135 841 ,
1172 791 1207 832 εἰ
1231 789 1290 845 μὴ
1310 788 1445 840 ἄλλως
1461 791 1530 832 καὶ
1551 788 1731 833 αὐτόθεν

272 855 391 898 θέλοι
410 857 645 909 ξυμμαχεΐν,
684 856 857 910 ἐζητεῖτο
869 870 879 882 ·
917 857 990 911 τὴν
1009 858 1087 913 γὰρ
1102 855 1243 912 χώραν
1261 857 1341 914 ἤδη
1361 862 1727 914 προνενομεῦσθαι,
1741 867 1787 902 10

275 925 342 967 καὶ
364 923 495 978 ἄρδην
516 923 698 979 φανερὰν
719 923 818 967 εἶναι
837 924 1134 981 ἀπολουμένην,
1169 925 1218 982 ἢν
1237 925 1295 982 μή
1315 943 1376 976 τις
1394 925 1588 984 ὑπέρσχῃ.
1633 925 1729 970 ἀλλ’

274 990 301 1046 ἦ
325 994 413 1048 περὶ
435 992 581 1034 ἐκεῖνον
602 992 841 1048 ὄλιγοχειρία
869 995 1058 1047 ἐμποδών
1079 991 1128 1049 ἦν
1140 1027 1154 1047 ,
1192 997 1258 1037 καὶ
1289 995 1481 1052 μέλλησις
1509 994 1734 1053 προμηθὴς

275 1063 459 1115 σπουδῆς
477 1060 729 1104 ἐπικινδύνου
746 1061 793 1104 τὸ
811 1059 997 1117 τηνικάδε
1017 1070 1196 1119 κρεῖττον
1214 1061 1355 1107 ἐδόκει.
1710 1093 1714 1101 ·

132 1142 163 1176 P
188 1139 255 1176 425
405 1128 528 1172 ’Άλλο
551 1129 599 1172 δέ
614 1147 653 1173 τι
671 1134 829 1184 μᾶλλον
847 1130 1185 1188 ἐπραγματεύετο.
1256 1131 1373 1190 (22)
1409 1129 1466 1182 ὥς
1479 1129 1556 1187 γὰρ
1577 1128 1599 1174 ὅ
1617 1129 1733 1188 Πέρι-

273 1215 350 1253 σης
373 1197 514 1240 Ἰσαὰκ
549 1198 702 1256 (τοῦτο
735 1199 814 1255 γὰρ
845 1194 894 1254 ἦν
923 1199 1084 1257 ὄνομα)
1099 1232 1113 1253 ,
1152 1199 1197 1244 ὃν
1229 1203 1296 1243 καὶ
1323 1200 1376 1244 τὰ
1398 1197 1596 1256 πρότερον
1617 1199 1730 1242 ἱστο-
1741 1208 1785 1245 1⁵

274 1271 425 1323 ροῦμεν
455 1273 541 1316 τοῖς
555 1266 727 1318 Ἰταλοῖς
756 1267 862 1310 κατὰ
882 1266 997 1311 δύσιν
1021 1267 1197 1312 συνόντα
1214 1268 1384 1325 πέμπειν
1405 1267 1519 1325 παρὰ
1539 1267 1614 1323 τὴν
1632 1267 1734 1314 ἐκείρ-

271 1353 351 1379 νων
383 1335 485 1391 πρὸς
514 1336 687 1389 βασιλέα
715 1335 936 1393 αἴσθησιν,
973 1339 1039 1380 καὶ
1068 1337 1249 1388 σπονδὰς
1268 1337 1372 1395 πρὸς
1388 1336 1515 1380 αὐτὸν
1541 1336 1734 1379 συντίθε-

272 1409 379 1447 σθαι
409 1404 547 1447 θέλειν
574 1402 679 1447 κατά
699 1421 737 1447 τι
757 1405 928 1461 γαμικὸν
949 1408 1075 1460 κῆδος
1093 1406 1141 1450 τὸ
1163 1407 1226 1448 ἐπὶ
1248 1411 1306 1466 τῷ·
1324 1410 1399 1450 τοῦ
1416 1403 1566 1460 Μελὴκ
1595 1409 1733 1461 &vya-

269 1474 397 1530 τρίῳ,
435 1473 502 1514 καὶ
526 1473 778 1529 φωραθέντα
806 1473 900 1527 μετ’
926 1472 1088 1530 εἰρήνης
1108 1476 1175 1518 καὶ
1202 1470 1328 1525 αὖθις
1358 1474 1732 1531 ἀντιπεραιωθῆναι

218 1541 250 1576 Β
271 1541 374 1597 πρὸς
393 1539 559 1583 Ἰταλῶν
584 1539 748 1595 συνάμα
770 1543 836 1584 καὶ
858 1546 916 1600 τῷ
947 1544 1038 1604 ἰδίῳ
1067 1547 1177 1603 λαῷ,
1212 1569 1261 1576 —-
1294 1541 1350 1593 ὥς
1377 1546 1476 1599 γοῦν
1503 1543 1573 1584 καὶ
1605 1535 1787 1590 ani-‘meo

362 1662 396 1697 2.
420 1658 562 1706 Πέρσας
584 1657 654 1706 γὰρ
679 1658 933 1707 ὀχουμένους-7
1068 1662 1124 1697 10.
1147 1662 1450 1709 προνενομῆσθαι
1469 1660 1512 1697 P.

274 1764 353 1798 dem
385 1762 546 1797 somnium
575 1767 658 1798 ante
679 1775 784 1798 annos
807 1767 900 1798 retro
923 1766 996 1799 tres
1018 1764 1148 1799 cuidam
1172 1775 1215 1799 ex
1238 1763 1356 1799 ordine
1409 1763 1610 1799 slstinorum
1631 1763 1731 1798 obla-

276 1815 361 1845 tum.
406 1809 540 1843 viderat
562 1809 592 1844 is
613 1809 840 1855 inequitantes
871 1811 1007 1845 camelis
1028 1811 1151 1845 Persas
1173 1811 1217 1845 ad
1241 1810 1384 1845 Orienta
1397 1822 1417 1845 e
1446 1809 1540 1844 littus
1561 1820 1584 1843 a.
1606 1809 1732 1844 Scuta-

276 1856 329 1890 rio
363 1854 407 1889 ad
441 1855 604 1890 ulteriora
633 1856 733 1901 longe
755 1856 829 1890 loca
852 1863 1010 1890 extensos
1032 1861 1147 1899 stare3
1181 1868 1257 1891 mox
1289 1862 1399 1891 autem
1426 1855 1540 1891 subito
1561 1854 1647 1889 ferri
1669 1865 1732 1900 per

277 1904 390 1936 netem
412 1901 554 1936 volando
578 1902 722 1936 camelos
745 1913 820 1935 cum
842 1902 911 1936 suis
934 1902 1122 1936 sessoribus
1145 1903 1298 1945 eosdem,
1327 1907 1364 1936 et
1385 1903 1419 1935 in
1441 1900 1630 1947 oppositam
1652 1911 1733 1946 per—

274 1947 393 1981 venire
421 1947 657 1981 continentem.
705 1953 784 1982 acta
814 1948 899 1982 haec
932 1955 1010 1982 sunt
1039 1960 1151 1983 mense
1174 1948 1280 1989 Iulio,
1315 1948 1448 1993 quando
1470 1948 1642 1990 Augustus
1665 1945 1733 1980 Mi·

277 1993 373 2027 chael
407 1997 462 2027 tot
491 2000 729 2040 tantarumque
760 1994 903 2028 cladium
927 1995 996 2028 suis
1018 1994 1162 2028 subditis
1184 1994 1257 2039 ipso
1281 1994 1389 2028 otiose
1411 1997 1592 2039 praesente
1619 1991 1733 2026 illata-

276 2049 352 2073 rum
386 2038 569 2073 convicium
601 2051 666 2074 non
698 2041 832 2082 ferens,
867 2051 995 2086 paucos
1023 2051 1135 2074 secum
1160 2040 1286 2075 habens
1311 2040 1368 2085 qui
1401 2051 1475 2073 cum
1496 2050 1538 2072 eo
1561 2048 1668 2083 nuper
1688 2047 1733 2071 ex

277 2083 432 2118 interiori
465 2085 617 2119 Occiduo
649 2091 763 2120 tractu
797 2087 1038 2128 ascenderant,
1069 2086 1170 2120 misso
1204 2087 1247 2120 ad
1281 2090 1412 2130 patrem
1435 2083 1552 2119 nuntio
1575 2082 1733 2129 poposcit

274 2129 426 2174 permitti
448 2142 509 2175 per
531 2142 606 2165 eum
629 2131 695 2166 sibi
719 2144 792 2166 cuin
816 2132 938 2176 exiguo
961 2143 1059 2178 quem
1083 2133 1224 2166 haberet
1242 2132 1397 2177 equitatu
1411 2131 1444 2165 in
1459 2131 1574 2165 hostes
1586 2129 1730 2168 irruere,

276 2175 311 2209 ni
333 2175 446 2209 mallet
467 2176 540 2221 ipse
563 2177 627 2211 sibi
650 2182 780 2212 mature
809 2179 982 2224 suppetias
1005 2189 1205 2212 accurrere:
1241 2189 1317 2211 nam
1348 2188 1460 2212 serum
1490 2174 1613 2210 deinde
1634 2171 1733 2207 auxi·

272 2220 351 2254 lium
376 2222 468 2261 fore,
502 2222 558 2256 ubi
582 2223 740 2257 universa
764 2225 878 2269 regio,
911 2224 1000 2270 quod
1025 2224 1054 2258 si
1079 2224 1132 2258 vel
1156 2223 1320 2257 tantillum
1345 2225 1555 2262 cessaretur,
1575 2229 1653 2252 mox
1674 2219 1732 2252 fu·-

272 2269 383 2299 turum
415 2269 626 2311 apparebat,
661 2270 838 2304 destructa
870 2271 1052 2315 excisaque
1081 2269 1347 2315 irreparabiliter
1380 2267 1513 2301 fuisset.
1559 2267 1730 2298 caeterum

273 2311 428 2356 paucitas
460 2314 615 2347 comitum
648 2314 825 2349 Michaelis
860 2316 994 2350 obstitit
1016 2327 1059 2349 ne
1081 2315 1146 2360 ipsi
1170 2326 1233 2360 per
1256 2313 1479 2348 Andronicum
1502 2314 1572 2344 tam
1595 2308 1731 2354 pericn-

274 2358 347 2391 losa
378 2359 532 2391 excursio
564 2359 698 2394 liceret:
732 2361 837 2395 visum
869 2363 955 2395 enim
988 2361 1159 2405 sapienter
1181 2365 1235 2394 est
1257 2358 1477 2393 cunctandum
1501 2354 1629 2400 potius,
1667 2366 1731 2388 nec

274 2402 543 2437 committendum
566 2409 606 2437 ut
628 2405 864 2450 intempestivo
892 2406 1130 2451 generositatis
1153 2410 1249 2439 aestu
1272 2406 1443 2448 Augustus
1465 2400 1577 2435 iunior
1599 2403 1731 2434 tantam

275 2452 402 2483 temere
424 2450 530 2482 aleam
554 2450 691 2491 iaceret,
715 2452 914 2495 praesertim
938 2463 1011 2485 cum
1034 2451 1069 2484 in
1093 2451 1159 2484 alio
1186 2450 1342 2495 quopiam
1367 2447 1484 2481 maiori
1502 2446 1731 2492 praesentium

275 2496 437 2529 malorum
460 2495 606 2528 remedio
630 2497 848 2530 machinando
873 2502 973 2540 pater
995 2496 1067 2530 eius
1089 2507 1176 2530 nunc
1199 2494 1416 2528 cummaxime
1438 2496 1624 2536 satageret.

367 2541 423 2576 22.
472 2541 604 2574 Etenim
639 2541 743 2575 Persa
775 2542 925 2576 Isaacius
970 2542 1118 2583 nomine,
1156 2551 1255 2585 quem
1287 2538 1441 2584 superins
1469 2537 1644 2572 retulimus
1667 2536 1732 2571 mi-

279 2586 366 2621 sisse
388 2586 471 2621 clam
495 2587 731 2631 Amogabaris‚
762 2587 958 2631 quibuscum
982 2592 1063 2620 tunc
1086 2586 1274 2626 militabat,
1305 2586 1347 2618 ad
1372 2586 1578 2628 Augustum,
1612 2582 1670 2628 qui
1693 2593 1732 2616 se

281 2633 325 2666 ad
348 2631 419 2667 eius
440 2638 556 2678 partes
580 2633 668 2667 velle
693 2632 840 2666 transire
863 2633 1032 2673 dicerent,
1057 2631 1256 2676 omninoque
1277 2631 1464 2671 facturum,
1496 2629 1526 2663 si
1549 2628 1600 2670 ei,
1631 2630 1732 2674 prout

279 2679 394 2712 suerat
423 2679 592 2721 oblatum,
622 2689 708 2712 uxor
730 2678 871 2712 daretur
893 2677 1014 2712 Meleci
1037 2677 1130 2720 filia,
1162 2684 1242 2710 tnnc
1265 2676 1399 2710 detecto
1434 2685 1559 2710 arcano
1581 2678 1734 2708 tractatu

283 2725 327 2758 ab
351 2725 445 2759 Italis
468 2724 598 2770 fugisse
618 2723 696 2758 inde
719 2723 755 2758 in
778 2724 892 2758 Asiam
915 2735 988 2758 cnm
1012 2723 1080 2757 suis
1114 2722 1238 2767 copiis,
1270 2722 1318 2764 is,
1350 2722 1508 2767 inquam,
1543 2731 1585 2754 ex
1608 2719 1733 2772 Orien:

282 2770 344 2805 tali
370 2774 505 2814 tractu,
525 2770 560 2807 in
575 2778 649 2818 ‘qno
672 2775 754 2806 tunc
775 2774 871 2815 erat,
893 2780 999 2806 novos
1021 2769 1066 2805 ad
1088 2769 1324 2816 imperatorem
1346 2767 1484 2803 miserat
1506 2766 1650 2808 nuntios,
1673 2775 1733 2811 qm
