1820 3112
162 142 261 190 234
584 139 821 185 GEORGII
853 139 1208 186 PACHYMERIS

109 262 142 297 E
166 257 348 313 ἀνατολῇ
366 256 434 298 καὶ
451 253 574 308 μείζω
590 257 667 298 τοῦ
692 250 939 312 φθάσαντος
966 255 1034 298 καὶ
1057 252 1295 314 δεινότερον.
1365 256 1563 315 ἐνέσκηψε
1584 259 1630 303 δὲ
1662 251 1665 253 ’

159 326 207 370 τὸ
228 325 356 368 δεινὸν
376 321 470 367 τότε
488 322 571 366 ἀπὸ
590 327 674 367 τῶν
693 324 784 381 περὶ
796 323 1020 381 Πέργαμον
1038 324 1108 367 διὰ
1123 327 1324 382 Χλιαρῶν
1341 326 1478 380 μέσων
1499 329 1566 371 καὶ
1587 329 1628 379 ἐς

160 394 290 449 αὐτῆς
311 393 518 449 Περσίδος
533 392 662 449 με’ρη,
698 390 753 442 ὥς
773 393 989 449 διαστῆναι
1014 393 1088 447 μὲν
1105 398 1314 449 πολλαχοῦ
1329 393 1406 450 τὴν
1422 399 1496 451 γῆν
1508 429 1522 450 ,
1560 396 1629 439 ἐκ-

157 460 309 518 βλύσαι
337 463 362 504 δ
370 460 382 478 ’
411 463 574 516 ἐνιαχοῦ
600 463 668 504 καὶ
692 459 829 505 ὕδατα
843 495 855 516 ,
896 461 1182 519 ἀνατραπῆναι
1202 464 1248 506 δὲ
1271 464 1430 507 καὶτοῦ
1451 464 1557 507 κατὰ
1574 466 1628 508 τὰ

156 530 325 588 Χλιαρὰ
348 531 551 588 φρουρίου
574 530 762 586 θεμέλια,
799 532 866 574 καὶ
886 531 1010 581 ναοὺς
1028 533 1095 574 καὶ
1115 531 1252 582 οἷ’κους
1271 536 1353 576 τῶν
1371 530 1661 589 περιπύστωνὸ

157 606 413 643 καταπεσεῖν.
455 612 457 614 “
485 603 560 642 τοῦ
575 604 674 656 γοῦν
702 596 870 656 πρώτου
894 605 1063 655 σεισμοῦ
1095 602 1161 644 καὶ
1187 601 1295 644 καθ’
1316 599 1428 657 ἡμᾶς
1447 599 1628 659 μεγάλου

158 666 444 725 ἐνσκήψαντος
474 668 608 711 πολλὰ
632 669 707 724 μὲν
735 667 1008 724 ἀναστήματα
1039 673 1122 713 τῶν
1149 670 1256 714 κατὰ
1272 669 1348 726 τὴν
1366 668 1484 713 πόλιν
1506 671 1629 715 κατέ-

13 748 43 783 Ρ
68 749 133 785 159
157 755 305 781 πιπτον
315 770 329 791 ,
368 739 411 780 ἔκ
431 742 608 780 παλαιοῦ
629 738 702 781 τὸν
722 735 929 795 ἓδρασμόν
947 737 1093 793 ἔχοντα
1114 740 1261 782 πολλαὶ
1279 739 1324 782 δὲ
1344 740 1510 782 καὶτῶν
1527 740 1629 784 νέων

158 809 296 851 οῗκιῶν
316 807 624 862 κατηρείποντο.
694 806 793 857 τοὺς
814 807 862 850 δέ
877 823 920 863 γε
945 811 1028 850 τῶν
1046 807 1228 864 αὗλαιῶν
1243 805 1462 865 θριγκούς,
1500 807 1547 851 οἳ
1561 811 1630 852 καὶ

158 877 202 919 ἔκ
220 879 354 932 ’ξηρῶν
378 876 623 919 συνίσταντο
647 876 781 919 λίθων
794 909 807 929 ,
844 875 949 919 κατὰ
970 877 1145 934 σωρειάν
1165 876 1336 921 ἕκαστον
1356 875 1439 920 εἶδέ
1465 893 1528 928 τις
1546 880 1628 921 κεί-
1640 888 1684 924 10

157 962 303 1001 μενον,
342 942 485 999 ὅμοιον
517 943 573 995 ὥς
599 943 650 987 ἂν
676 945 1035 1002 ἐπισωρευθέντων
1067 944 1246 990 ἄλλοθεν
1270 944 1292 990 ὅ
1321 946 1504 1002 τεχνίτης
1530 946 1629 997 τοὺς

158 1015 323 1069 τοίχους
344 1012 482 1068 ἔμελλε
503 1017 712 1058 συνιστᾶν.
763 1011 838 1057 δύο
862 1013 906 1057 δ’
929 1013 1027 1071 ἔργα
1047 1019 1131 1058 τῶν
1148 1013 1334 1071 μεγάλων
1356 1013 1534 1058 πεσόντα
1551 1015 1628 1071 τὴν

157 1084 254 1137 βίαν
285 1080 461 1138 ἐσήμηνε
488 1086 564 1126 τοῦ
599 1081 834 1138 κινήματος.
905 1081 926 1127 ὅ
957 1083 1035 1141 γὰρ
1065 1088 1147 1127 τῶν
1169 1082 1294 1141 ἁγίων
1317 1081 1508 1127 ἁπάντων
1530 1084 1629 1135 ναὸς

159 1152 202 1202 ἐς
232 1148 326 1195 τότε
358 1149 640 1207 συνεστηκώς,
687 1153 756 1195 καὶ
784 1151 961 1208 μηδενὸς
993 1156 1077 1196 τῶν
1111 1152 1342 1209 ἀναγκαίων
1377 1150 1624 1207 λειπόμενος,

108 1228 139 1264 Β
165 1220 336 1276 ἐλεεινὴν
354 1225 536 1277 θραῦσιν
558 1219 704 1276 πάσχει
725 1223 794 1264 καὶ
813 1225 968 1265 πτῶσιν
988 1225 1064 1277 τῆς
1086 1220 1265 1280 ὀροφῆς,
1302 1220 1380 1277 ὅση
1402 1238 1445 1264 τε
1467 1223 1557 1278 περὶ
1576 1221 1624 1266 τὸ
1638 1229 1682 1266 15

155 1294 273 1345 βῆμα
296 1292 363 1333 καὶ
392 1288 469 1346 ὅση
493 1291 584 1348 περὶ
609 1290 735 1345 μέσον
766 1288 1076 1350 ἀνῳκοδόμητο.
1145 1292 1212 1334 καὶ
1241 1289 1262 1334 ὅ
1294 1291 1418 1334 ἐκεῖσε
1445 1294 1628 1345 χαλκοῦς

157 1358 328 1416 ἀνδριὰς
347 1363 421 1402 τοῦ
454 1356 808 1417 ἀρχιστρατήγου,
848 1357 870 1402 ὃ
898 1359 964 1402 ἐπὶ
1001 1356 1224 1410 κιονώδους
1250 1360 1326 1415 μὲν
1346 1359 1629 1416 ἐρηρεισμένος

154 1432 231 1471 τοῦ
260 1425 575 1483 ἀναστήματος,
612 1429 653 1478 ἐς
680 1426 814 1479 πόδας
842 1427 892 1471 δ’
923 1427 1024 1483 ἔχων
1055 1428 1128 1473 τὸν
1159 1428 1318 1472 ἄνακτα
1346 1428 1522 1483 Μιχαὴλ
1550 1428 1627 1483 τὴν

155 1493 274 1540 πόλιν
292 1496 470 1554 φέροντα
498 1497 667 1556 κάκείνῳ
681 1484 1046 1555 ’προσανατιθέντα
1076 1499 1143 1540 καὶ
1163 1497 1239 1554 τὴν
1257 1494 1411 1553 ταύτης
1436 1497 1626 1554 φυλακὴν

160 1565 429 1622 ἐπιτρέποντα
443 1598 456 1619 ,
499 1564 521 1608 ὅ
541 1570 728 1616 τοιοῦτος
749 1561 821 1609 οὖν
844 1565 1014 1623 ἀνδριὰς
1033 1567 1100 1608 καὶ
1121 1566 1146 1622 ἡ
1170 1566 1250 1609 ἀνὰ
1264 1574 1404 1622 χεῖρας
1424 1570 1484 1624 τῷ
1499 1570 1685 1619 βασι-20

106 1639 136 1674 C
161 1637 223 1676 λεΐ
241 1631 358 1684 πόλις
373 1667 386 1687 ,
425 1632 446 1677 ὃ
479 1635 553 1689 μὲν
572 1634 647 1690 τὴν
667 1634 848 1692 κεφαλὴν
869 1634 1127 1691 ἀφαιρεῖται,
1168 1633 1194 1690 ῆ
1217 1636 1262 1678 δὲ
1282 1638 1366 1678 τῶν
1388 1638 1535 1691 χειρῶν
1551 1638 1627 1678 τοῦ

153 1707 405 1760 κρατοῦντος
430 1704 723 1758 ἒξολισθαίνει,
753 1704 822 1746 καὶ
845 1702 947 1760 πρὸς
965 1707 1039 1760 γῆν
1059 1702 1186 1761 ἄμφω
1204 1705 1411 1747 πίπτουσι.
1465 1700 1626 1748 τούτων

245 1779 301 1813 20.
324 1774 348 1825 ἦ
371 1778 504 1814 deerat.

152 1846 422 1882 vehementiores
453 1846 750 1893 praecedentibus.
797 1846 950 1892 grassari
980 1848 1092 1881 autem
1124 1845 1162 1880 id
1195 1847 1319 1881 malum
1349 1845 1464 1891 coepit
1494 1856 1518 1880 a.
1537 1845 1627 1881 Per-

154 1905 253 1938 gamo
278 1905 341 1939 per
362 1893 475 1929 media
490 1893 631 1929 Chliara
652 1892 840 1940 procedens
862 1904 971 1940 nsque
994 1893 1038 1927 ad
1060 1892 1167 1938 ipsius
1183 1892 1336 1927 Persidis
1357 1896 1484 1937 partes,
1504 1891 1626 1928 hiante

156 1940 270 1974 multis
292 1939 375 1974 locis
399 1941 482 1983 solo,
502 1940 626 1974 alicubi
650 1940 750 1975 etiam
774 1951 882 1986 aquas
906 1951 949 1975 ex
970 1939 1089 1973 intimo
1111 1940 1205 1973 foras
1226 1938 1449 1985 propellente,
1470 1937 1560 1972 arcis
1581 1938 1626 1974 ad

159 1986 300 2020 Chliara
324 1986 411 2021 sitae
435 1986 660 2022 fundamentis
682 1986 769 2032 ipsis
792 1985 938 2030 eversis,
968 1985 1102 2030 templis
1135 1997 1271 2032 quoque
1293 1996 1335 2019 ac
1359 1983 1435 2018 aliis
1457 1983 1627 2019 aedificiis

158 2032 275 2076 specie
299 2044 339 2066 ac
363 2032 535 2068 soliditate
567 2033 757 2068 celebribus
788 2031 978 2079 prostratis.
1025 2031 1133 2077 primo
1160 2043 1262 2077 porro
1295 2030 1395 2066 huius
1418 2034 1532 2064 terrae
1553 2041 1627 2065 mo-

159 2082 217 2111 tus
250 2078 286 2112 in
317 2079 402 2113 haec
431 2079 507 2115 loca
539 2079 685 2125 impulsu
714 2078 838 2114 multae
867 2079 972 2114 moles
1000 2078 1178 2121 excelsae,
1201 2089 1289 2124 quae
1311 2088 1406 2112 suam
1428 2075 1626 2111 firmitatem

158 2123 258 2168 longo
292 2129 387 2159 statu
417 2127 666 2171 probaverant,
698 2125 937 2168 conciderunt,
959 2124 1086 2159 multae
1118 2135 1226 2159 novae
1255 2127 1451 2159 structurae
1471 2121 1626 2156 deiectae

157 2176 247 2203 sunt.
295 2175 394 2215 septa
419 2183 502 2206 vero
524 2172 595 2206 late
617 2171 807 2218 patentium
828 2181 984 2206 arearum
1015 2174 1051 2205 et
1071 2169 1238 2206 siccorum
1260 2169 1335 2205 sine
1357 2171 1530 2203 caemento
1553 2167 1626 2201 dis-

158 2215 274 2261 positu
307 2227 463 2252 saxorum
492 2219 647 2254 sublatae
669 2218 796 2252 circum
818 2217 987 2253 maceriae
1010 2217 1201 2252 cumulatim
1221 2225 1447 2262 unaquaeque·
1465 2213 1510 2257 „in
1531 2212 1625 2248 latus

158 2262 438 2307 procumbebant,
452 2268 491 2298 ut
513 2275 572 2299 eas
595 2264 654 2311 qui
675 2268 788 2299 strues
812 2268 1002 2307 cernerent,
1023 2263 1066 2297 de
1084 2263 1252 2297 industria
1274 2262 1501 2306 comportatos
1523 2263 1626 2304 apte-

158 2319 226 2353 que
247 2308 398 2353 digestos
421 2309 551 2355 lapides
573 2310 608 2345 in
630 2322 723 2345 usum
747 2310 891 2345 artificis
913 2321 1026 2345 muros
1045 2309 1115 2344 illic
1129 2307 1277 2344 molituri
1291 2304 1424 2352 opinari
1445 2304 1520 2338 iure
1542 2315 1625 2350 pos-

156 2356 243 2388 sent.
290 2354 357 2388 duo
390 2359 502 2390 tamen
532 2356 690 2391 aedificia
710 2357 863 2402 ingentia
885 2357 956 2391 suis
978 2356 1083 2391 ruinis
1111 2353 1355 2389 vehementiam
1377 2355 1488 2385 motus
1509 2354 1627 2386 osten-

156 2398 291 2434 derunt.
337 2406 530 2436 sanctorum
561 2403 686 2437 etenim
717 2402 861 2437 omnium
890 2403 1073 2448 templum,
1103 2401 1191 2444 quod
1223 2403 1361 2434 eatenus
1390 2396 1624 2450 inconcussum

155 2449 311 2488 steterat,
337 2446 419 2481 licet
442 2448 477 2481 in
500 2460 540 2482 eo
565 2449 650 2482 nihil
673 2449 829 2483 omissum
852 2448 896 2482 ad
917 2447 1046 2482 tuenda
1068 2450 1258 2481 sartatecta
1278 2443 1506 2478 necessarium
1529 2443 1626 2477 dlce-

155 2497 264 2534 retur,
287 2491 509 2528 miserabilem
532 2506 668 2539 passum
696 2495 806 2529 labem
829 2498 902 2537 est,
935 2493 1157 2527 eminentibus
1178 2489 1326 2535 fastigiis
1349 2489 1503 2532 duobus,
1537 2499 1626 2534 quo-

158 2548 232 2571 rum
265 2548 365 2572 unum
389 2550 471 2574 arae
492 2541 656 2575 maximae
679 2543 947 2585 superstructum
980 2540 1116 2580 fuerat,
1146 2538 1289 2573 alterum
1312 2534 1471 2570 umbilico
1492 2534 1625 2569 incum-

157 2583 284 2625 bebat,
317 2584 410 2619 tristi
441 2597 523 2620 casu
554 2586 759 2621 deturbatis.
802 2597 892 2631 quae
921 2588 1034 2619 autem
1066 2583 1136 2618 illic
1167 2583 1343 2618 visebatur
1369 2591 1477 2616 aenea
1507 2583 1626 2616 statua.

159 2628 269 2663 sancti
290 2629 428 2665 militiae
452 2632 611 2666 coelestis
632 2632 863 2679 imperatoris,
885 2631 1047 2666 insistens
1067 2629 1143 2664 basi
1158 2628 1342 2671 rotundae,
1365 2627 1409 2662 ad
1431 2626 1536 2673 pedes
1559 2626 1627 2660 ha-

159 2675 246 2710 bens
268 2675 470 2711 Michaslem
492 2678 678 2723 Augustum
699 2678 797 2712 urbis
820 2677 1035 2713 simulacrum
1057 2675 1277 2710 sustinentem
1298 2673 1473 2717 manibus,
1505 2672 1625 2707 habitu

160 2721 340 2756 offerentis
363 2726 479 2758 sancto
508 2724 574 2758 sibi
597 2723 786 2769 cognomini
806 2723 1007 2768 archangelo
1029 2721 1170 2768 eiusque
1193 2720 1367 2756 custodiae
1389 2718 1625 2753 commendan-

161 2766 208 2800 tis
231 2767 424 2814 civitatem,
447 2769 545 2811 talis,
567 2769 725 2815 inquam,
749 2773 866 2805 statua
888 2769 1000 2815 capite
1022 2768 1156 2803 deiecto
1179 2767 1308 2802 minuta
1330 2769 1405 2809 est,
1437 2769 1475 2799 et
1496 2765 1534 2799 in
1554 2763 1622 2810 ipsi

161 2812 315 2849 subiecta
338 2814 469 2861 species
499 2814 652 2851 civitatis
687 2827 708 2850 e
729 2815 883 2852 manibus
904 2814 1048 2861 Augusti
1071 2813 1238 2856 concidit,
1268 2817 1414 2859 utroque
1437 2811 1473 2846 in
1496 2814 1623 2846 terram
