1858 3126
358 165 435 208 DE
466 163 796 209 ANDRONICO
829 162 1200 208 PALAEOLOGO
1236 165 1283 208 L.
1303 165 1359 208 V.
1513 165 1613 212 395

157 280 222 330 ξιν
249 274 504 335 ἡγησάμενος
529 275 720 321 ἀπολύειν
741 278 808 321 καὶ
824 276 883 332 μὴ
905 276 1083 332 κατέχειν
1098 274 1203 331 μήτε
1222 276 1306 332 μὴν
1326 277 1522 334 περιέπειν
1541 278 1615 322 τὸν

158 347 409 404 ἄνθρωπον,
445 347 628 390 ἐκποδὼν
651 344 835 402 ἔπήγγελε
851 346 1039 402 γίνεσθαι
1058 347 1125 388 καὶ
1146 347 1276 401 ζητεῖν
1296 343 1400 388 ὅπου
1422 345 1612 402 σωθήσε-
1636 361 1668 396 1)

158 432 242 459 ται.
311 415 379 458 διὰ
400 419 535 458 ταῦτα
554 422 641 465 τοῖς
659 413 769 465 ὅλοις
788 414 1013 470 ἀπορηθεὶς
1034 415 1183 464 ε’κεῒνος
1200 415 1345 468 πέμπει
1368 415 1472 471 πρὸς
1492 419 1617 469 βασι-

160 483 234 527 λέα
263 485 330 526 καὶ
357 482 518 527 ἱκετεύει
546 483 765 538 δέχεσθαι·
799 482 901 537 ἔχειν
919 482 997 539 γὰρ
1020 486 1085 525 καὶ
1110 482 1212 525 λαὸν
1230 483 1369 526 ἱκανὸν
1388 491 1616 540 συμμαχεῖν

124 551 263 598 53nov
279 549 472 606 βούλοιτο
492 549 698 605 βασιλεύς.
764 547 817 606 ἦν
839 551 918 607 γὰρ
937 558 1028 600 ταῖς
1046 550 1276 606 ἀληθείαις,
1313 549 1369 601 ὥς
1388 550 1512 604 ἔδοξε,
1547 555 1617 595 καὶ

158 625 272 677 λῆμα
301 619 405 675 ἔχων
430 627 612 677 γενναῖον
640 621 706 662 καὶ
733 619 867 669 πλέως
882 619 1063 676 Ἀρεῖκοῦ
1086 617 1376 676 φρονήματος,
1413 625 1553 679 πολλῷ
1571 622 1618 664 δὲ

156 693 316 745 μᾶλλον
341 690 408 731 καὶ
432 693 492 747 τῷ
520 693 596 744 τῆς
613 686 774 745 γνώμης
795 689 1008 747 σπουδαίῳ
1029 690 1096 731 καὶ
1113 686 1372 747 βαθυσκόπῳ
1392 689 1495 732 λαδν
1517 691 1616 732 δου-

157 761 351 814 λαγωγῶν
367 755 611 801 ἀτάσθαλον
630 759 697 799 καὶ
718 756 853 816 τούτῳ
868 761 1105 813 κατορθοῦν
1126 757 1178 799 τὰ
1199 758 1370 813 μέγιστα
1389 756 1616 814 φημιζόμε-

155 842 242 876 νος.
308 824 331 869 ὅ
351 826 490 880 μέντοι
509 843 552 882 γε
567 826 759 880 βασιλεὺς
774 826 844 869 διὰ
863 826 940 880 τὴν
956 824 1135 882 ἀνάγκην
1153 824 1379 883 ἀρξάμενος
1395 826 1477 882 ἤδη
1498 829 1610 877 ξενο-
1632 834 1666 869 Ε

102 905 148 941 10
156 901 324 952 τροφεῒν
343 893 399 945 ὥς
419 895 586 950 ἕρμαιον
605 892 775 950 ἆρπᾶζει
792 894 840 938 τὸ
857 892 1059 949 σύμβαμα
1071 927 1086 947 ,
1123 897 1191 938 καὶ
1210 894 1379 949 πέμπων
1399 896 1553 945 πίστεις
1570 897 1614 939 ἐκ

152 961 471 1020 χρυσοβοῦλλων
490 963 617 1007 αὐτὸν
634 963 842 1019 ἀνεδέχετο
858 965 925 1006 καὶ
945 963 1047 1006 λαὸν
1064 963 1329 1019 προσεδέχετο
1340 996 1354 1016 ,
1385 963 1488 1006 ὥστ’
1511 965 1614 1007 ε’κεῖ-

154 1049 228 1076 νον
253 1033 328 1086 μὲν
358 1036 418 1090 τῷ
443 1037 519 1074 τοῦ
546 1030 725 1088 μεγάλου
744 1032 892 1082 δουκὸς
912 1037 1036 1087 τιμᾶν
1058 1029 1258 1086 ἀξιώματι
1278 1034 1349 1074 καί
1362 1049 1405 1088 γε
1422 1034 1489 1076 καὶ
1505 1050 1613 1089 γαμ-

154 1100 258 1156 βρὸν
276 1099 346 1144 ἔπ’
366 1100 567 1158 ἀδελφιδῇ
586 1102 739 1161 ,Μαρίᾳ
759 1106 811 1159 τῇ
830 1105 903 1145 τοῦ
918 1101 1044 1144 Ἀσὰν
1062 1103 1241 1157 θυγατρὶ
1259 1106 1480 1154 καθιστᾶν,
1515 1102 1613 1152 τοὺς

155 1169 205 1212 δέ
218 1185 262 1225 γε
282 1171 373 1226 περὶ
391 1169 517 1212 αὐτὸν
538 1167 677 1226 ῥόγαις
694 1177 787 1220 ταῖς
804 1168 1107 1226 προσηκούσαις
1125 1171 1334 1221 ἔξικανοῦν
1359 1167 1612 1225 ὑπηρετοῦν-

99 1245 145 1282 15
155 1254 231 1288 τας
246 1238 299 1280 τὰ
322 1237 427 1281 κατὰ
446 1235 638 1292 πόλεμον.
706 1238 755 1282 τὸ
779 1239 858 1295 γὰρ
877 1236 1116 1293 Ῥωμαϊκόν,
1151 1237 1208 1287 ὥς
1230 1239 1400 1294 εἴρηται,
1437 1238 1611 1294 ἔξησθε-
1635 1244 1663 1280 Ρ
1686 1246 1752 1282 275

153 1305 275 1362 νηκός
298 1308 367 1350 καὶ
388 1306 494 1350 κατὰ
517 1304 634 1350 δύσιν
654 1308 880 1365 διασπαρὲν
900 1306 1164 1365 παρεώρατο,
1199 1309 1344 1363 ζητοῦν
1364 1307 1611 1353 τούντεῦθεν

245 1426 279 1462 7.
298 1425 360 1462 ml
382 1430 462 1473 post
481 1438 543 1465 σπ.
563 1427 694 1465 deerat.

151 1532 304 1572 eturum,
334 1529 395 1564 ubi
417 1529 624 1565 ostendisset
645 1542 708 1565 nec
729 1530 839 1564 foveri
861 1541 883 1564 a
904 1542 943 1565 se
964 1530 1055 1565 illum
1078 1543 1142 1566 nec
1162 1531 1252 1578 apud
1275 1543 1315 1567 se
1333 1533 1477 1568 versari.
1525 1545 1607 1578 ergo

150 1576 335 1628 ssontzerio
356 1575 586 1619 denuntiavit,
608 1588 630 1612 a
651 1589 690 1612 se
714 1576 826 1611 abiret
845 1577 1057 1622 salutemque
1078 1578 1160 1612 alibi
1181 1582 1372 1623 quaereret
1418 1579 1452 1613 in
1475 1579 1528 1614 his
1550 1581 1609 1615 ille

151 1622 317 1667 angustiis
349 1622 449 1667 inops
482 1622 615 1657 consilii
646 1622 793 1658 melioris
823 1623 915 1656 mint
937 1623 981 1657 ad
1004 1624 1242 1669 imperatorem
1264 1625 1324 1670 qui
1346 1637 1385 1659 se
1408 1637 1484 1659 cum
1506 1638 1609 1660 exer-

151 1668 225 1702 citu
255 1680 323 1702 non
351 1667 484 1702 modico
517 1674 673 1714 paratum
707 1669 751 1703 ad
778 1669 850 1703 eius
881 1669 1042 1715 auspiciis
1069 1681 1140 1704 rem
1163 1672 1346 1715 gerendam
1359 1697 1371 1714 ,
1403 1673 1608 1717 ubicumque

255 1714 386 1759 'peret,
419 1714 601 1760 offerrent,
637 1715 807 1760 etiamque
838 1721 976 1749 orarent
997 1727 1041 1750 ne
1063 1716 1246 1762 supplicem
1279 1724 1520 1762 aspernaretur
1543 1729 1607 1752 nec

149 1764 319 1805 nigratum
340 1771 404 1794 nec
424 1759 599 1803 inutilem,
621 1762 652 1796 si
675 1762 871 1796 admitteret
884 1787 894 1804 ‚
918 1763 1079 1796 futurum.
1126 1769 1203 1797 erat
1224 1774 1264 1797 re
1286 1775 1388 1804 vera,
1412 1764 1544 1808 qualem
1569 1768 1607 1798 et

149 1815 190 1840 se
210 1807 345 1840 ferebat
373 1806 449 1852 ipse
470 1811 507 1840 et
528 1807 652 1852 passim
682 1808 772 1842 fama
803 1808 1020 1851 celebrabat,
1054 1808 1259 1842 Rontzerius
1290 1809 1444 1852 generosi
1466 1814 1502 1842 et
1523 1821 1606 1843 vere

150 1850 273 1886 Martii
293 1852 411 1897 plenus
433 1851 556 1897 animi,
578 1854 751 1899 miraeque
775 1854 892 1898 (quod
914 1854 948 1888 in
969 1853 1026 1887 illo
1048 1854 1243 1898 eminebat)
1266 1854 1453 1888 industriae
1476 1855 1512 1888 in
1537 1855 1604 1888 sibi

149 1897 221 1931 fido
242 1908 284 1931 ac
305 1898 467 1932 benevolo
486 1899 632 1933 tenendo
647 1899 910 1934 inconditissime
930 1899 984 1933 cui
1005 1904 1166 1944 praeerat
1184 1912 1309 1944 genere
1326 1900 1504 1942 latronum,
1528 1901 1604 1946 qui-

149 1942 216 1977 bus
237 1942 282 1976 ad
302 1942 433 1987 flagitia
454 1945 637 1979 connivens
658 1950 695 1979 et
714 1949 791 1979 arte
811 1945 1050 1990 popularitatis
1063 1946 1160 1979 varia
1174 1947 1384 1991 obsequens,
1405 1947 1500 1980 salva
1514 1958 1604 1980 sem-

150 1998 215 2034 per
236 1989 439 2022 auctoritate
459 1988 608 2034 imperii,
635 1991 782 2024 strenuis
804 1991 1016 2036 fortibusque
1044 1996 1238 2035 coeptorum
1261 1992 1473 2035 quantumvis
1495 1993 1602 2027 auda—

151 2033 239 2068 cium
261 2033 496 2068 executoribus
516 2035 713 2080 plerumque
741 2037 921 2078 utebatur,
951 2037 1180 2070 celebritatem
1210 2037 1290 2070 inde
1321 2037 1465 2082 adeptus
1493 2039 1601 2073 maxi·

147 2090 247 2113 mam.
295 2079 356 2113 tali
378 2086 561 2114 conventus
590 2080 759 2124 legatione
779 2082 982 2125 imperator,
1016 2081 1076 2126 qui
1098 2082 1165 2115 iam
1189 2082 1232 2115 ad
1256 2083 1488 2118 conducendos
1510 2096 1601 2119 mer-

147 2124 233 2159 cede
259 2124 383 2159 milites
404 2136 533 2159 summa
554 2126 758 2160 necessitate
780 2127 937 2170 adigente
955 2127 1127 2171 appellere
1149 2127 1293 2162 animum
1316 2129 1496 2174 coepisset,
1517 2142 1600 2176 pre-

146 2170 267 2205 tiosam
295 2170 359 2204 sibi
382 2171 479 2215 quasi
500 2171 659 2205 divinitus
681 2172 799 2205 offerri
830 2173 1039 2206 occasionem
1063 2172 1273 2215 arbitratus,
1303 2176 1425 2220 cupide
1446 2178 1536 2222 quod
1560 2188 1599 2212 se

142 2216 180 2250 in
201 2228 333 2250 manum
355 2216 461 2251 dabat
483 2217 647 2262 arripuit3
667 2217 855 2262 missisque,
879 2229 946 2263 quo
960 2218 1061 2251 fidem
1077 2218 1313 2263 promissorum
1327 2221 1470 2264 faceret,
1494 2233 1600 2258 aurea

145 2262 283 2297 munitis
313 2263 406 2296 bulla
435 2263 693 2308 diplomatibus,
725 2264 759 2297 ei
780 2263 987 2308 significavit
1008 2275 1085 2298 sese
1106 2264 1215 2309 ipsum
1245 2267 1493 2302 conditionibus
1517 2281 1600 2314 per-

145 2308 266 2353 amplis
287 2314 325 2342 et
345 2309 518 2343 subiectas
539 2309 607 2354 ipsi
627 2309 744 2354 copias
765 2308 1026 2344 auctoramentis
1055 2310 1184 2344 idoneis
1212 2311 1279 2346 iam
1302 2323 1391 2347 nunc
1411 2313 1448 2348 in
1470 2315 1601 2350 Roma-

86 2381 89 2383 .
142 2363 209 2387 nae
237 2354 377 2388 militiae
406 2355 589 2389 auxiliares
616 2356 783 2400 accipere.
828 2356 985 2390 venirent
1006 2355 1108 2390 modo
1139 2367 1240 2402 quam
1269 2358 1431 2403 primum,
1467 2365 1502 2394 et
1524 2361 1598 2406 ipse

142 2398 278 2444 quidem
306 2400 428 2434 ductor
449 2401 516 2435 sibi
538 2401 660 2435 eximie
682 2401 883 2436 destinatam
916 2401 1028 2446 magni
1050 2401 1147 2436 ducis
1166 2403 1364 2448 dignitatem
1386 2417 1461 2440 cun
1484 2407 1598 2442 affini-

144 2448 220 2479 tate
241 2446 436 2490 splendida,
465 2448 591 2492 nuptiis
613 2447 726 2492 neptis
747 2447 908 2493 propriae
930 2447 1062 2481 Mariae
1083 2448 1204 2483 Asanis
1227 2449 1342 2492 filiae,
1364 2451 1485 2494 iniret,
1508 2454 1599 2487 mili·

143 2493 199 2524 tes
219 2502 300 2525 vero
318 2491 426 2536 ipsius
447 2492 492 2527 ad
513 2505 606 2538 spem
630 2498 757 2527 certam
774 2504 986 2538 magnorum,
1009 2493 1132 2538 quibus
1153 2494 1244 2529 nulla
1264 2507 1359 2531 mora
1379 2499 1596 2534 numerandis

142 2533 391 2579 intercederet,
422 2538 662 2583 stipendiorum
685 2544 920 2580 accurrerent,
953 2545 1159 2585 caeteraque
1181 2541 1289 2576 omnis
1309 2543 1446 2588 generis
1467 2555 1595 2589 operae

143 2579 232 2614 bello
262 2582 399 2617 fortiter
429 2590 576 2619 navatae
605 2585 696 2619 haud
717 2597 755 2619 se
778 2585 1029 2619 desideraturos
1061 2586 1212 2630 praemia
1232 2588 1368 2623 seirent.
1415 2590 1500 2623 haec
1523 2596 1594 2623 tam

143 2625 285 2669 pellacia
306 2631 374 2663 tam
396 2630 526 2674 prolixe
547 2631 768 2675 pollicebatur
789 2631 991 2676 imperator,
1017 2631 1193 2676 quonian,
1214 2634 1267 2668 uti
1286 2634 1445 2676 diximus,
1467 2635 1593 2669 nullam

144 2669 289 2724 fidpciae
309 2675 496 2718 partemin
514 2676 667 2711 Romano
700 2677 867 2712 collocare
893 2680 1031 2722 poterat
1062 2678 1230 2722 exercitu,
1265 2681 1355 2725 quod
1385 2682 1442 2724 qui
1474 2691 1516 2714 ex
1548 2691 1590 2715 eo

143 2717 267 2769 rellqui
288 2720 425 2764 nuperis
447 2721 598 2756 cladibus
619 2724 879 2769 superfuerant,
909 2722 993 2756 mari
1014 2723 1158 2759 traiecto
1177 2737 1200 2759 e
1221 2725 1405 2760 continenti
1428 2725 1530 2759 Asiae
1554 2726 1589 2760 in

142 2760 345 2818 ροσιδωιιι.
361 2765 503 2801 onmium
530 2767 649 2814 inopes
679 2769 803 2811 delati,
836 2769 961 2814 passim
994 2769 1129 2815 profugi
1156 2770 1243 2805 adeo
1264 2772 1429 2806 viluerant
1449 2771 1590 2806 deiectis

140 2817 263 2851 :gnare
290 2810 426 2853 amnis,
456 2818 514 2855 ut,
542 2813 575 2848 si
595 2813 720 2849 vietum
741 2815 898 2850 miserum
920 2814 974 2849 vel
995 2814 1111 2851 infima
1138 2817 1302 2852 sevitute
1322 2817 1587 2863 paciscerentur,
