1858 3126
267 178 366 226 440
686 177 921 223 GEORGII
953 179 1300 226 PAGHYMERIS

221 302 252 335 c
274 288 464 347 ἀλλήλοις
487 293 554 334 καὶ
583 290 687 347 παρ’
721 288 908 346 ἀλλήλων
937 292 1035 343 τούς
1062 292 1176 343 ἐντὸς
1200 291 1381 344 Ἰταλοὺς
1406 294 1501 346 τοὺς
1518 295 1591 350 μέν
1607 292 1722 351 ἔργον

266 362 472 415 μαχαίρας
504 364 667 403 ποιοῦσι
692 360 789 410 τοὺς
809 361 854 404 δὲ
879 362 945 403 καὶ
968 360 1167 419 ἀσφαλῶς
1185 365 1483 417 καθειργνῦσιν.
1551 361 1724 413 ἑαυτοὺς

269 429 314 471 df*
332 428 383 470 τὰ
400 425 580 482 μάλιστα
603 426 951 485 συγκροτήσαντες
968 428 1024 480 ὥς
1043 430 1327 484 θανουμένους
1355 427 1516 480 πάντως
1533 433 1568 473 εἰ
1587 436 1724 474 καθυ-

268 503 377 554 querna
397 495 467 555 (οὗ
489 497 567 552 γὰρ
591 492 641 552 ἦν
665 499 833 550 ἐλπίζειν
863 497 988 551 ἄλλο,
1025 500 1059 541 εἲ
1081 496 1160 542 ὑπὸ
1178 504 1318 555 χεῖρας
1347 502 1406 557 τῷ
1429 496 1592 556 μεγάλῳ
1609 501 1724 543 davni

268 564 492 623 γένοιντο),
522 565 598 616 τὰς
628 563 761 616 πῦλας
790 565 831 608 ἓν
861 565 1040 623 ἀσφαλεῖ
1064 566 1230 622 θέμεναι
1256 568 1373 622 δῆλοι
1403 561 1510 622 ἦσαν
1542 566 1758 614 ἄκοπα-5

269 638 449 684 τοῦντες.
517 631 574 683 ὥς
601 637 698 689 γοῦν
728 631 945 678 ἀνάπυστα
968 633 1122 692 ’γεγόνει
1145 634 1369 688 τάκείνων,
1403 636 1470 678 καὶ
1491 634 1566 678 οὔκ
1583 630 1634 690 ἦν
1651 652 1728 678 κα-

268 701 454 756 ταπέψαι
470 701 544 756 τὴν
561 699 705 757 χλεύην
723 701 822 745 ὄντα
838 702 995 746 Ἰταλὸν
1016 706 1082 746 καὶ
1106 701 1238 754 οὕτως
1258 702 1394 759 ἀπηνῆ
1415 705 1483 747 καὶ
1510 720 1729 760 φρονημα-

270 771 387 823 τίαν,
439 764 571 814 τᾶλλα
610 770 783 825 ’θέμενος
815 771 857 814 ἔν
889 772 1094 831 δευτέρῳ,
1141 771 1395 827 παραλαβὼν
1423 771 1498 822 τὰς
1533 770 1730 825 δυνάμεις

219 840 254 875 D
276 839 398 882 ἐκεῖσε
414 840 586 894 γίνεται,
619 835 830 894 χρώμενος
846 840 920 894 μὲν
937 842 1002 882 καὶ
1024 842 1144 883 παντὶ
1161 844 1220 899 τῷ
1237 840 1418 900 Ἰταλικῷ
1430 844 1728 895 συμμαχοῦντι,

269 907 345 951 οὐκ
370 906 503 963 ὀλίγον
526 907 571 950 δὲ
591 905 917 963 συνεπαγόμενος
936 910 1003 951 καὶ
1017 907 1241 964 Ῥωμαϊκόν
1256 942 1270 962 ,
1296 908 1361 952 ἔτι
1390 909 1436 952 δὲ
1453 911 1520 951 καὶ
1536 908 1730 959 Ἀλανοὺς
1739 918 1786 954 ’10

270 976 334 1018 ἐπὶ
353 975 426 1029 τὴν
453 971 590 1030 μάχην
622 974 981 1031 προσβιαζόμενος.
1049 975 1226 1032 ἑκάστης
1252 972 1325 1020 οὖν
1347 974 1619 1034 προσβάλλων
1635 978 1732 1020 ἐπο-

272 1041 420 1099 λιόρκει
432 1076 445 1096 ,
480 1041 758 1099 μηχανήματα
777 1045 947 1101 ἐφιστὰς
969 1047 1034 1087 καὶ
1053 1043 1251 1095 ἑλεπόλεις
1274 1043 1627 1101 προσετοιμᾶζων,
1663 1046 1732 1088 καὶ

269 1109 530 1166 πολλαχόθεν
558 1115 737 1168 θερμαῖς
763 1115 846 1155 τισὶ
872 1115 1127 1169 προθυμίαις
1155 1111 1418 1171 (ἕξωτρύνετο
1448 1114 1527 1169 γὰρ
1544 1115 1610 1155 καὶ
1628 1130 1733 1170 προ-

274 1184 416 1237 φανῶς
443 1179 754 1237 λοιδορούμενος
783 1180 972 1237 ἔνδοθεν)
1001 1181 1106 1224 κατὰ
1136 1179 1354 1238 πρόσωπον
1385 1181 1629 1237 ἀπεπειρᾶτο
1657 1184 1732 1224 τοῦ

225 1246 255 1280 Ε
282 1251 449 1303 τείχους.
519 1247 567 1292 οὖ
587 1248 669 1304 μὴν
692 1249 737 1292 δὲ
757 1250 824 1291 καὶ
845 1249 883 1292 οἳ
904 1249 1018 1300 ἐντὸς
1035 1251 1310 1305 κατημέλουν,
1347 1249 1451 1292 ἀλλὰ
1478 1253 1642 1305 πρῶτον
1656 1249 1731 1304 μὲν
1742 1258 1786 1293 15

270 1317 345 1371 τὴν
365 1321 438 1360 τοῦ
455 1315 609 1368 ὕδατος
619 1321 766 1375 χρῆσιν
787 1317 1008 1374 ἀναγκαίαν
1029 1313 1158 1362 οὖσαν
1175 1317 1337 1375 ὀχυροῖς
1355 1318 1514 1372 τειχίοις
1531 1318 1648 1375 μέχρι
1664 1319 1734 1361 καὶ

365 1463 396 1495 7.
423 1459 658 1507 φορηματίοιν
681 1461 718 1495 Ρ.

272 1584 364 1629 quod
397 1595 526 1620 omnem
555 1597 630 1620 cum
651 1597 772 1630 magno
805 1585 891 1620 duce
914 1583 1200 1619 reconciliationis
1226 1585 1315 1620 viam
1339 1585 1565 1630 abrumperet.
1608 1583 1676 1619 suit
1695 1584 1733 1619 id

272 1630 403 1664 hostilis
419 1631 587 1674 grassatio
610 1631 645 1664 in
661 1633 778 1673 Italos,
799 1635 966 1676 quotquot
985 1636 1065 1664 sunt
1087 1631 1177 1664 intra
1198 1631 1314 1664 urbem
1337 1630 1548 1675 Magnesiam
1569 1634 1652 1664 tunc
1677 1641 1735 1665 re-

272 1676 386 1721 perti3
416 1687 557 1721 quorum
590 1688 670 1722 pars
703 1676 816 1722 gladio
847 1675 959 1716 caesi3
992 1687 1072 1720 pars
1095 1687 1236 1710 securae
1259 1676 1420 1710 commissi
1445 1675 1620 1710 custodiae
1641 1682 1733 1711 sunt.

274 1721 347 1766 egit
367 1726 549 1767 praeterea
577 1728 617 1756 ut
639 1722 769 1757 cunctis
791 1727 883 1756 esset
904 1721 1194 1766 persuasissimum
1217 1733 1316 1756 unam
1347 1721 1434 1767 ipsis
1456 1721 1556 1756 sitam
1579 1732 1655 1756 esse
1676 1733 1735 1756 sa·

274 1767 354 1801 lutis
377 1779 470 1812 spem
493 1767 527 1802 in
550 1768 660 1802 salute
683 1780 747 1802 non
771 1767 905 1801 aliunde
936 1767 1106 1812 speranda
1128 1779 1226 1812 qnam
1253 1769 1296 1801 ab
1320 1767 1448 1802 invicta
1470 1773 1507 1801 et
1529 1767 1660 1801 omnino
1681 1767 1732 1800 ir-

272 1813 456 1846 revocabili
478 1813 656 1848 resistendi
680 1812 887 1855 constantia,
911 1812 1096 1846 certissime
1117 1813 1308 1856 morituris,
1332 1813 1362 1847 si
1395 1813 1558 1847 cederent
1585 1818 1623 1847 et
1643 1824 1733 1858 qua-

272 1870 416 1903 cumque
438 1859 569 1894 ratione
591 1860 654 1894 sub
678 1859 788 1904 magni
824 1858 919 1892 ducis
950 1864 1153 1904 potestatem
1185 1870 1227 1893 ac
1248 1869 1367 1892 manus
1388 1858 1637 1903 redigerentur.
1682 1857 1734 1893 sic

273 1904 403 1949 parati,
426 1906 536 1950 portis
557 1906 652 1939 urbis
673 1908 748 1939 tuta
772 1904 930 1938 custodia
953 1911 990 1938 et
1010 1904 1191 1946 munitione
1209 1905 1339 1949 septis,
1363 1904 1435 1938 sine
1457 1904 1526 1938 ulla
1546 1904 1612 1938 iam
1635 1903 1736 1938 dissi-

272 1949 454 1984 mulatione
476 1951 586 1996 palam
609 1951 783 1986 declarant
813 1962 851 1984 se
877 1961 940 1996 pro
972 1950 1069 1984 hoste
1102 1951 1229 1984 habere
1250 1961 1406 1994 inagnum
1429 1950 1560 1984 ducem.
1607 1949 1664 1984 hic
1685 1948 1736 1984 si·-

274 1996 341 2029 mul
364 1996 437 2030 eius
459 1997 546 2031 tanti
570 1997 624 2031 sui
645 2000 873 2042 contemptus,
897 1996 988 2030 fama
1010 1996 1092 2030 facti
1116 1996 1184 2030 late
1206 1996 1333 2035 didita,
1358 2007 1430 2030 eam
1457 1995 1611 2030 notitiam
1633 2007 1737 2029 acce-

274 2041 328 2085 pit
350 2053 450 2086 quam
473 2043 565 2076 nulla
595 2046 711 2088 posset
743 2041 1010 2077 dissimulatione
1033 2047 1168 2087 tegere,
1200 2042 1314 2076 statim
1337 2041 1468 2076 exarsit
1488 2042 1524 2075 in
1547 2041 1650 2075 nihilo
1673 2041 1737 2075 mi-

276 2086 399 2120 tiorem
430 2088 513 2122 iram
544 2100 643 2133 quam
671 2088 762 2134 quali
796 2093 871 2122 erat
900 2087 1080 2122 verisimile
1108 2087 1376 2122 inflammandum
1405 2088 1570 2122 hominem
1601 2087 1735 2128 Italum,

278 2132 486 2178 eundemque
516 2145 622 2180 supra
652 2145 856 2168 communem
883 2133 993 2178 gentis
1026 2133 1158 2168 modum
1188 2134 1355 2168 crudelem
1378 2139 1483 2179 atque
1506 2132 1736 2178 praecipitem.

278 2178 371 2222 rapit
394 2189 475 2222 ergo
498 2180 571 2214 sine
593 2192 705 2223 mora,
739 2179 870 2214 cunctis
892 2179 1044 2223 omissis,
1068 2191 1147 2214 suas
1165 2191 1278 2214 secum
1301 2179 1478 2213 universes
1500 2178 1636 2223 copias,
1658 2177 1737 2210 Ma-

277 2222 492 2270 gnesiamque
513 2225 659 2260 advolat.
706 2231 804 2260 erant
826 2226 859 2259 in
883 2237 923 2259 eo
946 2225 1098 2259 exercitu
1120 2226 1300 2260 auxiliares
1321 2224 1433 2259 Italici
1454 2223 1587 2269 generis
1608 2231 1736 2263 omnes,

278 2268 451 2303 Romanae
474 2281 548 2304 cum
571 2271 622 2304 his
644 2271 783 2306 militiae
806 2283 887 2316 pars
909 2282 975 2305 nou
999 2271 1134 2316 exigua,
1156 2271 1300 2316 denique
1324 2270 1433 2313 Alani,
1455 2269 1512 2314 qui
1533 2273 1645 2302 tamen
1669 2278 1735 2300 non

279 2319 412 2359 sponte,
435 2317 494 2349 sed
517 2317 704 2361 praesentis
727 2317 821 2351 ducis
853 2317 1062 2351 ineluctabili
1086 2317 1198 2351 adacti
1222 2317 1391 2362 potentia,
1419 2315 1559 2348 invitam
1581 2317 1618 2347 et
1640 2313 1737 2346 dum-

279 2365 379 2392 taxat
408 2362 669 2405 perfunctoriam
702 2374 839 2408 operam
871 2363 906 2396 in
939 2363 1003 2397 hoc
1025 2363 1147 2397 bellum
1183 2362 1412 2396 conferebant.
1458 2359 1509 2393 his
1537 2358 1645 2403 copiis
1666 2358 1736 2392 dux

276 2415 417 2448 magnus
440 2408 723 2451 oppugnationem
748 2409 946 2452 Magnesiae
974 2409 1116 2442 adorsus
1147 2408 1319 2442 machinas
1339 2407 1512 2446 admovet,
1541 2408 1653 2438 turres
1676 2415 1737 2438 ex·

277 2449 381 2492 citat,
415 2456 553 2485 caetera
584 2453 805 2487 instrumenta
837 2455 1133 2498 expugnandamm
1166 2452 1383 2487 munitionum
1414 2449 1548 2484 ardenti
1576 2454 1736 2494 satagens

277 2495 388 2529 studio
423 2496 570 2531 adhibet.
617 2499 849 2532 accendebant
881 2499 966 2532 enim
1000 2510 1063 2544 per
1093 2510 1130 2533 se
1161 2498 1244 2532 satis
1277 2497 1514 2531 inflammatam
1546 2495 1620 2530 eius
1651 2496 1736 2530 iram

278 2542 400 2575 crebra
423 2542 564 2576 subinde
586 2543 621 2576 iu
645 2543 738 2577 illum
761 2555 781 2576 e
804 2543 907 2577 muris
936 2543 1066 2578 iactata
1090 2543 1253 2585 dicteria,
1274 2542 1483 2576 irridentium
1507 2547 1647 2577 conatus
1671 2540 1737 2574 mi-

279 2598 407 2632 nasque
430 2587 558 2632 ipsius,
593 2589 714 2634 quibus
738 2589 831 2622 homo
854 2589 1001 2622 tumidus
1022 2589 1267 2633 impatiensque
1290 2588 1508 2622 contumeliae
1529 2586 1738 2622 incredibili-

279 2636 335 2666 ter
357 2633 578 2676 efferabatur,
602 2645 706 2668 vanos
727 2633 864 2668 interim
887 2634 959 2668 eius
989 2635 1134 2679 impetus
1155 2634 1259 2668 muris
1281 2635 1504 2680 nequidquam
1528 2631 1737 2668 solidissimis

279 2677 444 2725 impactos
466 2679 708 2724 Magnesioffl,
743 2679 1015 2713 munimentorum
1047 2685 1336 2725 apparatunmque
1364 2680 1569 2714 conscientia
1589 2689 1736 2718 suorum,

281 2724 490 2759 securissime
510 2725 810 2760 contemnentibus.
855 2730 993 2759 strenue
1014 2724 1105 2759 inter
1126 2726 1210 2759 baec
1232 2725 1334 2760 iidem
1358 2726 1401 2760 ad
1422 2737 1537 2760 omnes
1558 2725 1637 2759 talis
1652 2729 1737 2758 tenn-

282 2770 375 2814 poris
397 2771 619 2806 accurrebant
638 2782 729 2805 usus.
775 2771 891 2817 itaque
907 2782 981 2805 cum
995 2783 1038 2805 ne
1061 2783 1150 2819 aqna
1173 2771 1431 2806 excluderentur
1453 2771 1639 2817 periculum
1660 2780 1737 2804 esse

281 2816 607 2862 animadvertissent,
627 2827 722 2852 muro
745 2817 861 2853 valido
883 2828 1033 2864 campum
1057 2817 1200 2864 amplexi
1225 2818 1463 2861 suburbanum,
1484 2818 1543 2852 ubi
1564 2820 1639 2852 erat
1661 2816 1738 2851 fons
