1858 3126
229 161 329 208 356
653 158 890 204 GEORGII
921 157 1276 203 PACHYM'ERIS

230 269 488 331 πατριάρχου
515 270 692 326 νομίμου
713 270 766 314 τὰ
788 267 886 315 κατ’
908 270 1061 322 αὐτοῦς
1089 269 1360 326 ἓξετάζοιντο,
1396 271 1550 323 αὖτοὺς
1568 273 1614 316 δὲ
1633 269 1703 316 καῖ

232 344 303 394 οὓς
321 340 541 390 κοινωνοὺς
560 338 668 395 εἶχον
689 338 852 396 ἑτέρους
876 342 1157 398 ψηφίζεσθαι·
1188 347 1435 396 χειροτονεῖν
1455 342 1501 385 δὲ
1525 341 1598 385 τὸν
1619 345 1702 385 τῶν

233 410 562 467 Μαρμαριτζίων
587 410 808 453 ἐπίσκοπον
838 409 1154 466 προσκληθέντα
1187 411 1231 452 ἐκ
1261 407 1438 463 δύσεως,
1475 409 1608 466 ἄνδρα
1626 427 1702 467 γη-

232 480 349 539 ραιὸν
379 480 454 535 μὲν
485 477 566 534 ἤδη
597 479 663 521 καὶ
692 483 768 533 τῆς
788 483 967 529 παλαιᾶς
997 478 1148 534 ἐκείνης
1161 479 1437 536 χειροτονίας,
1473 477 1570 522 οὐδ’
1596 477 1703 529 ὅλως

232 551 277 594 δὲ
296 556 383 599 τοῖς
400 547 553 603 μεταξὺ
574 552 798 602 πραχθεῖσι
817 547 1147 603 κεκοινωνηκέναι
1167 546 1360 598 δόξαντα.
1432 544 1637 591 ὑπέτεινον
1658 548 1737 593 δὲό

231 621 299 662 καὶ
314 616 499 675 χρηστὰς
520 617 686 666 ἐλπίδας
705 616 946 673 ἀρχιερεῦσι,
984 616 1166 673 λέγοντες
1182 616 1240 672 μὴ
1263 615 1408 666 τελέως
1427 615 1565 659 αὐτῶν
1585 615 1705 673 ἀφει-

236 690 320 731 δεῖν
339 687 381 737 ἕς
402 685 424 729 ὃ
444 686 511 728 καὶ
537 684 718 741 ἀργοῖεν,
756 685 860 728 ἀλλὰ
884 685 990 728 κατὰ
1007 685 1081 739 τὴν
1107 689 1183 728 τοῦ
1212 686 1331 728 θείου
1359 685 1575 742 Ταρασίου
1595 689 1705 742 πρᾶ-

182 769 214 803 D
239 759 300 809 ξιν
328 758 654 812 περιποιεῖσθαι,
692 754 798 810 πλὴν
830 755 989 798 ἐκείνων
1021 753 1120 797 ὅσον
1147 755 1192 797 ἐκ
1218 758 1294 797 τοῦ
1322 753 1593 811 γενησομένου
1621 771 1706 796 πα-

233 821 430 883 τριάρχου
456 822 645 877 κανονικὴ
665 821 866 875 ἐξέτασις,
909 821 965 872 ὥς
991 820 1119 876 εἰκός,
1155 820 1506 878 ἀποδοκιμάσειεν.
1575 820 1632 872 ὦς
1661 822 1706 865 δὲ

235 896 302 938 καὶ
325 895 416 950 περὶ
441 896 515 935 τοῦ
548 893 881 948 ,Μαρμαριτζίων
916 889 1106 947 ἐζήτησεν
1131 890 1151 934 ὁ
1174 895 1358 949 κρατῶν,
1395 893 1462 935 καὶ
1487 891 1643 947 πολλὴν
1663 891 1705 934 εἶν
1719 894 1762 935 10

234 967 403 1012 πολλοῖς
422 960 673 1018 ἀδιαφορίαν
696 965 771 1004 τοῦ
791 960 944 1017 ἀνδρὸς
965 958 1297 1015 κατεμάνθανεν,
1336 959 1400 1004 ὅτι
1420 977 1464 1004 τε
1479 958 1707 1018 χρημάτων

236 1031 357 1076 ὤνιον
377 1030 452 1086 τὴν
472 1027 695 1087 ἱερωσύνην
717 1030 867 1085 ποιοίη,
907 1031 974 1072 καὶ
992 1028 1056 1072 ὅτι
1076 1028 1241 1085 συνάμα
1262 1029 1441 1080 πολλοὺς
1456 1030 1708 1086 χειροτονοίη

237 1100 281 1145 ἔν
305 1104 381 1161 μιᾷ
404 1099 493 1159 ἱερᾷ
515 1103 654 1156 τελετῇ
683 1103 759 1154 τῆς
778 1098 908 1154 αὐτῆς
936 1099 998 1140 ἐπὶ
1020 1103 1072 1155 τῇ
1095 1097 1293 1156 ἱερωσύνῃ
1313 1096 1488 1152 τάξεως,
1517 1099 1584 1141 καὶ
1605 1096 1706 1141 ἄλλ’

182 1184 215 1219 Ε
238 1169 345 1214 ἄττα
369 1172 453 1211 τῶν
475 1168 817 1224 ἕκκλησιαστικῶν
842 1171 1012 1222 θεσμῶν
1041 1166 1256 1227 ἀπᾴδοντα
1276 1165 1474 1224 πράττοι,
1511 1168 1579 1210 καὶ
1597 1170 1709 1222 μᾶλ-

234 1244 306 1282 λον
327 1236 389 1281 ὅτι
414 1234 706 1280 ἐκλελοιπότων
728 1236 832 1279 κατὰ
858 1234 976 1279 δύσιν
997 1237 1064 1279 καὶ
1084 1240 1166 1279 τῶν
1194 1235 1275 1279 ἀπὸ
1294 1240 1368 1291 τῆς
1387 1232 1566 1292 μεγάλης
1583 1232 1706 1279 συνό-
1719 1238 1762 1276 15

237 1310 313 1352 δου
333 1306 551 1363 ἀρχιερέων
582 1305 649 1349 διὰ
676 1305 729 1348 τὰ
748 1310 831 1348 τῶν
856 1305 1197 1360 ἔκκλησιαστικῶν
1219 1303 1462 1348 σκανδάλων
1482 1302 1706 1359 ἐπάλληλα.

237 1375 295 1427 ὥς
321 1380 419 1432 γοῦν
443 1374 565 1418 ταῦτ’
598 1372 762 1418 ἀκούων
788 1381 876 1424 τοῖς
900 1381 1097 1429 μοναχοΐς
1122 1374 1345 1431 προέτεινεν
1370 1371 1596 1430 ὂκρατῶν,
1633 1372 1708 1415 τὶν

236 1449 311 1490 τοῦ
343 1447 487 1500 καιροῦ
518 1443 659 1486 ἐκεῖνοι
686 1441 1013 1500 προβαλλόμενοι
1043 1444 1264 1486 δυσκολίαν
1290 1443 1357 1485 καὶ
1388 1442 1436 1485 τὸ
1466 1446 1548 1485 τῶν
1571 1445 1709 1499 φυλα-

235 1514 423 1570 χθέντων
449 1509 623 1555 σπάνιον
655 1512 720 1554 ἐπὶ
741 1509 942 1562 τοιούτοις
970 1518 1150 1569 καιροῖς,
1187 1511 1398 1569 παρέλκειν
1418 1510 1554 1567 ἔλεγον
1574 1514 1710 1554 ταῦτα

238 1625 357 1669 partes
379 1619 570 1665 attingere,
603 1619 715 1665 quoad
746 1619 950 1654 constitutus
981 1619 1016 1654 in
1039 1620 1161 1654 throno
1183 1619 1352 1664 legitimus
1375 1619 1624 1666 canonicusque
1644 1630 1711 1666 pa-

237 1668 390 1704 triarcha
413 1677 535 1701 causas
550 1677 664 1700 eorum
682 1677 887 1710 cognoscere
907 1666 1017 1711 deque
1039 1665 1083 1699 iis
1105 1677 1168 1711 pro
1191 1669 1364 1710 potestate
1386 1670 1492 1711 queat
1513 1666 1710 1700 decernere.

239 1714 389 1749 calculos
424 1724 526 1758 porro
559 1712 602 1747 ad
635 1713 733 1746 huius
756 1712 950 1746 electionem
975 1723 1052 1746 sese
1074 1723 1115 1746 ac
1139 1717 1312 1746 consortes
1334 1711 1573 1746 communionis
1594 1723 1710 1747 secum

236 1760 333 1807 ipsis,
356 1758 416 1805 qui
441 1758 505 1793 soli
527 1769 615 1792 nunc
638 1759 681 1793 ad
704 1758 740 1792 id
763 1758 830 1792 sint
852 1757 985 1800 idonei,
1015 1757 1167 1792 daturos.
1215 1757 1441 1792 ordinatorem
1464 1769 1548 1792 vero
1572 1757 1624 1792 sic
1647 1758 1712 1793 de-

236 1806 362 1851 signati
392 1805 608 1851 patriarchae
639 1809 762 1850 putare
801 1816 839 1838 se
872 1804 1111 1838 accersendum
1142 1815 1184 1838 ex
1208 1803 1361 1838 Occiduo
1393 1807 1508 1838 tractu
1541 1804 1711 1850 quendam

237 1853 434 1898 episcopum
458 1850 787 1891 Marmaritziorum‚
823 1850 985 1885 hominem
1016 1850 1119 1884 valde
1149 1861 1282 1891 senem,
1315 1852 1352 1884 et
1372 1849 1598 1885 ordinationis
1621 1850 1714 1886 anti-

239 1898 368 1945 quioris
402 1908 503 1942 quam
534 1902 573 1931 ut
605 1896 699 1931 infici
732 1897 882 1942 potuerit
915 1897 992 1932 labe
1014 1896 1083 1930 ulla
1103 1895 1346 1930 illaudabilium
1368 1900 1519 1931 actorum
1541 1897 1712 1943 posterius

241 1945 354 1990 palam
377 1943 619 1984 admissorum3
642 1954 664 1977 a
686 1953 827 1988 quorum
851 1946 887 1976 et
908 1942 983 1988 ipse
1003 1942 1169 1977 hactenus
1192 1941 1454 1989 participatione
1474 1943 1563 1977 omni
1585 1954 1624 1977 se
1647 1953 1714 1988 pu-

240 2002 315 2024 rum
339 1990 529 2024 custodisse
551 1989 719 2024 videatur.
765 1989 993 2033 adiungebant
1017 1993 1129 2023 autem
1152 1988 1189 2022 in
1214 1988 1463 2022 delinimentum
1493 1989 1601 2024 durae
1630 1999 1713 2034 pro-

242 2036 419 2081 positionis
448 2035 491 2069 de
521 2035 740 2080 suspensione
772 2046 814 2070 ac
837 2035 1031 2069 redactione
1054 2035 1087 2069 in
1112 2034 1260 2070 ordinem
1282 2035 1510 2080 praesentium
1531 2035 1713 2080 episcopo-

242 2093 315 2115 rum
350 2082 456 2115 bonas
490 2081 533 2115 de
565 2081 648 2126 ipsis
679 2092 782 2127 spes,
816 2081 1004 2116 indicantes
1035 2081 1125 2115 haud
1147 2080 1241 2126 ipsos
1264 2081 1365 2126 plane
1389 2092 1431 2115 ac
1452 2081 1487 2115 in
1509 2085 1713 2127 perpetuum

242 2127 524 2168 exauctorandos‚
548 2128 608 2161 sed
632 2127 758 2161 indicio
779 2127 928 2172 legitime
949 2138 1026 2162 mox
1049 2127 1189 2162 creandi
1209 2126 1438 2172 patriarchae,
1455 2126 1623 2162 imitaturi
1643 2125 1714 2161 sci-

242 2173 324 2206 licet
347 2173 436 2218 quod
460 2173 538 2206 olim
561 2174 684 2207 fecerit
707 2174 808 2208 divus
823 2174 1001 2217 Tarasius,
1025 2173 1252 2208 restituendos
1273 2173 1309 2206 in
1331 2173 1511 2218 integrum,
1535 2171 1712 2207 dummodo

241 2218 425 2263 tantisper,
449 2219 526 2252 dum
549 2219 581 2252 is
604 2220 697 2254 soret
722 2220 788 2254 rite
808 2219 842 2254 in
866 2220 948 2254 sede
971 2220 1172 2254 constitutus
1196 2231 1238 2254 ac
1261 2219 1456 2254 canonicam
1471 2219 1519 2253 de
1539 2222 1648 2261 statu,
1675 2219 1714 2251 et

242 2265 346 2298 rebus
369 2264 519 2309 ipsorum
542 2264 790 2310 inquisitionem
815 2266 999 2308 habuisset,
1019 2265 1240 2312 usurpatione
1263 2265 1386 2300 dubiae
1405 2263 1585 2310 potestatis
1606 2263 1713 2298 absti-

243 2314 375 2344 nerent.
425 2321 498 2343 cum
519 2314 631 2344 autem
655 2312 698 2345 de
721 2312 788 2346 isto
812 2312 1097 2346 Marmaritziensi
1128 2322 1252 2356 gnaros
1280 2311 1494 2355 interrogans
1514 2311 1713 2354 imperator,

243 2355 344 2390 valde
376 2356 621 2390 inemendatam
658 2357 693 2390 in
725 2357 839 2391 multis
860 2359 962 2392 vitam
993 2359 1067 2392 eius
1089 2369 1166 2392 esse
1189 2356 1423 2401 cognovisset,
1455 2355 1581 2402 quippe
1610 2366 1711 2401 quem

241 2401 329 2436 satis
361 2406 536 2435 constaret
570 2403 714 2447 pecunia
751 2403 873 2437 venale
903 2403 1130 2438 sacerdotium
1151 2403 1291 2445 fecisse,
1321 2406 1501 2447 praeterea
1522 2412 1590 2436 una
1611 2412 1713 2436 sacra

243 2447 418 2482 functione
449 2447 570 2481 multos
602 2448 701 2482 simul
733 2449 907 2483 ordinasse
939 2449 1087 2483 eiusdem
1119 2448 1155 2482 in
1183 2447 1374 2485 sacerdotio
1396 2447 1544 2490 ordinis,
1577 2450 1614 2482 et
1645 2447 1715 2482 alia

243 2492 423 2538 quaepiam
447 2494 489 2526 ab
513 2493 751 2527 ecclesiasticis
774 2495 913 2528 statutis
938 2494 1158 2529 abhorrentia
1181 2492 1304 2538 egisse,
1326 2504 1368 2527 ac
1390 2503 1454 2527 nec
1477 2493 1551 2528 eius
1573 2493 1714 2528 ordina-

244 2539 293 2574 tio
316 2543 387 2573 tam
409 2543 503 2573 certa
525 2550 625 2584 quam
647 2539 801 2574 dicerent
822 2540 1007 2582 videretur,
1031 2551 1105 2574 cum
1127 2540 1163 2574 in
1187 2538 1361 2582 occiduis,
1383 2540 1441 2574 ubi
1461 2540 1617 2585 degeret,
1639 2544 1715 2575 tra-

244 2585 357 2619 ctibus
394 2595 415 2619 a
447 2589 599 2630 tempore
638 2596 781 2629 magnae
820 2585 941 2630 synodi
974 2586 1163 2619 continuam
1201 2584 1446 2619 successionem
1486 2585 1714 2631 legitimorum

246 2630 480 2676 episcoporum
513 2641 575 2676 per
610 2631 754 2665 subinde
783 2630 853 2664 illic
885 2631 1128 2665 invalescentia
1159 2630 1318 2666 scandala
1347 2630 1455 2666 fuisse
1487 2632 1714 2678 interruptam

244 2679 341 2710 recte
363 2676 439 2722 quis
464 2675 572 2722 possit
596 2676 749 2721 opinari,
782 2677 892 2718 haec,
922 2677 1080 2723 inquam,
1112 2688 1155 2710 ex
1176 2676 1306 2711 idoneis
1327 2677 1444 2712 audita
1466 2679 1615 2714 testibus
1637 2687 1713 2722 cum

245 2722 477 2768 proposuisset
499 2722 668 2756 monachis
689 2723 888 2768 imperator,
913 2722 962 2756 illi
983 2722 1064 2757 nihil
1088 2723 1203 2757 horum
1230 2722 1417 2758 infitiantes
1438 2728 1570 2760 tantum
1591 2725 1715 2759 obten-

245 2769 373 2802 debant
396 2767 631 2803 difficultatem
654 2768 846 2803 inveniendi
868 2780 972 2814 puros
994 2781 1015 2804 a
1038 2769 1137 2810 labe,
1161 2780 1250 2814 quae
1272 2769 1337 2804 hoc
1360 2774 1512 2824 tempore
1536 2769 1717 2810 ecclesiam

245 2819 395 2859 urg-eret,
418 2818 560 2861 propter
581 2826 681 2862 quam
705 2826 851 2862 aequum
873 2820 1051 2851 censerent
1073 2814 1246 2850 conniveri
1269 2815 1313 2851 ad
1332 2815 1402 2851 ista
1420 2816 1531 2864 iisque
1551 2820 1592 2851 ut
1612 2814 1719 2852 vent-2
