1820 3112
217 136 314 183 170
641 136 875 180 GEORGII
903 138 1254 181 PACHYMERIS

213 256 324 294 λειαν
344 252 473 305 δῆθεν
493 249 623 305 αὐτῆς
646 252 917 306 ἐπινοηθέντα
930 284 943 305 ,
986 252 1029 302 ἐξ
1049 252 1266 307 ἐπιβουλῆς
1288 256 1369 295 τῶν
1388 250 1679 310 ἔπιχαιρόντων

212 317 436 371 τοιούτοις,
470 316 618 373 ἳνμὲν
645 320 693 362 τὸ
719 321 791 363 τὸν
820 321 975 363 Βέκκον
1005 322 1140 363 ἐλθεῖν
1173 323 1229 370 εἷς
1258 321 1306 364 τὸ
1324 323 1591 377 διαλεχθῆναι
1611 325 1678 365 καὶ

211 386 319 442 τάχα
347 393 692 444 καταγνωσθῆναι
726 391 792 431 καὶ
817 388 1073 444 ἡττηθῆναι,
1113 389 1134 432 ὃ
1166 388 1377 444 ἀμήχανον
1397 385 1448 445 ἦν
1473 395 1546 434 τοῦ
1571 395 1675 434 λαοῦ

211 454 441 511 μεμηνότος
465 458 531 499 καὶ
555 458 603 500 τὸ
625 458 749 513 γλυκὺ
778 459 920 514 πικρὸν
943 457 1116 512 ἐχόντων
1137 476 1179 501 τε
1196 461 1260 501 καὶ
1283 457 1500 514 λεγόντων,
1538 458 1677 503 δεύτε-

213 543 311 581 ρον,
358 523 479 580 ἡνίκα
509 532 567 585 τῷ
590 525 800 585 ’Υακίνθῳ
834 526 1068 582 ἒξεχωρήθη
1103 526 1342 582 ἁπανταχοῦ
1373 532 1448 583 τῆς
1467 526 1710 581 Ῥωμαίων5

162 597 195 633 D
218 599 544 650 προσκαλεῖσθαι
575 596 680 638 κατὰ
707 601 782 651 τῆς
811 597 1024 651 ἐκκλησίας
1051 595 1123 646 οὓς
1151 596 1332 653 εὕρισκεν
1361 596 1410 639 οὐ
1437 595 1676 652 συνειδήσει,
1726 593 1733 595 C

214 662 263 706 οὐ
294 661 437 717 νόμοις
467 668 570 706 θεοῦ
603 666 935 720 τεθραμμένους,
973 665 1069 707 ἀλλ’
1100 663 1346 721 ἀγυρτώδεις
1375 666 1440 708 καὶ
1461 670 1679 720 τριωβολι-

213 733 362 786 μαίους
391 731 525 784 τινάς,
564 735 631 775 καὶ
660 734 823 784 ἱκανοὺς
845 734 1126 790 καταστρέψαι
1149 734 1224 790 τὴν
1242 736 1455 790 ἐκκλησίαν
1473 738 1678 790 Χριστοῦ,

213 802 280 843 καὶ
302 799 380 843 ὅσα
402 802 651 857 παρέλαβεν,
689 800 824 862 ἀλόγῳ
841 801 991 858 θράσει
1010 805 1075 845 καὶ
1098 805 1272 860 διαβολῇ
1293 806 1359 846 καὶ
1373 802 1489 859 ὕβρει
1502 836 1515 856 ,
1553 805 1595 847 ἓν
1617 802 1679 855 οἷς

213 868 320 925 εἶχον
345 870 486 912 ἐκεῖνοι
507 871 554 913 τὸ
576 870 758 927 ἰσχυρόν.
829 874 894 914 καὶ
914 871 971 914 ἔτι
981 905 994 924 ,
1031 870 1086 922 ὡς
1112 872 1236 915 ἔοικεν
1249 906 1261 925 ,
1297 872 1434 926 ἔμελλε
1452 879 1538 923 τοῖς
1560 874 1677 916 δυσὶν
1689 879 1734 914 10

69 940 100 975 P
124 942 191 977 114
214 940 377 988 ἐκείνοις
411 947 550 989 κακοῖς
578 943 644 982 καὶ
673 941 809 996 τρίτον
837 940 1092 998 ἀναφυῆναι,
1129 941 1150 984 ὃ
1171 943 1237 983 καὶ
1259 941 1328 984 διὰ
1346 945 1509 996 πλῆθος
1531 939 1678 997 ἢμετέ-

214 1025 298 1063 ρων
325 1006 538 1064 ἁμαρτιῶν
570 1013 621 1065 τῇ
653 1007 830 1069 ἡμετέρα
858 1011 1007 1064 συνέβη
1025 1008 1157 1069 ἡμέρᾳ
1177 1012 1243 1053 καὶ
1262 1010 1367 1053 καθ’
1390 1008 1508 1066 ’ἡμῶν
1528 1012 1677 1067 ἐστρα-

213 1075 402 1119 τεύσατο.
451 1081 526 1132 τῆς
549 1078 628 1133 γὰρ
650 1081 837 1134 Χριστοῦ
857 1079 1071 1133 ἐκκλησίας
1092 1077 1152 1128 οἷς
1169 1079 1294 1129 αὐτὸς
1313 1077 1396 1122 οἶδε
1415 1080 1583 1135 κρίμασι
1602 1080 1679 1135 τὴν

213 1147 416 1203 φροντίδα
450 1144 659 1200 δεξάμενοι
669 1180 683 1199 ,
721 1147 795 1189 οὔκ
819 1148 1181 1205 ἕξησφαλίσθημεν
1211 1153 1285 1191 τοῦ
1304 1145 1406 1203 μήτε
1424 1148 1520 1198 τοὺς
1542 1150 1678 1203 σχιζο-

211 1215 361 1269 μένους
379 1218 452 1269 τῆς
473 1216 687 1270 ἐκκλησίας
710 1219 898 1272 Χριστοῦ
915 1218 981 1259 καὶ
999 1215 1199 1272 ὑβριστὰς
1220 1217 1349 1272 αὐτῆς
1371 1224 1560 1273 τιμωρεῖν
1574 1215 1676 1272 μήτε
1688 1226 1732 1262 15

210 1283 310 1333 τοὺς
337 1283 615 1339 ἀκαθαρσίαις
643 1287 840 1339 μοιχείαις
869 1302 912 1327 τε
944 1287 1012 1327 καὶ
1033 1288 1237 1340 πορνείαις
1253 1283 1486 1339 ἑαλωκότας
1505 1286 1677 1341 ἀναχαι-
1718 1322 1723 1325 .

209 1353 342 1403 τίζειν.
414 1351 672 1408 ἦγνοήσαμεν
701 1355 744 1396 δὲ
774 1353 835 1396 ὅτι
858 1355 924 1396 καὶ
945 1355 982 1397 οἱ
1003 1353 1367 1411 πατριαρχεύοντες
1393 1354 1590 1405 τοιαύτας
1609 1355 1678 1398 εῦ-

159 1426 189 1460 Β
213 1419 349 1471 θύνας
363 1418 558 1475 ὖπέχουσι
577 1422 689 1478 παρὰ
708 1426 790 1465 τῶν
809 1424 872 1465 ἐπὶ
891 1421 1128 1480 σφάλμασιν
1148 1423 1286 1467 αὐτῶν
1305 1423 1593 1468 εὐθυνθέντων
1610 1425 1679 1467 καὶ

210 1494 293 1532 τῶν
311 1488 472 1540 τούτοις
493 1489 642 1544 ὁμοίων
663 1493 718 1541 εἷς
739 1491 765 1534 ἃ
787 1490 1007 1550 διῳκήκασι
1022 1525 1034 1544 ,
1074 1495 1139 1535 καὶ
1173 1498 1306 1535 ταῦτα
1334 1493 1440 1548 μηδὲ
1460 1500 1546 1543 τοῖς
1565 1493 1678 1549 ἔνερ-

209 1562 327 1614 γοῦσι
352 1556 530 1615 σήμερον
560 1559 613 1602 τὰ
637 1558 815 1615 δημόσια
838 1559 1034 1610 τοιαύτας
1057 1563 1098 1604 ἓν
1119 1560 1180 1611 οἷς
1203 1560 1428 1617 ἐνήργησαν
1444 1559 1733 1615 ῦπεχόντωνΞο

212 1624 407 1679 εὐθύνας,
441 1627 519 1670 ὅσα
539 1627 565 1682 ἢ
586 1626 825 1687 κακοτρόπῳ
845 1627 985 1686 γνώμῃ
1003 1628 1028 1685 ἢ
1051 1632 1116 1672 καὶ
1136 1630 1278 1689 ἀγνοίᾳ
1298 1630 1404 1672 κατὰ
1423 1634 1497 1672 τοῦ
1518 1630 1677 1673 δικαίου

213 1693 566 1756 πεπαρῳνήκασιν.
602 1696 699 1739 ἀλλ’
722 1696 754 1741 ὤ
773 1702 855 1742 τῶν
874 1699 982 1752 ἐμῶν
999 1702 1157 1752 κακῶν,
1192 1696 1246 1748 ὥς
1265 1699 1371 1754 μηδὲ
1392 1697 1468 1741 κᾶν
1489 1697 1559 1741 ἴσα
1577 1696 1678 1742 τοῦ-

212 1826 345 1863 scilicet
365 1826 547 1862 utilitatem
571 1828 764 1873 excogitata
785 1830 933 1870 fuerant,
957 1840 1000 1863 ex
1021 1828 1152 1862 insidiis
1176 1827 1396 1872 gaudentium
1415 1827 1552 1862 talibus.
1576 1839 1697 1863 uuum·

211 1875 349 1919 quidem
377 1874 496 1909 venire
520 1876 668 1909 Veccum
701 1875 744 1909 ad
777 1875 994 1919 colloquium,
1027 1878 1196 1920 tamquam
1220 1886 1298 1908 mox
1319 1875 1371 1909 sic
1396 1874 1617 1909 damnandum
1640 1879 1678 1909 et

213 1920 497 1963 convincendum3
534 1922 622 1966 quod
653 1921 731 1955 fieri
761 1933 827 1955 non
863 1925 1000 1966 poterat
1021 1922 1157 1955 furente
1181 1921 1328 1966 populo,
1360 1925 1396 1954 et
1418 1921 1516 1955 dulce
1537 1920 1677 1955 mixtum

215 1978 330 2001 amaro
361 1967 595 2002 exhibentibus
624 1967 690 2002 illis
723 1972 759 2002 et
793 1967 1017 2011 loquentibus.
1063 1969 1205 2001 alterum
1237 1967 1371 2012 quando
1395 1966 1590 2011 Hyacinthe
1624 1970 1679 2000 est

214 2013 411 2058 permissum
435 2025 497 2058 per
519 2014 702 2048 Romanam
734 2013 936 2058 ubicumque
962 2014 1122 2047 ditionem
1147 2025 1334 2047 convocare
1357 2020 1478 2048 contra
1500 2012 1679 2047 ecclesiam

216 2071 302 2104 quos
325 2059 452 2093 invenit
475 2071 540 2094 nou
564 2066 682 2094 rectae
705 2059 942 2103 conscientiae,
968 2071 1034 2094 non
1053 2059 1185 2103 legibus
1204 2059 1258 2093 dei
1280 2060 1474 2101 innutritos,
1496 2059 1557 2093 sed
1574 2069 1680 2103 agyr-

216 2110 273 2139 tas
307 2105 512 2139 triobolares
543 2106 743 2151 quospiam,
777 2105 918 2140 idoneos
950 2106 1115 2140 ecclesiae
1140 2106 1271 2140 Christi
1290 2106 1517 2140 destruendae
1539 2105 1679 2139 abolen-

215 2151 337 2196 disque
370 2152 498 2186 cunctis
531 2152 604 2186 eius
635 2152 870 2187 traditionibus
898 2163 960 2198 per
981 2152 1202 2186 inconsultam
1226 2152 1400 2195 audaciam
1423 2151 1620 2186 calumniam
1643 2153 1680 2184 et

216 2197 474 2239 contumeliam,
509 2198 552 2232 ad
576 2210 665 2243 quae
686 2199 805 2243 ingens
828 2198 876 2233 illi
900 2199 1072 2232 habebant
1094 2199 1210 2233 robur.
1257 2210 1358 2243 porro
1381 2209 1470 2235 nuuc
1493 2196 1588 2231 malis
1609 2195 1679 2231 illis

217 2244 348 2277 duobus
371 2243 527 2286 tertium,
551 2250 711 2289 quantum
737 2245 819 2278 licet
842 2245 1023 2286 coniicere,
1047 2245 1083 2278 in
1107 2244 1271 2278 cumulum
1293 2246 1506 2283 succrescet3
1529 2240 1620 2287 quod
1641 2246 1680 2276 et

216 2294 358 2335 propter
387 2289 630 2324 multitudinem
660 2295 851 2325 nostrorum
875 2295 1091 2336 peccatorum
1125 2296 1240 2325 nostra
1263 2289 1404 2333 contigit
1425 2288 1480 2322 die
1500 2292 1538 2322 et
1558 2287 1595 2321 in
1617 2297 1680 2321 nos

216 2335 395 2371 militavit‹
438 2336 601 2370 ecclesiae
624 2338 750 2382 quippe
774 2336 925 2377 Christi,
960 2337 1083 2382 quibus
1107 2337 1182 2382 ipse
1204 2338 1299 2370 novit
1320 2334 1482 2378 iudiciis,
1512 2344 1595 2367 cura
1616 2343 1679 2367 nos

217 2387 365 2427 accepta
394 2381 652 2426 haudquaquam
681 2394 801 2416 secure
825 2383 995 2427 potuimus
1017 2383 1175 2416 discissos
1199 2383 1243 2416 ab
1266 2381 1410 2415 ecclesia
1434 2378 1564 2413 Christi
1587 2381 1625 2412 et
1647 2379 1680 2413 ei

215 2428 473 2462 contumeliosos
514 2428 652 2472 punire,
696 2439 806 2472 neque
837 2428 1115 2462 immunditiarum
1149 2427 1391 2462 adulteriorum
1420 2424 1679 2460 fornicationum

215 2475 386 2508 convictos
407 2473 601 2518 reprimere.
647 2473 873 2517 ignoravimus
897 2480 1009 2508 autem
1033 2473 1245 2519 patriarchas
1267 2476 1439 2518 potestate
1460 2475 1595 2505 utentes
1616 2481 1679 2505 sua

214 2521 322 2555 fuisse
355 2519 521 2554 obnoxios
551 2519 743 2553 reddendae
774 2519 892 2552 talium
915 2526 1068 2553 actorum
1090 2519 1214 2553 rationi
1235 2519 1277 2552 iis
1300 2518 1381 2563 ipsis
1405 2528 1490 2562 quos
1511 2517 1548 2550 in
1571 2516 1679 2562 lapsi-

219 2567 286 2601 bus
316 2566 545 2612 deprehensos
578 2564 810 2606 correxerint,
845 2570 880 2598 et
903 2565 1090 2606 similibus,
1122 2565 1175 2599 ius
1197 2565 1332 2608 impune
1354 2562 1596 2608 usurpantibus
1617 2573 1679 2599 voe

219 2613 350 2647 candae
374 2613 418 2647 ad
451 2623 547 2646 suum
577 2622 716 2645 examen
752 2621 864 2644 eorum
888 2610 1207 2653 administrationis,
1238 2622 1312 2644 cum
1334 2613 1449 2644 tamen
1472 2619 1557 2654 quos
1578 2607 1680 2643 hodie
1710 2627 1719 2635 ι

219 2659 374 2694 videmus
396 2658 514 2693 civiles
537 2669 698 2692 exercere
720 2655 954 2700 magistratus,
987 2656 1119 2690 minime
1149 2656 1346 2690 subiaceant
1371 2654 1500 2689 iudiciis
1522 2654 1679 2688 subdito-

221 2717 296 2740 rum
316 2705 350 2739 in
373 2705 414 2740 iis
436 2715 525 2750 quae
547 2703 583 2738 vi
602 2706 766 2748 acceptae
789 2701 970 2747 potestatis
1002 2702 1154 2746 egerint,
1185 2702 1287 2736 etiam
1318 2701 1453 2747 quando
1475 2699 1530 2734 vel
1550 2699 1680 2734 malitia

221 2751 276 2786 vel
305 2751 496 2798 ignorantia
529 2755 647 2785 contra
676 2749 729 2783 ius
762 2754 799 2782 et
829 2759 972 2793 aequum
1005 2753 1135 2782 temere
1162 2748 1332 2794 quidpiam
1354 2749 1573 2781 attentarunt.
1617 2745 1680 2780 sed

221 2797 311 2841 heu,
344 2798 396 2834 vis
425 2798 547 2844 ingens
576 2796 736 2832 malorum
758 2795 928 2830 meorum!
962 2805 1006 2829 ne
1027 2799 1176 2830 nostram
1199 2794 1334 2842 quidem
1353 2795 1455 2838 longe
1475 2790 1681 2828 sublimioris
