1858 3126
170 283 252 347 “0¹:2¹5

157 457 264 498 1304

291 323 378 377 ‘idio
379 316 456 378 Ρζιι-

495 178 598 222 LIB.
630 176 705 223 ΠΙ.
774 175 1260 221 GHRONOLOGIGUS.
1506 176 1604 224 857

297 282 449 313 nom-o-
481 282 576 319 1npp.
581 283 645 312 Ro-

523 325 604 346 man.

297 382 381 411 neae
383 383 454 411 diet.
483 383 645 413 Andronici

357 416 399 446 tx

534 459 590 498 22

485 507 633 536 Μῑοιιιει.

534 547 583 588 11

691 285 949 326 anathematis
964 286 1068 326 illius
1083 286 1230 339 scripto
1246 297 1486 338 expressam5
1504 287 1614 338 quod

690 343 880 394 scriptum
904 342 1045 395 accipit
1075 343 1171 382 scria
1198 348 1327 393 sexta,
1354 342 1551 382 incidente
1570 345 1614 382 iu

692 400 795 438 diem
818 399 1044 450 vigesimam
1068 399 1236 452 primam
1264 398 1407 438 mensis
1434 399 1612 452 Augusti.

690 456 717 497 1.
742 457 769 498 5
793 469 827 494 c.
845 459 873 498 6
892 462 933 494 et
950 458 992 498 7.

745 511 995 550 Andronicus
1021 511 1146 551 verbo
1165 511 1387 549 admonitos
1414 510 1614 562 episcopos

691 567 740 606 de
769 568 956 606 relaxatis
982 581 1006 606 a
1028 569 1174 607 Ioanne
1199 567 1614 606 excommunicationis

689 624 890 663 vinculis'
878 638 921 663 m
947 637 1014 663 eos
1034 624 1237 663 intentatis
1265 624 1333 675 qui
1355 623 1614 663 Athanasium

688 681 897 719 restituere
913 682 956 719 in
974 680 1287 733 patriarchatum
1304 681 1463 730 vellent,
1494 680 1543 718 de
1560 680 1612 718 il-

687 736 764 775 lius
778 737 1026 788 promotione
1046 737 1259 777 deliberare
1273 737 1382 776 iubet
1401 750 1612 788 congrega-

688 798 749 831 tos
764 793 806 832 in
823 794 971 845 templo
987 795 1053 835 SS.
1069 794 1362 846 Apostolorum.
1417 793 1460 831 id
1477 793 1533 831 illi
1550 793 1612 831 fe-

688 856 828 888 cerunt
846 850 999 888 infinite
1016 850 1244 888 altercando
1261 856 1348 888 toto
1365 849 1528 887 sabbato
1547 862 1610 887 se-

687 912 832 956 quente
854 913 895 944 et
914 906 1230 945 antemeridianis
1250 905 1357 945 horis
1380 905 1608 955 dominicae,

686 975 785 1012 quae
803 963 879 1002 suit
899 962 980 1000 dies
1002 966 1057 1005 23
1073 963 1214 1001 mensis
1240 962 1412 1001 eiusdem
1430 963 1609 1013 Augusti,

687 1019 799 1056 cuius
818 1019 904 1069 ipso
924 1018 1087 1057 meridie
1110 1019 1381 1067 Andronicus,
1410 1017 1608 1056 intellecto

685 1087 756 1125 per
774 1087 884 1123 suos,
914 1088 1011 1126 quos
1034 1075 1075 1114 id
1094 1075 1299 1127 explorare
1319 1075 1499 1124 iusserat,
1527 1088 1603 1112 an-

685 1131 829 1169 tistites
853 1131 895 1169 in
916 1131 1104 1171 factiones
1125 1132 1261 1169 scissos
1279 1144 1494 1181 numquam
1510 1145 1607 1168 con-

684 1193 875 1225 venturos
895 1190 1135 1226 unammiter
1161 1187 1289 1227 videri
1318 1187 1360 1225 in
1381 1187 1606 1225 restitutio-

685 1255 774 1281 nem
785 1243 996 1293 Athanasii,
1013 1245 1211 1296 prosectus
1230 1244 1282 1282 ad
1299 1242 1495 1294 synodum
1511 1243 1606 1281 inde

685 1312 816 1337 secum
842 1300 982 1352 arripit
1004 1301 1204 1352 episcopos
1223 1301 1291 1351 qui
1310 1299 1524 1337 Athanasio
1543 1300 1605 1337 sa-

684 1356 853 1404 vehant,
882 1362 922 1394 et
947 1370 1037 1394 cum
1060 1357 1135 1395 illis
1157 1357 1206 1394 ad
1225 1355 1479 1394 Athanasium
1509 1369 1607 1407 pro-

684 1411 825 1450 cedens
859 1411 968 1450 hunc
1003 1412 1282 1464 pontificaliter
1309 1417 1492 1450 ornatum
1522 1412 1608 1463 ipse

683 1468 801 1520 pedes
821 1468 894 1506 sub
919 1469 1216 1519 flagrantissimo
1234 1469 1313 1507 sole
1336 1468 1387 1506 ad
1408 1468 1607 1506 ecclesiam

683 1524 867 1575 perducit
892 1526 991 1563 etin
1010 1524 1300 1577 patriarchatus
1328 1525 1607 1578 possessionem

683 1580 848 1619 inducit.
904 1581 932 1621 l.
954 1582 980 1622 5
999 1594 1031 1622 c.
1046 1585 1085 1623 7.

738 1636 906 1675 Michael
932 1637 1131 1688 Augustus
1166 1636 1298 1675 iunior
1330 1636 1438 1688 apud
1475 1635 1605 1687 Pegas,

683 1705 827 1743 quose
855 1700 1077 1745 receperat,
1106 1706 1156 1731 ex
1185 1693 1270 1731 diro
1289 1692 1427 1730 morbo
1445 1692 1604 1742 pericli-

682 1755 790 1788 tatus
811 1762 884 1800 ope
902 1750 1083 1801 deiparae
1102 1748 1350 1787 convalescit.
1398 1747 1422 1787 l.
1445 1748 1470 1788 5
1492 1761 1528 1789 c.
1541 1751 1605 1788 10.

738 1806 974 1844 Rontzerius
1007 1819 1097 1844 cum
1126 1805 1205 1842 suis
1235 1803 1393 1854 ingressi
1419 1803 1604 1853 Cyzicum

684 1859 810 1898 diram
829 1861 883 1898 ibi
905 1861 1155 1911 tyrannidem
1176 1865 1368 1898 exercent.
1413 1858 1438 1896 l.
1450 1859 1475 1900 5
1490 1872 1524 1900 c.
1538 1858 1604 1899 14.

738 1915 900 1953 Ioannes
922 1917 1083 1953 Batatza
1099 1916 1192 1953 olim
1210 1915 1422 1965 imperator
1439 1921 1604 1966 apparet

684 1970 904 2008 custodiens
922 1970 1176 2021 Magnesiam,
1206 1976 1245 2007 et
1269 1970 1337 2020 qui
1363 1982 1451 2007 eum
1479 1969 1602 2018 videt,

683 2031 799 2062 antea
826 2031 960 2064 mutus
985 2025 1171 2077 loquendi
1199 2026 1424 2064 facultatem
1451 2025 1603 2078 recipit.

683 2081 709 2119 l.
727 2081 753 2122 5
776 2094 809 2119 c.
833 2085 897 2122 16.

740 2137 930 2174 Cazanem
943 2135 1213 2175 Tocharorum
1232 2137 1490 2176 Orientalium
1516 2139 1601 2175 Ka-

683 2192 755 2230 nin
771 2191 1019 2230 Andronicus
1049 2192 1263 2243 imperator
1296 2193 1367 2230 sibi
1394 2193 1600 2232 conciliare
1645 2209 1647 2214 ·

685 2248 820 2286 studet
838 2248 976 2286 oblatis
1000 2247 1099 2285 filiae
1122 2248 1290 2299 nuptiis3
1318 2262 1394 2299 qua
1413 2249 1477 2287 ille
1501 2263 1600 2287 con-

686 2303 832 2342 ditione
855 2310 964 2354 grate
988 2310 1163 2354 accepta,
1192 2305 1321 2342 edicto
1344 2305 1453 2343 iubet
1482 2305 1601 2343 duces

684 2360 870 2399 barbaros
895 2361 1114 2398 Romanum
1141 2360 1347 2411 imperium
1373 2361 1601 2400 infestantes

685 2416 734 2453 ab
752 2415 903 2454 iniuriis
921 2428 1079 2464 cessare,
1100 2417 1349 2467 comminans,
1367 2417 1408 2455 ni
1425 2423 1601 2468 pareant,

684 2485 725 2510 se
743 2472 830 2509 illos
848 2471 964 2509 armis
982 2484 1262 2522 repressurum.
1317 2473 1343 2511 l.
1362 2474 1387 2515 5
1407 2487 1439 2510 c.
1461 2477 1524 2514 16.

739 2528 907 2566 Caeteris
924 2527 1089 2579 satrapis
1108 2540 1248 2578 parum
1268 2528 1360 2566 istas
1386 2528 1509 2566 minas
1527 2541 1599 2566 cu-

681 2585 884 2633 rantibus,
923 2596 1026 2622 unus
1055 2582 1159 2621 Ala'is
1185 2584 1230 2622 iis
1265 2591 1396 2622 motus
1423 2583 1599 2622 indutias

683 2640 870 2690 quasdam
895 2639 1106 2691 paciscitur
1125 2652 1214 2677 cum
1243 2639 1502 2690 praesidiariis
1524 2653 1598 2678 ur·-

682 2696 741 2734 bis
758 2696 939 2735 Sardium
946 2711 958 2746 3
986 2709 1008 2733 a
1026 2694 1168 2746 quibus
1187 2695 1400 2733 adiuvante
1421 2696 1598 2733 Romano

684 2752 782 2790 duce
810 2751 1031 2804 primicerio
1059 2750 1169 2789 aulae
1185 2751 1332 2789 Ala'idis
1360 2751 1491 2802 copiae
1517 2751 1599 2789 cir-

681 2814 926 2858 cumventae,
934 2807 1197 2847 internecione
1210 2813 1305 2846 sunt
1316 2806 1475 2846 deletae.
1502 2807 1597 2846 ibid.
