1820 3112
200 163 295 211 176
617 159 854 205 GEORGII
886 158 1238 202 PACHYMERIS

198 278 303 330 δι’ξιοι
333 274 582 330 λειτουργίας
605 272 822 330 τοιαύτης,
859 273 928 317 διὰ
955 277 1079 316 τοῦτο
1110 267 1428 327 παραιτούμεθα
1458 271 1526 314 καὶ
1549 267 1665 326 ἧμεΐς

145 356 174 391 Β
199 346 350 395 αὐτοὺς
371 344 474 398 μετὰ
502 348 576 399 τῆς
603 341 929 400 ἀρχιερωσύνης,
967 343 1033 385 καὶ
1057 341 1098 384 εἷ’
1111 358 1149 384 τι
1168 337 1425 396 ἧγνοῆσαμεν
1445 338 1468 394 ἢ
1492 341 1559 382 καὶ
1583 341 1667 382 διε-

197 412 449 472 πραξάμεθα
475 412 551 463 ἔξω
570 416 644 454 τοῦ
669 412 909 470 πρέποντος,
948 413 1140 464 αἰτοῦμεν
1165 407 1434 466 συγχώρησιν,
1473 410 1540 451 καὶ
1558 405 1667 462 ὑμᾶς

199 483 220 528 ὁ
251 480 390 538 κύριος
416 478 672 537 συγχωρήσοι
687 514 700 534 ,
738 481 871 523 καὶτὸ
899 480 1109 536 συμφέρον
1128 478 1311 534 παρέξει,
1343 479 1410 520 καὶ
1431 474 1668 533 κυβερνήσει

199 552 485 609 ἀμφοτέρους,
525 551 592 592 καὶ
626 550 797 602 ποιμένα
820 549 968 604 ὄψεται
989 549 1060 591 τὸν
1082 544 1302 603 ἄρμόὸιον,
1337 546 1568 603 πρεσβείαις
1595 549 1700 600 τῆς5

199 618 509 675 θεομήτορος.”
578 616 654 673 εἶχε
669 619 739 661 ’δι’
762 617 1008 674 ὑπογραφῆς
1032 617 1079 660 τὸ
1119 613 1402 665 ’(Ἀθανάσιος
1425 612 1670 670 ὄχρηματί-

201 706 280 739 σας
310 688 624 744 ἀρχιεπίσκοπος
655 684 1127 736 Κωνσταντινουπόλεως
1155 685 1248 735 νέας
1263 681 1445 740 Ῥώμης,
1481 685 1669 739 οἷκουμε-

200 759 310 809 νικός
334 754 638 813 πατριάρχης.”

264 831 266 833 ’
342 830 489 868 Ταῦτα
517 825 569 867 τὰ
602 829 683 867 τῶν
709 821 985 880 γραμμάτων,
1021 826 1155 866 ταῦτα
1193 821 1244 865 τὰ
1280 825 1355 878 τῆς
1383 817 1671 878 παραιτήσεως

198 896 467 940 Ἀθανασιόυ.
540 891 600 943 οἷς
629 892 828 948 ἐννοήσειὲ
855 910 916 942 τις
945 892 990 936 τὸ
1022 889 1318 948 ἐμφαινόμενον
1340 894 1415 933 τοῦ
1439 888 1670 946 γράφοντος
1683 897 1726 931 10

155 972 186 1006 C
209 966 539 1020 ἐμπερίσκεπτον.
610 963 677 1005 καὶ
714 962 814 1011 τέως
846 964 887 1004 τί
918 959 1110 1016 βούλεται
1141 960 1189 1004 τὸ
1226 965 1255 985 “
1268 958 1400 1009 οὕτως
1430 956 1630 1016 ἐφρόνουν
1644 958 1671 978 ”

208 1035 276 1078 καὶ
308 1028 434 1082 αὖθις
470 1037 693 1087 ’(κρεῖττον
714 1030 790 1073 οὐκ
810 1028 1031 1086 ἐφρόνουν,
1069 1027 1230 1086 μάρτυς
1260 1026 1424 1083 θεός;”
1458 1032 1581 1071 τοῦτο
1603 1028 1691 1070 καῖ

205 1100 532 1155 καταποντιστὴς
559 1098 671 1154 οἶμαι
703 1099 800 1155 νηὸς
827 1099 942 1156 εἴπῃ,
981 1098 1026 1148 ὃς
1054 1095 1320 1152 αὖτοβούλως
1341 1098 1408 1140 καὶ
1432 1093 1672 1150 αὐτονόμως

207 1168 381 1229 κινδύνῳ
402 1167 633 1226 περιβάλλει
653 1167 727 1222 τὴν
745 1172 862 1220 ναῖν,
890 1166 944 1217 ὥς
965 1173 1144 1224 κρεῖττον
1162 1167 1236 1210 οὐκ
1255 1162 1467 1223 ἐφρόνουν.
1505 1164 1592 1207 ἀλλ’
1615 1162 1672 1207 εἶ-

207 1258 280 1283 πεν
317 1238 367 1281 ἅν
397 1255 458 1287 τις
491 1236 594 1294 πρὸς
627 1236 752 1279 αὐτὸν
787 1235 922 1278 “οἰλλ>
948 1231 1054 1291 ἦσαν
1083 1236 1189 1290 μεθ’
1215 1229 1271 1278 ὧν
1299 1233 1349 1278 ἂν
1377 1235 1444 1277 καὶ
1473 1238 1671 1288 συνεβου-
1684 1240 1727 1277 15

206 1306 365 1359 λεύσω,
398 1305 460 1349 ὅτι
491 1306 586 1349 οὐδὲ
613 1304 740 1360 μόνος
768 1304 874 1347 ἀλλὰ
901 1305 1005 1359 μετὰ
1036 1308 1198 1348 πολλῶν
1220 1307 1418 1358 κυβερνᾶν
1439 1299 1673 1358 ἔτάχθης.”

207 1376 312 1419 ἀλλὰ
331 1375 378 1418 τὸ
400 1375 532 1431 παρὸν
567 1375 776 1430 “Raptam
797 1373 912 1429 γᾶρ”
949 1375 1050 1430 φησὶ
1086 1378 1184 1432 ατῷ
1204 1377 1291 1431 λαῷ
1312 1369 1570 1426 ἀδόκιμος,”
1605 1371 1674 1413 καὶ

209 1445 257 1488 οὗ
281 1451 367 1494 τοῖς
392 1443 617 1500 ἀρχιερεῦσι
642 1446 709 1485 καὶ
730 1450 816 1492 τοῖς
835 1446 907 1498 τῆς
928 1442 1140 1498 ἐκκλησίας
1160 1449 1381 1497 μοναχοῖς·
1416 1443 1520 1483 λαοῦ
1549 1438 1590 1482 δ’
1623 1439 1674 1482 ἀ-

159 1522 191 1557 D
216 1514 492 1567 ποδοκιμασιά
533 1513 575 1555 τί
607 1511 657 1554 ἂν
688 1511 855 1567 ἰσχυρὸν
896 1511 980 1565 ἔχοι
1019 1513 1074 1561 εἷς
1108 1508 1362 1567 πατριάρχου
1401 1509 1673 1565 παραίτησιν,-

211 1579 572 1637 “παραιτούμεθα
610 1581 654 1622 δὲ
683 1582 748 1622 καὶ
779 1579 964 1630 αὐτοὺς”
1001 1581 1103 1636 φησὶ
1140 1578 1282 1633 δ’(μποὶ
1316 1582 1390 1632 τῆς
1422 1575 1730 1633 ἀρχιερωσύ-ΞΟ

210 1651 333 1706 νης.”
404 1649 451 1692 οὐ
485 1647 640 1705 θρόνον
670 1650 736 1690 καὶ
760 1649 881 1702 τιμὴν
909 1654 1189 1702 παραιτεῖται,
1225 1647 1332 1689 ἀλλὰ
1365 1645 1465 1688 λαὸν
1495 1645 1675 1689 ἄτακτον

212 1721 280 1763 καὶ
310 1718 477 1773 ἀπειθῆ.
548 1714 720 1773 πότερον
747 1717 791 1759 δὲ
821 1717 893 1759 τὸν
921 1716 1021 1758 λαὸν
1045 1713 1208 1770 συνάμα
1227 1720 1278 1772 τῇ
1296 1712 1573 1771 ἄρχιερωσύνῃ
1593 1732 1676 1757 πα-

215 1794 435 1846 ραιτεῖται,
475 1783 529 1836 ὥς
550 1790 844 1843 παραιτεῖσθαι
870 1784 1005 1840 δήκαὶ
1028 1784 1309 1842 ἀμφοτέρους,
1344 1782 1370 1840 ἢ
1395 1781 1496 1826 λαὸν
1521 1799 1676 1840 παραι-

216 1943 368 1978 dicamus
391 1945 427 1976 et
449 1952 510 1976 nos
532 1940 624 1986 ipsos
647 1951 721 1975 cum
745 1939 960 1982 sacerdoti03
996 1942 1031 1974 et
1054 1939 1083 1974 si
1106 1938 1187 1985 quid
1210 1938 1405 1984 ignorantes
1428 1938 1598 1974 omisimus
1619 1940 1680 1973 aut

217 1990 356 2024 fecimus
380 1991 478 2022 extra
512 1998 611 2033 quam
635 1986 767 2028 decuit,
799 1986 945 2031 petimus
968 1986 1119 2027 veniam,
1154 1991 1190 2020 et
1215 1986 1312 2020 vobis
1338 1985 1488 2020 dominus
1510 1986 1677 2030 ignoscat.

219 2048 260 2069 ac
292 2034 383 2079 quod
416 2035 483 2068 erit
515 2032 726 2067 conducibile
756 2033 951 2076 praebebit,
986 2037 1021 2066 et
1053 2031 1258 2076 gubernabit
1278 2033 1414 2074 ambos,
1450 2036 1486 2065 et
1506 2035 1679 2076 pastorem

217 2080 410 2126 providebit
450 2079 732 2113 accommodatum
747 2104 757 2120 ‚
798 2078 958 2123 precibus
1000 2078 1170 2122 deiparae.
1181 2076 1202 2093 '’
1247 2077 1451 2122 subscriptio
1490 2078 1575 2111 haec
1612 2076 1680 2111 suit

216 2125 457 2160 “Athanasius
490 2126 549 2170 qui
584 2125 650 2159 fuit
682 2124 956 2171 archiepiscopus
993 2124 1306 2169 Constantinopolis
1337 2123 1461 2158 Novae
1490 2123 1620 2157 Romae
1641 2125 1678 2156 et

217 2171 451 2207 oecumenicus
474 2170 710 2216 patriarcha.’'

311 2217 408 2251 Haec
441 2216 474 2249 in
507 2216 645 2258 libellis,
679 2216 764 2251 haec
786 2216 820 2250 in
843 2215 1059 2250 abdicatione
1082 2214 1260 2249 Athanasii
1292 2215 1407 2256 fuer-eg
1438 2220 1527 2258 quae
1549 2211 1577 2246 si
1601 2211 1678 2257 quis

218 2262 366 2309 penitius
391 2262 643 2306 introspexerit,
667 2263 833 2307 quandam
858 2274 922 2296 non
945 2263 1032 2296 bene
1052 2261 1292 2295 dissimulatam
1315 2259 1496 2294 scribentis
1518 2257 1677 2292 astutiam

220 2309 477 2343 animadvertet.
524 2319 598 2341 nam
623 2308 705 2353 quid
728 2309 794 2342 sibi
820 2309 892 2342 vult
914 2308 995 2341 illud
1029 2307 1114 2342 “sic
1136 2306 1351 2342 sentiebam’'
1375 2310 1412 2339 et
1434 2314 1551 2338 rursus
1573 2306 1678 2338 “me-

219 2354 283 2389 lius
308 2365 372 2388 non
396 2354 580 2387 sentiebam
613 2354 721 2398 (deus
747 2354 790 2388 sit
813 2353 996 2397 testis]2''
1045 2354 1109 2387 hoc
1132 2357 1184 2394 et,
1217 2359 1323 2398 puto,
1358 2354 1462 2395 queat
1484 2349 1598 2383 dicere
1619 2349 1678 2395 qui

219 2411 338 2435 navem
364 2398 580 2440 demerserit,
618 2400 707 2444 quod
732 2411 805 2433 eam
829 2400 968 2444 propria
992 2399 1168 2432 voluntate
1191 2409 1232 2432 ac
1255 2396 1378 2432 iudicio
1402 2400 1531 2430 temere
1554 2395 1679 2429 discri-

220 2446 299 2480 mini
323 2444 505 2479 obiecerit:
539 2445 685 2478 “melius
708 2456 773 2478 non
800 2445 998 2478 sentiebam.
1008 2444 1028 2460 ”
1075 2455 1189 2477 verum
1213 2442 1418 2487 respondeat
1441 2440 1474 2474 ei
1492 2440 1678 2486 quispiam=

221 2496 260 2526 at
283 2495 381 2525 erant
404 2501 479 2525 cum
503 2490 625 2535 quibus
648 2491 868 2532 consultares,
891 2489 1160 2534 quandoquidem
1182 2500 1247 2522 non
1270 2489 1362 2522 solus
1384 2487 1444 2520 sed
1467 2497 1543 2520 cum
1565 2485 1681 2520 multis

222 2538 414 2582 gubernare
434 2537 545 2570 iussus
569 2547 617 2569 es.
665 2536 726 2569 sed
748 2535 783 2569 in
807 2546 969 2580 praesens
993 2534 1193 2568 “iudicatus
1213 2546 1285 2567 sum
1308 2531 1426 2566 enim”
1448 2532 1497 2566 ait
1522 2531 1679 2577 “populo

220 2581 492 2628 improbabilis.'’
539 2592 606 2614 non
638 2580 722 2615 dicit
754 2580 924 2625 episcopis
956 2583 992 2614 et
1023 2579 1188 2613 ecclesiae
1211 2578 1391 2613 monachis.
1438 2577 1554 2624 populi
1576 2589 1679 2622 porro

225 2640 267 2663 ac
300 2628 459 2663 laicorum
489 2626 692 2672 improbatio
724 2627 802 2671 quid
833 2626 967 2659 validae
989 2625 1032 2659 ad
1055 2625 1269 2669 patriarchae
1292 2623 1534 2669 depositionem
1557 2634 1681 2658 causae

223 2673 381 2709 habeat?
425 2672 550 2719 pergit.
595 2671 825 2706 “abdicamus
856 2676 968 2705 autem
998 2670 1091 2716 ipsos
1100 2670 1120 2686 ’'
1156 2670 1266 2715 inquit
1303 2674 1413 2703 “cum
1448 2668 1678 2703 sacerdotio.”

224 2731 291 2754 non
322 2720 476 2754 thronum
507 2721 566 2752 aut
596 2719 755 2752 honorem
786 2717 942 2758 abdicat,
973 2716 1033 2750 sed
1063 2715 1221 2761 populum
1251 2715 1476 2750 inordinatum
1503 2719 1539 2748 et
1562 2714 1682 2749 inobe-

223 2766 383 2801 dientem,
428 2769 542 2800 utrum
572 2767 683 2798 autem
714 2763 872 2809 populum
903 2762 1034 2808 pariter
1063 2765 1099 2795 et
1129 2761 1355 2796 sacerdotium
1385 2760 1539 2802 abdicat,
1569 2760 1619 2795 sic
1641 2762 1681 2794 ut

223 2822 334 2859 aeque
353 2811 455 2847 ambo
476 2810 544 2847 ista
565 2810 785 2853 abdicentur,
815 2820 859 2844 an
881 2808 1043 2856 populum
1067 2806 1205 2843 abdicat
1224 2808 1296 2843 sive
1317 2807 1482 2854 reprobat
1501 2806 1538 2841 vi
1560 2808 1596 2841 et
1618 2816 1682 2841 au-
