1858 3126
248 175 345 241 338
671 171 909 216 GEORGII
947 170 1304 216 PACHYMERIS

245 290 383 339 ἄλλως
406 289 473 331 καὶ
499 286 661 343 ἀπρεπῆ
695 285 795 329 ὄντα
819 285 868 329 οὗ
894 289 1054 341 μᾶλλον
1084 283 1111 341 ἢ
1139 287 1294 340 ψευδῆ.
1365 283 1727 344 διαφυλάττεσθαι

245 360 324 417 γὰρ
345 359 412 401 καὶ
430 357 505 406 τὰς
525 360 608 399 τῶν
627 359 791 398 πολλῶν
810 353 1007 404 ὑπονοίας
1027 354 1141 406 ἄξιον
1161 354 1363 411 ἐκεκρίκει.
1433 356 1540 411 πλὴν
1559 359 1627 400 καὶ
1648 361 1726 401 τοῦ

247 425 643 485 προσανενεγκαντος
665 421 904 480 κατεγνώκει
917 457 929 476 ,
969 423 1025 474 ὥς
1048 423 1095 467 τό
1116 423 1232 475 τέλος
1252 423 1412 478 ἔδειξεν,
1449 423 1513 468 ὅτι
1531 427 1599 468 καὶ
1620 425 1725 477 ὅλοις

247 499 309 539 ἐπὶ
329 493 504 554 τοιούτῳ
521 495 589 537 καὶ
620 493 736 550 παρὰ
762 491 954 537 τοιούτου
981 490 1204 536 πιστεύσειε
1231 494 1435 549 λέγοντος.
1503 488 1556 550 ’ἦν
1575 499 1724 549 ταῦτα,

247 567 314 610 καὶ
336 565 375 609 οἱ
401 565 475 620 μὲν
509 563 707 621 ἀρχιερεῖς
731 563 798 605 καὶ
830 558 955 612 αὖθις
981 562 1049 606 διὰ
1074 561 1122 605 τὸ
1150 566 1225 605 τοῦ
1249 560 1506 621 πατριάρχου
1525 563 1630 621 πρὸς
1648 563 1758 611 ati-5

107 646 133 678 P
158 644 224 680 233
248 635 346 685 τούς
374 633 642 691 ἀμφίγνωμον
672 633 764 688 περὶ
791 636 875 675 τῶν
904 631 1010 675 κατὰ
1043 630 1115 674 τὸν
1154 630 1328 688 Ἐφέσου
1361 628 1616 689 πραγμάτων
1644 650 1727 676 πα-

247 701 422 762 τριάρχῃ
459 703 616 756 ἐπεῖχον
646 702 712 744 καὶ
751 700 799 743 οὗ
837 704 1040 758 καθαρῶς
1069 698 1288 756 εἶρήνευον.
1361 696 1467 756 ἦσαν
1498 701 1542 744 δ’
1584 702 1728 752 οἵτινες

248 771 409 817 τούτων
437 773 504 814 καὶ
538 768 864 826 ὥμογνωμόνουν
894 774 952 829 τῷ
974 767 1208 827 πατριάρχῃ
1229 771 1296 813 καὶ
1318 773 1423 827 πρὸς
1441 770 1539 821 τοὺς
1557 770 1727 821 λοιποὺς

248 842 499 900 διεφέροντο.
570 844 735 895 βασιλεῖ
751 839 795 881 δὲ
819 837 956 882 πάντα
987 836 1144 895 τρόπον
1164 836 1217 882 τοὶ
1243 843 1318 895 τῆς
1337 836 1498 898 εἰρήνης
1518 838 1727 897 στέργοντι

250 911 325 956 οὐκ
361 906 409 966 ἦν
439 909 626 965 ἠρεμεῖν,
672 908 777 951 ἀλλὰ
804 908 851 952 τὸ
884 909 959 963 μὲν
987 908 1060 951 τὸν
1086 907 1261 965 Ἐφέσου
1299 908 1640 965 ἀποκαταστῆναι
1657 910 1725 952 καὶ
1739 917 1782 954 10

248 979 575 1038 προσαπεδέχετο
598 979 666 1020 καὶ
693 975 881 1035 συνήργει
909 984 996 1028 τοῖς
1013 977 1303 1032 βουλομένοις,
1336 977 1385 1021 τὸ
1405 977 1452 1021 δ’
1475 973 1604 1029 αὖθις
1626 979 1728 1022 ἐκεί-

249 1068 321 1093 νου
337 1047 457 1105 χάριν
478 1044 737 1104 πατριάρχην
763 1045 1109 1104 προσαναγκάζειν
1144 1046 1195 1090 οὕ
1225 1047 1265 1090 οἱ
1283 1051 1367 1090 τῶν
1385 1043 1560 1091 δεόντων
1582 1044 1725 1092 ἐδόκει.

196 1131 225 1165 Β
252 1118 351 1163 ὅθεν
381 1117 457 1160 κᾶν
483 1118 551 1160 καὶ
580 1117 676 1166 τούς
703 1114 804 1174 ὑπὲρ
837 1120 912 1159 τοῦ
929 1115 1101 1173 Ἐφέσου
1125 1114 1317 1172 λέγοντας
1335 1115 1580 1172 ἀπεδέχετο,
1618 1107 1726 1170 ἀλλὰ

245 1186 295 1232 τό
315 1205 357 1244 γε
380 1188 593 1242 σχίζεσθαι
613 1185 681 1228 διὰ
701 1190 836 1228 ταῦτα
857 1189 968 1242 σφᾶς
996 1182 1254 1241 πατριάρχου
1276 1186 1344 1227 καὶ
1367 1186 1458 1228 λίαν
1482 1184 1550 1227 διὰ
1565 1182 1725 1242 βάρους

249 1252 319 1314 ἦγε
356 1258 422 1299 καὶ
465 1255 777 1312 προσωνείδιζε,
826 1255 898 1298 καί
938 1271 1042 1297 τισιν
1077 1253 1398 1311 ἐμβριθέστερον
1434 1253 1723 1312 προσεφέρετο.
1737 1261 1780 1297 15

247 1330 390 1369 σκοπῶ
411 1325 456 1367 δὲ
473 1324 532 1379 μὴ
562 1321 810 1380 Πάτροκλος
839 1319 890 1379 ἦν
919 1321 940 1366 ὃ
959 1323 1133 1380 Ἐφέσου
1165 1324 1232 1366 καὶ
1253 1322 1299 1366 τὸ
1326 1327 1402 1366 τοῦ
1421 1324 1592 1366 Αἰνείου
1611 1324 1726 1378 ἐσχε-

248 1393 406 1447 διάζετο
430 1393 613 1447 εἴδωλον,
638 1397 713 1447 τῆς
731 1397 947 1448 βασιλικῆς
966 1389 1132 1450 γνώμης
1147 1391 1227 1448 ἤδη
1245 1389 1463 1448 κλινούσης
1481 1391 1725 1449 apogaeu-

248 1461 390 1508 νάσιον
417 1467 477 1523 τῷ
517 1463 590 1506 τὸν
623 1460 818 1518 Ἰωάννην
850 1461 1280 1520 ἀποπροσποιεῖσθαι,
1329 1463 1364 1505 εἲ
1398 1463 1468 1506 καὶ
1501 1462 1544 1506 ἔν
1575 1461 1730 1519 ἀφανεῖ

248 1645 489 1686 praeterquam
511 1638 699 1673 indecentis
722 1642 758 1673 et
780 1640 950 1674 mentione
980 1639 1056 1686 ipsa
1077 1639 1230 1682 infandi,
1252 1640 1374 1683 etiam,
1396 1642 1436 1674 ut
1457 1650 1495 1674 se
1518 1629 1648 1674 'dabant
1668 1638 1724 1673 in-

249 1687 348 1728 dicia,
372 1685 554 1720 mendacis.
600 1684 775 1731 praeverti
811 1685 901 1720 enim
931 1690 1092 1732 oportere
1123 1686 1340 1732 suspiciones*
1365 1685 1546 1720 multorum
1578 1696 1723 1731 aequum

250 1732 393 1767 censuit.
439 1731 500 1767 sed
531 1735 584 1774 et,
616 1734 721 1776 prout
751 1743 794 1766 ex
827 1733 1017 1767 consecutis
1041 1733 1084 1767 ad
1107 1736 1292 1767 extremum
1316 1731 1496 1778 apparuit,
1527 1731 1724 1767 succensuit

249 1779 412 1820 delatori,
443 1777 534 1824 quod
567 1789 587 1811 e
616 1782 686 1811 tam
717 1778 785 1812 levi
816 1782 954 1824 tamque
985 1779 1159 1814 sublestae
1189 1779 1271 1813 fidei
1293 1784 1435 1814 auctore
1457 1777 1628 1823 cognitam
1650 1789 1724 1813 rem

249 1829 378 1860 tantam
402 1836 469 1859 non
496 1823 594 1858 modo
617 1835 684 1858 non
708 1825 978 1869 contempsisset,
999 1829 1038 1859 ut
1061 1825 1250 1870 debuerat,
1274 1836 1394 1859 verum
1416 1823 1543 1866 etiam,
1565 1828 1605 1859 ut
1627 1824 1724 1859 defe-

250 1872 354 1906 rendo
377 1873 644 1912 monstraverat,
675 1870 887 1905 credidisset.
934 1870 1012 1905 dum
1035 1871 1120 1906 haec
1142 1871 1192 1906 ita
1212 1882 1251 1906 se
1273 1871 1459 1914 haberent,
1488 1870 1624 1906 interim
1647 1869 1725 1915 epi-

249 1917 368 1962 scopi,
394 1917 484 1963 quod
508 1916 572 1951 sibi
594 1915 769 1951 adversari
790 1917 1019 1963 patriarcham
1042 1917 1171 1952 scirent
1192 1918 1229 1952 in
1249 1917 1385 1962 negotio
1408 1916 1546 1952 Ioannis
1567 1915 1725 1963 Ephesii,

249 1964 341 1998 haud
365 1963 548 1998 cessabant
569 1962 700 1997 instare
724 1961 816 1998 circa
838 1963 903 1998 hoc
925 1964 996 2007 illi,
1023 1976 1086 1998 nec
1110 1964 1213 1998 corde
1242 1963 1374 1999 sincero
1411 1974 1487 1999 cum
1509 1974 1550 1997 eo
1575 1973 1725 1997 commu-

249 2010 421 2043 nicabant.
468 2021 535 2043 non
566 2014 680 2043 tamen
713 2020 755 2043 ex
789 2021 904 2044 eorum
935 2021 1073 2045 numero
1105 2010 1248 2045 deerant
1282 2010 1343 2056 qui
1366 2014 1485 2056 partes
1507 2008 1726 2055 patriarchae

249 2061 474 2101 sequerentur
507 2059 543 2089 et
574 2056 617 2089 ab
653 2054 728 2090 aliis
759 2067 801 2090 ea
831 2067 934 2091 causa
965 2057 1195 2091 dissentirent.
1242 2068 1330 2102 quae
1364 2067 1507 2091 cernens
1528 2055 1727 2100 imperator,

249 2113 313 2146 pro
342 2112 402 2135 suo
437 2101 575 2147 antiquo
609 2101 783 2147 proposito
818 2102 912 2148 pacis
934 2103 1237 2138 ecclesiasticorum
1270 2101 1358 2137 omni
1378 2102 1512 2137 ratione
1534 2111 1726 2147 procuran-

250 2148 327 2188 dae,
350 2146 439 2181 haud
463 2147 529 2181 sibi
554 2148 750 2182 cessandum
775 2148 809 2182 in
831 2149 894 2183 hac
917 2149 1073 2194 pacanda
1095 2149 1269 2184 discordia
1291 2148 1446 2194 putavit;
1472 2148 1508 2183 in
1531 2158 1598 2193 quo
1620 2145 1725 2181 resti-

249 2192 372 2227 tutioni
406 2192 540 2238 quidem
561 2194 721 2238 Ephesii,
755 2206 856 2241 quam
887 2195 982 2230 multi
1013 2196 1202 2242 urgebant,
1242 2207 1309 2230 non
1351 2194 1450 2229 modo
1490 2191 1651 2229 assentiri
1682 2202 1722 2227 se

249 2239 479 2281 monstrabat,
504 2238 567 2273 sed
599 2240 630 2273 ei
660 2241 750 2276 ultro
785 2241 1034 2287 promovendae
1063 2246 1219 2288 paratam
1248 2240 1436 2283 exhibebat
1456 2241 1617 2285 operam.
1664 2241 1722 2275 ta-

250 2296 326 2319 men
355 2284 444 2318 idem
486 2285 558 2319 eius
593 2285 643 2319 rei
677 2287 791 2330 gratia
829 2287 897 2322 vim
937 2288 1058 2322 inferri
1089 2287 1305 2334 patriarchae
1344 2285 1434 2321 haud
1471 2285 1597 2319 decere
1632 2282 1723 2318 iudi-

248 2331 363 2364 cabat.
408 2330 522 2372 unde,
557 2342 761 2376 quamquam
794 2332 941 2368 libenter
970 2334 1104 2369 audiret
1133 2343 1365 2379 quaecumque
1397 2342 1460 2377 pro
1483 2329 1636 2376 Ephesio
1669 2331 1721 2365 al-

244 2376 471 2421 legabantur,
494 2375 727 2411 molestissime
749 2380 881 2414 ferebat
914 2391 1043 2415 omnem
1074 2380 1276 2414 mentionem
1304 2375 1522 2412 discessionis
1548 2387 1570 2410 a
1601 2386 1720 2411 sacro-

247 2434 322 2456 rum
352 2421 525 2467 principe3
558 2426 592 2456 et
627 2435 711 2467 quos
744 2425 877 2459 audiret
907 2438 982 2460 eam
1012 2425 1133 2460 minari
1164 2425 1360 2470 episcopos,
1384 2421 1538 2468 graviter
1559 2421 1722 2468 increpa-

247 2469 322 2511 bat,
346 2468 449 2502 etiam
472 2469 732 2512 exprobratione
755 2482 822 2504 non
853 2472 1039 2506 abstinens.
1083 2482 1151 2506 non
1174 2469 1390 2505 dissimulabo
1421 2467 1478 2503 hic
1500 2472 1615 2502 tamen
1637 2479 1719 2514 spe-

248 2514 451 2548 culationem
484 2513 651 2559 quandam
684 2526 805 2550 meam.
851 2516 928 2561 quis
961 2517 1028 2551 scit
1057 2528 1102 2551 an
1125 2514 1318 2561 capessenti
1338 2515 1390 2550 sic
1412 2513 1612 2560 imperatori
1636 2525 1719 2549 cau-

249 2571 322 2596 sam
353 2558 514 2605 Ephesii‚
545 2559 601 2594 cui
631 2560 736 2594 sciret
766 2561 941 2596 adversari
973 2562 1223 2607 patriarcham,
1253 2572 1319 2595 non
1353 2560 1446 2595 aliud
1479 2559 1648 2596 occultius
1682 2559 1719 2594 in

250 2610 366 2640 mente
388 2605 520 2640 suerit?
552 2605 650 2652 quis,
672 2606 830 2652 inquam,
864 2612 1017 2652 praestet
1035 2620 1103 2643 non
1124 2608 1189 2642 hoc
1210 2607 1258 2641 illi
1279 2610 1495 2653 praetextum
1517 2606 1625 2641 fuisse
1646 2617 1719 2640 me-

247 2664 347 2694 rum,
379 2658 415 2686 et
447 2651 540 2685 velut
569 2652 651 2686 illud
685 2664 704 2686 e
734 2652 860 2687 fabulis
891 2653 935 2687 ad
958 2665 1078 2688 vanam
1100 2652 1248 2699 speciem
1271 2653 1439 2688 obiectum
1459 2653 1560 2688 inane
1581 2653 1720 2688 Aeneae

250 2698 477 2740 simulacrum,
500 2697 544 2732 ad
570 2709 666 2732 usum
686 2698 884 2744 indulgendi
913 2704 1099 2745 conceptae
1122 2700 1190 2734 iam
1210 2702 1281 2734 tum
1304 2710 1451 2734 arcanae
1473 2698 1639 2734 voluntati
1660 2709 1719 2733 re·-

250 2744 398 2787 ponendi
422 2744 642 2779 Athanasium
663 2744 698 2779 in
728 2745 903 2790 thronum,
935 2757 1035 2791 quam
1065 2746 1110 2780 ad
1143 2757 1214 2780 rem
1244 2745 1311 2780 sibi
1341 2745 1481 2780 videbat
1501 2746 1577 2779 fore
1597 2743 1719 2778 utilem

249 2791 433 2825 factionem
473 2792 652 2825 multorum
686 2790 872 2826 antistitum
914 2803 935 2826 a
963 2791 1091 2827 Ioanne
1125 2803 1214 2826 nunc
1243 2791 1405 2836 pontifice
1442 2801 1640 2827 aversorum
1672 2790 1717 2824 ob

249 2836 395 2882 Ephesii
427 2841 584 2882 negatam
617 2837 662 2876 ab
686 2849 728 2873 eo
749 2837 1008 2874 restitutionem.
1053 2838 1115 2874 sed
1137 2838 1223 2874 haec
1245 2837 1458 2881 omittamus,
1488 2848 1578 2884 quae
1597 2835 1628 2872 si
1649 2834 1716 2871 iam
