<?xml version="1.0" encoding="UTF-8"?>
<!DOCTYPE html PUBLIC "-//W3C//DTD XHTML 1.0 Transitional//EN"
    "http://www.w3.org/TR/xhtml1/DTD/xhtml1-transitional.dtd">
<html xmlns="http://www.w3.org/1999/xhtml" xml:lang="en" lang="en">
 <head>
  <title>
</title>
<meta http-equiv="Content-Type" content="text/html;charset=utf-8" />
  <meta name='ocr-system' content='tesseract 3.04.00' />
  <meta name='ocr-capabilities' content='ocr_page ocr_carea ocr_par ocr_line ocrx_word'/>
</head>
<body>
  <div class='ocr_page' id='page_1' title='image "./corpusscriptorum18niebuoft_0151.png"; bbox 0 0 1820 3112; ppageno 0'>
   <div class='ocr_carea' id='block_1_1' title="bbox 381 136 1604 184">
    <p class='ocr_par' dir='ltr' id='par_1_1' title="bbox 381 136 1604 184">
     <span class='ocr_line' id='line_1_1' title="bbox 381 136 1604 184; baseline 0.005 -6"><span class='ocrx_word' id='word_1_1' title='bbox 381 137 456 178; x_wconf 92' lang='lat' dir='ltr'>DE</span> <span class='ocrx_word' id='word_1_2' title='bbox 490 136 821 181; x_wconf 84' lang='lat' dir='ltr'><strong>ANDRONICO</strong></span> <span class='ocrx_word' id='word_1_3' title='bbox 849 137 1226 182; x_wconf 85' lang='lat' dir='ltr'><strong>PALAEOLOGO</strong></span> <span class='ocrx_word' id='word_1_4' title='bbox 1262 139 1310 182; x_wconf 89' lang='lat' dir='ltr'>L.</span> <span class='ocrx_word' id='word_1_5' title='bbox 1344 138 1400 183; x_wconf 92' lang='grc' dir='ltr'>Π.</span> <span class='ocrx_word' id='word_1_6' title='bbox 1509 139 1604 184; x_wconf 83' lang='grc'>135</span> 
     </span>
    </p>
   </div>
   <div class='ocr_carea' id='block_1_2' title="bbox 87 248 1710 1477">
    <p class='ocr_par' dir='ltr' id='par_1_2' title="bbox 87 248 1710 1477">
     <span class='ocr_line' id='line_1_2' title="bbox 141 248 1606 308; baseline 0.001 -14"><span class='ocrx_word' id='word_1_7' title='bbox 141 254 316 301; x_wconf 80' lang='grc' dir='ltr'><em>λοῦντας</em></span> <span class='ocrx_word' id='word_1_8' title='bbox 334 248 526 294; x_wconf 69' lang='grc' dir='ltr'><em>κάκείνων</em></span> <span class='ocrx_word' id='word_1_9' title='bbox 546 253 757 306; x_wconf 71' lang='grc' dir='ltr'>σχίζεσθαι</span> <span class='ocrx_word' id='word_1_10' title='bbox 775 250 893 304; x_wconf 81' lang='grc' dir='ltr'><em>μέχρι</em></span> <span class='ocrx_word' id='word_1_11' title='bbox 922 252 990 293; x_wconf 76' lang='grc' dir='ltr'>καὶ</span> <span class='ocrx_word' id='word_1_12' title='bbox 1010 250 1140 306; x_wconf 73' lang='grc' dir='ltr'><em>αὐτῆς</em></span> <span class='ocrx_word' id='word_1_13' title='bbox 1158 255 1408 305; x_wconf 76' lang='grc' dir='ltr'><em>προσλαλιᾶς</em></span> <span class='ocrx_word' id='word_1_14' title='bbox 1429 249 1606 308; x_wconf 66' lang='grc' dir='ltr'><em>ἔγνωκά-</em></span> 
     </span>
     <span class='ocr_line' id='line_1_3' title="bbox 140 318 1600 378; baseline 0.001 -16"><span class='ocrx_word' id='word_1_15' title='bbox 140 336 230 369; x_wconf 83' lang='grc' dir='ltr'><em>τας.</em></span> <span class='ocrx_word' id='word_1_16' title='bbox 297 322 364 363; x_wconf 76' lang='grc' dir='ltr'>καὶ</span> <span class='ocrx_word' id='word_1_17' title='bbox 394 320 472 375; x_wconf 79' lang='grc' dir='ltr'>γὰρ</span> <span class='ocrx_word' id='word_1_18' title='bbox 504 320 545 361; x_wconf 74' lang='grc' dir='ltr'><em>ἓν</em></span> <span class='ocrx_word' id='word_1_19' title='bbox 579 321 676 375; x_wconf 82' lang='grc' dir='ltr'><em>πυρὶ</em></span> <span class='ocrx_word' id='word_1_20' title='bbox 705 318 932 372; x_wconf 71' lang='grc' dir='ltr'><strong><em>δοκιμάζειν</em></strong></span> <span class='ocrx_word' id='word_1_21' title='bbox 965 323 1017 362; x_wconf 81' lang='grc' dir='ltr'>τὰ</span> <span class='ocrx_word' id='word_1_22' title='bbox 1052 320 1165 375; x_wconf 83' lang='grc' dir='ltr'><em>παρὰ</em></span> <span class='ocrx_word' id='word_1_23' title='bbox 1199 325 1282 363; x_wconf 77' lang='grc' dir='ltr'><em>τῶν</em></span> <span class='ocrx_word' id='word_1_24' title='bbox 1311 325 1483 378; x_wconf 75' lang='grc' dir='ltr'><em>γραφῶν</em></span> <span class='ocrx_word' id='word_1_25' title='bbox 1503 323 1600 365; x_wconf 80' lang='grc' dir='ltr'><em>διω-</em></span> 
     </span>
     <span class='ocr_line' id='line_1_4' title="bbox 141 387 1605 444; baseline 0.001 -13"><span class='ocrx_word' id='word_1_26' title='bbox 141 388 310 443; x_wconf 70' lang='grc' dir='ltr'><em>ρισμένα</em></span> <span class='ocrx_word' id='word_1_27' title='bbox 338 389 413 443; x_wconf 80' lang='grc' dir='ltr'>οὐχ</span> <span class='ocrx_word' id='word_1_28' title='bbox 437 388 547 437; x_wconf 80' lang='grc' dir='ltr'><em>ὅπως</em></span> <span class='ocrx_word' id='word_1_29' title='bbox 577 388 741 442; x_wconf 71' lang='grc' dir='ltr'><em>ἀμαθές</em></span> <span class='ocrx_word' id='word_1_30' title='bbox 762 387 868 431; x_wconf 74' lang='grc' dir='ltr'><em>ἀλλὰ</em></span> <span class='ocrx_word' id='word_1_31' title='bbox 890 389 955 429; x_wconf 76' lang='grc' dir='ltr'>καὶ</span> <span class='ocrx_word' id='word_1_32' title='bbox 983 389 1128 441; x_wconf 72' lang='grc' dir='ltr'><em>ἀσεβὲς</em></span> <span class='ocrx_word' id='word_1_33' title='bbox 1157 387 1178 432; x_wconf 83' lang='grc' dir='ltr'>ὅ</span> <span class='ocrx_word' id='word_1_34' title='bbox 1208 387 1398 444; x_wconf 80' lang='grc' dir='ltr'><em>Ἰωάννης</em></span> <span class='ocrx_word' id='word_1_35' title='bbox 1419 388 1605 443; x_wconf 79' lang='grc' dir='ltr'><em>οἰόμενος</em></span> 
     </span>
     <span class='ocr_line' id='line_1_5' title="bbox 141 454 1710 512; baseline 0 -13"><span class='ocrx_word' id='word_1_36' title='bbox 141 456 372 511; x_wconf 77' lang='grc' dir='ltr'><em>ἀπεσχίζετο</em></span> <span class='ocrx_word' id='word_1_37' title='bbox 389 458 463 511; x_wconf 71' lang='grc' dir='ltr'><em>μὲν</em></span> <span class='ocrx_word' id='word_1_38' title='bbox 481 459 546 499; x_wconf 80' lang='grc' dir='ltr'>καὶ</span> <span class='ocrx_word' id='word_1_39' title='bbox 565 462 638 511; x_wconf 78' lang='grc' dir='ltr'>τῆς</span> <span class='ocrx_word' id='word_1_40' title='bbox 658 458 869 509; x_wconf 76' lang='grc' dir='ltr'><strong><em>ἐκκλησίας</em></strong></span> <span class='ocrx_word' id='word_1_41' title='bbox 887 454 943 505; x_wconf 83' lang='grc' dir='ltr'>ὥς</span> <span class='ocrx_word' id='word_1_42' title='bbox 963 455 1182 512; x_wconf 85' lang='grc' dir='ltr'><em>πρότερον,</em></span> <span class='ocrx_word' id='word_1_43' title='bbox 1218 457 1449 512; x_wconf 79' lang='grc' dir='ltr'><em>ἀπεσχίζετο</em></span> <span class='ocrx_word' id='word_1_44' title='bbox 1468 460 1514 502; x_wconf 79' lang='grc' dir='ltr'>δὲ</span> <span class='ocrx_word' id='word_1_45' title='bbox 1531 461 1600 502; x_wconf 77' lang='grc' dir='ltr'>καὶ</span> <span class='ocrx_word' id='word_1_46' title='bbox 1621 463 1649 499; x_wconf 83' lang='lat' dir='ltr'>P</span> <span class='ocrx_word' id='word_1_47' title='bbox 1672 465 1710 500; x_wconf 88' lang='lat'>91</span> 
     </span>
     <span class='ocr_line' id='line_1_6' title="bbox 108 523 1603 582; baseline 0.002 -14"><span class='ocrx_word' id='word_1_48' title='bbox 108 525 280 568; x_wconf 73' lang='grc' dir='ltr'><em>δαῦτῶν</em></span> <span class='ocrx_word' id='word_1_49' title='bbox 307 526 359 581; x_wconf 82' lang='grc' dir='ltr'>δὴ</span> <span class='ocrx_word' id='word_1_50' title='bbox 380 530 463 568; x_wconf 84' lang='grc' dir='ltr'><em>τῶν</em></span> <span class='ocrx_word' id='word_1_51' title='bbox 485 527 575 582; x_wconf 85' lang='grc' dir='ltr'><em>περὶ</em></span> <span class='ocrx_word' id='word_1_52' title='bbox 604 525 675 568; x_wconf 78' lang='grc' dir='ltr'>τὸν</span> <span class='ocrx_word' id='word_1_53' title='bbox 690 523 912 567; x_wconf 56' lang='lat' dir='ltr'>‘Yam-902⁴</span> <span class='ocrx_word' id='word_1_54' title='bbox 926 557 939 576; x_wconf 94' lang='lat'><em>‚</em></span> <span class='ocrx_word' id='word_1_55' title='bbox 978 523 1034 575; x_wconf 83' lang='grc' dir='ltr'>ὡς</span> <span class='ocrx_word' id='word_1_56' title='bbox 1059 526 1118 580; x_wconf 85' lang='grc' dir='ltr'>μὴ</span> <span class='ocrx_word' id='word_1_57' title='bbox 1151 527 1399 570; x_wconf 77' lang='grc' dir='ltr'><em>συναινέσων</em></span> <span class='ocrx_word' id='word_1_58' title='bbox 1425 527 1500 570; x_wconf 73' lang='grc' dir='ltr'><em>κᾶν</em></span> <span class='ocrx_word' id='word_1_59' title='bbox 1521 526 1545 570; x_wconf 83' lang='grc' dir='ltr'>ὅ</span> <span class='ocrx_word' id='word_1_60' title='bbox 1562 545 1603 571; x_wconf 81' lang='grc' dir='ltr'>τι</span> 
     </span>
     <span class='ocr_line' id='line_1_7' title="bbox 140 592 1603 652; baseline 0.002 -16"><span class='ocrx_word' id='word_1_61' title='bbox 140 601 306 637; x_wconf 80' lang='grc' dir='ltr'><em>ποιοῖεν.</em></span> <span class='ocrx_word' id='word_1_62' title='bbox 373 594 437 636; x_wconf 79' lang='grc' dir='ltr'>διὸ</span> <span class='ocrx_word' id='word_1_63' title='bbox 465 593 517 647; x_wconf 78' lang='grc' dir='ltr'>δὴ</span> <span class='ocrx_word' id='word_1_64' title='bbox 541 595 606 636; x_wconf 73' lang='grc' dir='ltr'>καὶ</span> <span class='ocrx_word' id='word_1_65' title='bbox 634 594 745 649; x_wconf 81' lang='grc' dir='ltr'><em>παρὰ</em></span> <span class='ocrx_word' id='word_1_66' title='bbox 773 593 1000 647; x_wconf 83' lang='grc' dir='ltr'><em>βασιλέως,</em></span> <span class='ocrx_word' id='word_1_67' title='bbox 1039 592 1095 644; x_wconf 82' lang='grc' dir='ltr'>ὥς</span> <span class='ocrx_word' id='word_1_68' title='bbox 1122 595 1168 637; x_wconf 78' lang='grc' dir='ltr'>τὸ</span> <span class='ocrx_word' id='word_1_69' title='bbox 1192 593 1320 648; x_wconf 73' lang='grc' dir='ltr'><em>εἰκός,</em></span> <span class='ocrx_word' id='word_1_70' title='bbox 1356 594 1603 652; x_wconf 76' lang='grc' dir='ltr'><em>παρορώμε-</em></span> 
     </span>
     <span class='ocr_line' id='line_1_8' title="bbox 139 662 1602 720; baseline 0.001 -15"><span class='ocrx_word' id='word_1_71' title='bbox 139 679 211 712; x_wconf 85' lang='grc' dir='ltr'>νος</span> <span class='ocrx_word' id='word_1_72' title='bbox 226 667 285 720; x_wconf 81' lang='grc' dir='ltr'>τῷ</span> <span class='ocrx_word' id='word_1_73' title='bbox 307 667 381 716; x_wconf 85' lang='grc' dir='ltr'>τῆς</span> <span class='ocrx_word' id='word_1_74' title='bbox 401 666 548 717; x_wconf 84' lang='grc' dir='ltr'><em>Χηλῆς</em></span> <span class='ocrx_word' id='word_1_75' title='bbox 568 664 752 720; x_wconf 79' lang='grc' dir='ltr'><em>φρουρίῳ</em></span> <span class='ocrx_word' id='word_1_76' title='bbox 772 663 997 718; x_wconf 74' lang='grc' dir='ltr'><em>ἐξορισθεὶς</em></span> <span class='ocrx_word' id='word_1_77' title='bbox 1016 664 1344 719; x_wconf 71' lang='grc' dir='ltr'><em>ἐγκαθιίργνυτο.</em></span> <span class='ocrx_word' id='word_1_78' title='bbox 1401 662 1494 707; x_wconf 82' lang='grc' dir='ltr'><em>τότε</em></span> <span class='ocrx_word' id='word_1_79' title='bbox 1514 666 1602 707; x_wconf 80' lang='grc' dir='ltr'><em>τοί-</em></span> 
     </span>
     <span class='ocr_line' id='line_1_9' title="bbox 141 724 1601 788; baseline 0.001 -14"><span class='ocrx_word' id='word_1_80' title='bbox 141 748 215 774; x_wconf 85' lang='grc' dir='ltr'>νυν</span> <span class='ocrx_word' id='word_1_81' title='bbox 238 735 313 784; x_wconf 81' lang='grc' dir='ltr'>τῆς</span> <span class='ocrx_word' id='word_1_82' title='bbox 340 732 552 785; x_wconf 72' lang='grc' dir='ltr'><strong><em>ἐκκλησίας</em></strong></span> <span class='ocrx_word' id='word_1_83' title='bbox 579 731 859 786; x_wconf 85' lang='grc' dir='ltr'><em>κεχηρωμένης</em></span> <span class='ocrx_word' id='word_1_84' title='bbox 871 764 883 782; x_wconf 84' lang='grc'><em>,</em></span> <span class='ocrx_word' id='word_1_85' title='bbox 913 736 1056 786; x_wconf 82' lang='grc' dir='ltr'><em>πειρᾶν</em></span> <span class='ocrx_word' id='word_1_86' title='bbox 1078 731 1234 775; x_wconf 69' lang='grc' dir='ltr'><em>ἐθέλων</em></span> <span class='ocrx_word' id='word_1_87' title='bbox 1254 737 1335 775; x_wconf 82' lang='grc' dir='ltr'><em>τῶν</em></span> <span class='ocrx_word' id='word_1_88' title='bbox 1357 724 1601 788; x_wconf 56' lang='grc' dir='ltr'><em>σχιζομένων</em></span> 
     </span>
     <span class='ocr_line' id='line_1_10' title="bbox 142 797 1603 856; baseline 0.002 -15"><span class='ocrx_word' id='word_1_89' title='bbox 142 797 166 842; x_wconf 81' lang='grc' dir='ltr'><strong>ὅ</strong></span> <span class='ocrx_word' id='word_1_90' title='bbox 182 799 377 853; x_wconf 72' lang='grc' dir='ltr'><em>βασιλεὺς</em></span> <span class='ocrx_word' id='word_1_91' title='bbox 399 800 442 842; x_wconf 76' lang='grc' dir='ltr'>εἷ’</span> <span class='ocrx_word' id='word_1_92' title='bbox 452 817 531 842; x_wconf 82' lang='grc' dir='ltr'>που</span> <span class='ocrx_word' id='word_1_93' title='bbox 555 805 664 856; x_wconf 77' lang='grc' dir='ltr'><em>σφᾶς</em></span> <span class='ocrx_word' id='word_1_94' title='bbox 681 802 748 842; x_wconf 82' lang='grc' dir='ltr'>καὶ</span> <span class='ocrx_word' id='word_1_95' title='bbox 772 801 965 854; x_wconf 68' lang='grc' dir='ltr'><em>δυνηθεὶς</em></span> <span class='ocrx_word' id='word_1_96' title='bbox 985 799 1244 855; x_wconf 71' lang='grc' dir='ltr'><em>εἶρηνεῦσειε,</em></span> <span class='ocrx_word' id='word_1_97' title='bbox 1280 801 1450 856; x_wconf 81' lang='grc' dir='ltr'><em>πέμψας</em></span> <span class='ocrx_word' id='word_1_98' title='bbox 1471 799 1603 844; x_wconf 77' lang='grc' dir='ltr'><em>κατά-</em></span> 
     </span>
     <span class='ocr_line' id='line_1_11' title="bbox 87 867 1602 925; baseline 0.002 -15"><span class='ocrx_word' id='word_1_99' title='bbox 87 876 198 924; x_wconf 63' lang='lat' dir='ltr'>loys:</span> <span class='ocrx_word' id='word_1_100' title='bbox 213 869 286 911; x_wconf 84' lang='grc' dir='ltr'><em>τὸν</em></span> <span class='ocrx_word' id='word_1_101' title='bbox 299 867 502 922; x_wconf 78' lang='grc' dir='ltr'><em>Ἰωάννην,</em></span> <span class='ocrx_word' id='word_1_102' title='bbox 538 872 608 911; x_wconf 77' lang='grc' dir='ltr'>καί</span> <span class='ocrx_word' id='word_1_103' title='bbox 623 885 701 910; x_wconf 89' lang='grc' dir='ltr'>που</span> <span class='ocrx_word' id='word_1_104' title='bbox 721 869 891 923; x_wconf 76' lang='grc' dir='ltr'><em>πλησίον</em></span> <span class='ocrx_word' id='word_1_105' title='bbox 910 874 992 911; x_wconf 86' lang='grc' dir='ltr'><em>τῶν</em></span> <span class='ocrx_word' id='word_1_106' title='bbox 1009 869 1114 911; x_wconf 83' lang='grc' dir='ltr'>κατὰ</span> <span class='ocrx_word' id='word_1_107' title='bbox 1133 870 1370 925; x_wconf 80' lang='grc' dir='ltr'><em>Βλαχέρνας</em></span> <span class='ocrx_word' id='word_1_108' title='bbox 1389 872 1602 914; x_wconf 81' lang='grc' dir='ltr'><em>παλατίων</em></span> 
     </span>
     <span class='ocr_line' id='line_1_12' title="bbox 139 935 1600 997; baseline 0.003 -19"><span class='ocrx_word' id='word_1_109' title='bbox 139 937 183 979; x_wconf 74' lang='grc' dir='ltr'><em>ἐν</em></span> <span class='ocrx_word' id='word_1_110' title='bbox 201 941 260 995; x_wconf 82' lang='grc' dir='ltr'>τῷ</span> <span class='ocrx_word' id='word_1_111' title='bbox 287 935 411 979; x_wconf 86' lang='grc' dir='ltr'><em>πάλαι</em></span> <span class='ocrx_word' id='word_1_112' title='bbox 439 935 790 995; x_wconf 75' lang='grc' dir='ltr'><em>ἆρματοφυλακίῳ</em></span> <span class='ocrx_word' id='word_1_113' title='bbox 820 938 862 980; x_wconf 72' lang='grc' dir='ltr'><em>ἐν</em></span> <span class='ocrx_word' id='word_1_114' title='bbox 889 938 1102 997; x_wconf 68' lang='grc' dir='ltr'><em>ἐλευθερίᾳ</em></span> <span class='ocrx_word' id='word_1_115' title='bbox 1124 939 1301 993; x_wconf 76' lang='grc' dir='ltr'><em>κατέχει,</em></span> <span class='ocrx_word' id='word_1_116' title='bbox 1337 939 1480 989; x_wconf 59' lang='lat' dir='ltr'>inimic</span> <span class='ocrx_word' id='word_1_117' title='bbox 1499 940 1600 982; x_wconf 71' lang='grc' dir='ltr'><em>ἑκεί-</em></span> 
     </span>
     <span class='ocr_line' id='line_1_13' title="bbox 138 1003 1649 1062; baseline 0.003 -15"><span class='ocrx_word' id='word_1_118' title='bbox 138 1021 197 1062; x_wconf 85' lang='grc' dir='ltr'><em>νῳ</em></span> <span class='ocrx_word' id='word_1_119' title='bbox 227 1006 295 1047; x_wconf 85' lang='grc' dir='ltr'>καὶ</span> <span class='ocrx_word' id='word_1_120' title='bbox 324 1003 384 1055; x_wconf 81' lang='grc' dir='ltr'>οἷς</span> <span class='ocrx_word' id='word_1_121' title='bbox 415 1007 532 1054; x_wconf 79' lang='grc' dir='ltr'><em>ἰδίοις</em></span> <span class='ocrx_word' id='word_1_122' title='bbox 559 1004 635 1060; x_wconf 76' lang='grc' dir='ltr'><em>εἶχε</em></span> <span class='ocrx_word' id='word_1_123' title='bbox 666 1010 834 1048; x_wconf 83' lang='grc' dir='ltr'><em>συνοῦσι</em></span> <span class='ocrx_word' id='word_1_124' title='bbox 864 1008 1046 1049; x_wconf 72' lang='grc' dir='ltr'><em>συνεῖναί</em></span> <span class='ocrx_word' id='word_1_125' title='bbox 1069 1023 1112 1049; x_wconf 84' lang='grc' dir='ltr'><em>τε</em></span> <span class='ocrx_word' id='word_1_126' title='bbox 1130 1009 1197 1049; x_wconf 72' lang='grc' dir='ltr'>καὶ</span> <span class='ocrx_word' id='word_1_127' title='bbox 1215 1011 1459 1060; x_wconf 76' lang='grc' dir='ltr'><em>συνομιλεῖν.</em></span> <span class='ocrx_word' id='word_1_128' title='bbox 1529 1009 1598 1051; x_wconf 84' lang='grc' dir='ltr'>καὶ</span> <span class='ocrx_word' id='word_1_129' title='bbox 1620 1010 1649 1046; x_wconf 82' lang='grc' dir='ltr'><strong><em>Β</em></strong></span> 
     </span>
     <span class='ocr_line' id='line_1_14' title="bbox 139 1072 1598 1133; baseline 0.003 -18"><span class='ocrx_word' id='word_1_130' title='bbox 139 1072 192 1127; x_wconf 79' lang='grc' dir='ltr'>δὴ</span> <span class='ocrx_word' id='word_1_131' title='bbox 210 1073 330 1129; x_wconf 72' lang='grc' dir='ltr'><em>γνοὺς</em></span> <span class='ocrx_word' id='word_1_132' title='bbox 349 1072 535 1128; x_wconf 80' lang='grc' dir='ltr'><em>συνάγειν</em></span> <span class='ocrx_word' id='word_1_133' title='bbox 556 1073 815 1130; x_wconf 72' lang='grc' dir='ltr'><em>ἀμφοτέρους</em></span> <span class='ocrx_word' id='word_1_134' title='bbox 834 1076 902 1116; x_wconf 81' lang='grc' dir='ltr'>καὶ</span> <span class='ocrx_word' id='word_1_135' title='bbox 920 1076 1077 1130; x_wconf 72' lang='grc' dir='ltr'><em>ἐρωτᾶν</em></span> <span class='ocrx_word' id='word_1_136' title='bbox 1091 1075 1142 1117; x_wconf 79' lang='grc' dir='ltr'>τὰ</span> <span class='ocrx_word' id='word_1_137' title='bbox 1162 1076 1264 1129; x_wconf 79' lang='grc' dir='ltr'><em>πρὸς</em></span> <span class='ocrx_word' id='word_1_138' title='bbox 1282 1075 1457 1132; x_wconf 75' lang='grc' dir='ltr'><em>εῖρήνην,</em></span> <span class='ocrx_word' id='word_1_139' title='bbox 1493 1075 1598 1133; x_wconf 85' lang='grc' dir='ltr'><em>πρό-</em></span> 
     </span>
     <span class='ocr_line' id='line_1_15' title="bbox 139 1141 1601 1204; baseline 0.003 -21"><span class='ocrx_word' id='word_1_140' title='bbox 139 1157 256 1196; x_wconf 85' lang='grc' dir='ltr'><em>τερον</em></span> <span class='ocrx_word' id='word_1_141' title='bbox 277 1141 592 1197; x_wconf 80' lang='grc' dir='ltr'><em>ἀκροβολισμοῖς</em></span> <span class='ocrx_word' id='word_1_142' title='bbox 611 1145 716 1185; x_wconf 83' lang='grc' dir='ltr'><em>τισὶν</em></span> <span class='ocrx_word' id='word_1_143' title='bbox 735 1143 921 1198; x_wconf 76' lang='grc' dir='ltr'><em>ἐπειρᾶτο</em></span> <span class='ocrx_word' id='word_1_144' title='bbox 943 1149 1016 1186; x_wconf 80' lang='grc' dir='ltr'>τοῦ</span> <span class='ocrx_word' id='word_1_145' title='bbox 1033 1142 1236 1188; x_wconf 80' lang='grc' dir='ltr'><em>Ἰωάννου.</em></span> <span class='ocrx_word' id='word_1_146' title='bbox 1306 1145 1348 1187; x_wconf 70' lang='grc' dir='ltr'><em>ἓν</em></span> <span class='ocrx_word' id='word_1_147' title='bbox 1367 1149 1444 1204; x_wconf 78' lang='grc' dir='ltr'>μιᾷ</span> <span class='ocrx_word' id='word_1_148' title='bbox 1469 1146 1514 1188; x_wconf 77' lang='grc' dir='ltr'>δὲ</span> <span class='ocrx_word' id='word_1_149' title='bbox 1531 1146 1601 1188; x_wconf 81' lang='grc' dir='ltr'>καὶ</span> 
     </span>
     <span class='ocr_line' id='line_1_16' title="bbox 87 1208 1601 1272; baseline 0.002 -19"><span class='ocrx_word' id='word_1_150' title='bbox 87 1209 212 1253; x_wconf 81' lang='grc' dir='ltr'><em>15τὸν</em></span> <span class='ocrx_word' id='word_1_151' title='bbox 226 1209 529 1266; x_wconf 72' lang='grc' dir='ltr'><em>Ἀλεξανδρείας</em></span> <span class='ocrx_word' id='word_1_152' title='bbox 543 1208 790 1254; x_wconf 74' lang='grc' dir='ltr'><em>Ἀθανάσιον</em></span> <span class='ocrx_word' id='word_1_153' title='bbox 810 1212 992 1265; x_wconf 79' lang='grc' dir='ltr'><em>πέμψας,</em></span> <span class='ocrx_word' id='word_1_154' title='bbox 1028 1213 1154 1267; x_wconf 76' lang='grc' dir='ltr'><em>μέγαν</em></span> <span class='ocrx_word' id='word_1_155' title='bbox 1173 1212 1275 1269; x_wconf 79' lang='grc' dir='ltr'><em>παρ’</em></span> <span class='ocrx_word' id='word_1_156' title='bbox 1309 1214 1446 1271; x_wconf 75' lang='grc' dir='ltr'><em>ἐκείνῳ</em></span> <span class='ocrx_word' id='word_1_157' title='bbox 1467 1213 1519 1268; x_wconf 80' lang='grc' dir='ltr'>ὀὴ</span> <span class='ocrx_word' id='word_1_158' title='bbox 1541 1218 1601 1272; x_wconf 77' lang='grc' dir='ltr'>τῷ</span> 
     </span>
     <span class='ocr_line' id='line_1_17' title="bbox 134 1275 1600 1337; baseline 0.003 -17"><span class='ocrx_word' id='word_1_159' title='bbox 134 1275 303 1335; x_wconf 79' lang='grc' dir='ltr'><em>Ἰωάννῃ</em></span> <span class='ocrx_word' id='word_1_160' title='bbox 333 1280 556 1331; x_wconf 78' lang='grc' dir='ltr'><em>δοκοῦντα,</em></span> <span class='ocrx_word' id='word_1_161' title='bbox 597 1277 653 1329; x_wconf 84' lang='grc' dir='ltr'>ὥς</span> <span class='ocrx_word' id='word_1_162' title='bbox 680 1279 807 1322; x_wconf 74' lang='grc' dir='ltr'><em>αὐτοῦ</em></span> <span class='ocrx_word' id='word_1_163' title='bbox 835 1280 939 1334; x_wconf 79' lang='grc' dir='ltr'><em>πρὸς</em></span> <span class='ocrx_word' id='word_1_164' title='bbox 966 1281 1138 1334; x_wconf 79' lang='grc' dir='ltr'><em>βασιλέα</em></span> <span class='ocrx_word' id='word_1_165' title='bbox 1158 1283 1346 1337; x_wconf 77' lang='grc' dir='ltr'><em>λέγοντος</em></span> <span class='ocrx_word' id='word_1_166' title='bbox 1370 1280 1600 1336; x_wconf 77' lang='grc' dir='ltr'><em>μανθάνειν</em></span> 
     </span>
     <span class='ocr_line' id='line_1_18' title="bbox 138 1335 1600 1407; baseline 0.003 -19"><span class='ocrx_word' id='word_1_167' title='bbox 138 1345 212 1388; x_wconf 77' lang='grc' dir='ltr'><em>τὸν</em></span> <span class='ocrx_word' id='word_1_168' title='bbox 227 1335 399 1400; x_wconf 79' lang='grc' dir='ltr'><em>βασιλέα</em></span> <span class='ocrx_word' id='word_1_169' title='bbox 417 1349 483 1390; x_wconf 76' lang='grc' dir='ltr'>καὶ</span> <span class='ocrx_word' id='word_1_170' title='bbox 504 1352 562 1405; x_wconf 79' lang='grc' dir='ltr'>τῷ</span> <span class='ocrx_word' id='word_1_171' title='bbox 580 1346 810 1404; x_wconf 82' lang='grc' dir='ltr'><em>πατριάρχῃ</em></span> <span class='ocrx_word' id='word_1_172' title='bbox 827 1348 923 1398; x_wconf 65' lang='grc' dir='ltr'>τούς</span> <span class='ocrx_word' id='word_1_173' title='bbox 942 1347 1088 1403; x_wconf 80' lang='grc' dir='ltr'><em>λόγους</em></span> <span class='ocrx_word' id='word_1_174' title='bbox 1107 1354 1396 1407; x_wconf 78' lang='grc' dir='ltr'><em>πληροφορεΐν,</em></span> <span class='ocrx_word' id='word_1_175' title='bbox 1431 1350 1600 1404; x_wconf 83' lang='grc' dir='ltr'><em>πέμψας</em></span> 
     </span>
     <span class='ocr_line' id='line_1_19' title="bbox 141 1409 1600 1477; baseline 0.004 -20"><span class='ocrx_word' id='word_1_176' title='bbox 141 1409 216 1458; x_wconf 71' lang='grc' dir='ltr'><em>οὖν</em></span> <span class='ocrx_word' id='word_1_177' title='bbox 235 1414 305 1458; x_wconf 79' lang='grc' dir='ltr'>διὰ</span> <span class='ocrx_word' id='word_1_178' title='bbox 323 1415 450 1457; x_wconf 72' lang='grc' dir='ltr'><em>ταῦτ’</em></span> <span class='ocrx_word' id='word_1_179' title='bbox 480 1417 627 1459; x_wconf 77' lang='grc' dir='ltr'><em>ἐκεῖνον</em></span> <span class='ocrx_word' id='word_1_180' title='bbox 646 1414 881 1472; x_wconf 80' lang='grc' dir='ltr'><em>διεμηνύετο</em></span> <span class='ocrx_word' id='word_1_181' title='bbox 901 1416 954 1460; x_wconf 80' lang='grc' dir='ltr'>τὰ</span> <span class='ocrx_word' id='word_1_182' title='bbox 977 1419 1197 1473; x_wconf 75' lang='grc' dir='ltr'><em>δοκοῦντα,</em></span> <span class='ocrx_word' id='word_1_183' title='bbox 1217 1417 1305 1474; x_wconf 79' lang='grc' dir='ltr'>ἅμα</span> <span class='ocrx_word' id='word_1_184' title='bbox 1322 1436 1367 1462; x_wconf 84' lang='grc' dir='ltr'><em>τε</em></span> <span class='ocrx_word' id='word_1_185' title='bbox 1385 1416 1600 1477; x_wconf 81' lang='grc' dir='ltr'><em>προστάσ-</em></span> 
     </span>
    </p>
   </div>
   <div class='ocr_carea' id='block_1_3' title="bbox 223 1533 571 1582">
    <p class='ocr_par' dir='ltr' id='par_1_3' title="bbox 223 1533 571 1582">
     <span class='ocr_line' id='line_1_20' title="bbox 223 1533 571 1582; baseline 0.006 -12"><span class='ocrx_word' id='word_1_186' title='bbox 223 1535 279 1570; x_wconf 87' lang='grc'>10.</span> <span class='ocrx_word' id='word_1_187' title='bbox 300 1533 420 1581; x_wconf 69' lang='grc' dir='ltr'>κατὰ]</span> <span class='ocrx_word' id='word_1_188' title='bbox 445 1536 510 1582; x_wconf 80' lang='grc' dir='ltr'>τῆς</span> <span class='ocrx_word' id='word_1_189' title='bbox 529 1536 571 1572; x_wconf 86' lang='grc' dir='ltr'>Ρ.</span> 
     </span>
    </p>
   </div>
   <div class='ocr_carea' id='block_1_4' title="bbox 135 1640 1647 2778">
    <p class='ocr_par' dir='ltr' id='par_1_4' title="bbox 135 1640 1647 2778">
     <span class='ocr_line' id='line_1_21' title="bbox 136 1640 1601 1686; baseline 0.001 -15"><span class='ocrx_word' id='word_1_190' title='bbox 136 1642 330 1680; x_wconf 81' lang='lat' dir='ltr'>vocassent,</span> <span class='ocrx_word' id='word_1_191' title='bbox 353 1641 620 1683; x_wconf 83' lang='lat' dir='ltr'>pyrsolatrarum</span> <span class='ocrx_word' id='word_1_192' title='bbox 640 1640 717 1675; x_wconf 83' lang='lat' dir='ltr'>illos</span> <span class='ocrx_word' id='word_1_193' title='bbox 737 1640 902 1686; x_wconf 80' lang='lat' dir='ltr'>probroso</span> <span class='ocrx_word' id='word_1_194' title='bbox 923 1640 1140 1676; x_wconf 72' lang='lat' dir='ltr'><strong>traducentes</strong></span> <span class='ocrx_word' id='word_1_195' title='bbox 1162 1646 1358 1684; x_wconf 78' lang='lat' dir='ltr'>scommate,</span> <span class='ocrx_word' id='word_1_196' title='bbox 1382 1640 1601 1686; x_wconf 87' lang='lat' dir='ltr'>ipsorumque</span> 
     </span>
     <span class='ocr_line' id='line_1_22' title="bbox 139 1684 1596 1730; baseline 0.002 -14"><span class='ocrx_word' id='word_1_197' title='bbox 139 1684 371 1718; x_wconf 74' lang='lat' dir='ltr'>commercium</span> <span class='ocrx_word' id='word_1_198' title='bbox 394 1692 462 1719; x_wconf 84' lang='lat' dir='ltr'>tam</span> <span class='ocrx_word' id='word_1_199' title='bbox 486 1687 721 1730; x_wconf 70' lang='lat' dir='ltr'>superstitiose</span> <span class='ocrx_word' id='word_1_200' title='bbox 744 1686 971 1728; x_wconf 83' lang='lat' dir='ltr'>declinantes,</span> <span class='ocrx_word' id='word_1_201' title='bbox 997 1694 1036 1721; x_wconf 86' lang='lat' dir='ltr'>ut</span> <span class='ocrx_word' id='word_1_202' title='bbox 1057 1688 1275 1722; x_wconf 84' lang='lat' dir='ltr'>communiter</span> <span class='ocrx_word' id='word_1_203' title='bbox 1297 1686 1514 1722; x_wconf 80' lang='lat' dir='ltr'>irrevocabili</span> <span class='ocrx_word' id='word_1_204' title='bbox 1535 1686 1596 1719; x_wconf 88' lang='lat' dir='ltr'>de·</span> 
     </span>
     <span class='ocr_line' id='line_1_23' title="bbox 139 1730 1597 1779; baseline 0.001 -17"><span class='ocrx_word' id='word_1_205' title='bbox 139 1735 236 1762; x_wconf 74' lang='lat' dir='ltr'>creto</span> <span class='ocrx_word' id='word_1_206' title='bbox 259 1730 458 1765; x_wconf 71' lang='lat' dir='ltr'>statuissent</span> <span class='ocrx_word' id='word_1_207' title='bbox 480 1732 557 1766; x_wconf 89' lang='lat' dir='ltr'>illos</span> <span class='ocrx_word' id='word_1_208' title='bbox 590 1745 633 1767; x_wconf 90' lang='lat' dir='ltr'>ne</span> <span class='ocrx_word' id='word_1_209' title='bbox 663 1733 759 1767; x_wconf 77' lang='lat' dir='ltr'>brevi</span> <span class='ocrx_word' id='word_1_210' title='bbox 786 1732 921 1777; x_wconf 87' lang='lat' dir='ltr'>quidem</span> <span class='ocrx_word' id='word_1_211' title='bbox 952 1733 1097 1778; x_wconf 84' lang='lat' dir='ltr'>alloquio</span> <span class='ocrx_word' id='word_1_212' title='bbox 1128 1734 1273 1778; x_wconf 82' lang='lat' dir='ltr'>dignari.</span> <span class='ocrx_word' id='word_1_213' title='bbox 1319 1733 1474 1779; x_wconf 88' lang='lat' dir='ltr'>quoniam</span> <span class='ocrx_word' id='word_1_214' title='bbox 1507 1731 1597 1765; x_wconf 80' lang='lat' dir='ltr'>enim</span> 
     </span>
     <span class='ocr_line' id='line_1_24' title="bbox 137 1776 1595 1824; baseline 0.004 -17"><span class='ocrx_word' id='word_1_215' title='bbox 137 1785 249 1808; x_wconf 78' lang='lat' dir='ltr'>novae</span> <span class='ocrx_word' id='word_1_216' title='bbox 268 1786 332 1820; x_wconf 82' lang='lat' dir='ltr'>per</span> <span class='ocrx_word' id='word_1_217' title='bbox 350 1776 462 1820; x_wconf 82' lang='lat' dir='ltr'>ignem</span> <span class='ocrx_word' id='word_1_218' title='bbox 486 1778 708 1822; x_wconf 84' lang='lat' dir='ltr'>explorationi</span> <span class='ocrx_word' id='word_1_219' title='bbox 739 1778 905 1812; x_wconf 88' lang='lat' dir='ltr'>subiicere</span> <span class='ocrx_word' id='word_1_220' title='bbox 937 1779 1046 1824; x_wconf 89' lang='lat' dir='ltr'>(quod</span> <span class='ocrx_word' id='word_1_221' title='bbox 1077 1779 1135 1813; x_wconf 86' lang='lat' dir='ltr'>isti</span> <span class='ocrx_word' id='word_1_222' title='bbox 1158 1780 1331 1823; x_wconf 81' lang='lat' dir='ltr'>fecerant)</span> <span class='ocrx_word' id='word_1_223' title='bbox 1362 1790 1404 1812; x_wconf 87' lang='lat' dir='ltr'>ea</span> <span class='ocrx_word' id='word_1_224' title='bbox 1427 1789 1515 1822; x_wconf 81' lang='lat' dir='ltr'>quae</span> <span class='ocrx_word' id='word_1_225' title='bbox 1537 1787 1595 1810; x_wconf 76' lang='lat' dir='ltr'>se-</span> 
     </span>
     <span class='ocr_line' id='line_1_25' title="bbox 137 1819 1594 1868; baseline 0.003 -15"><span class='ocrx_word' id='word_1_226' title='bbox 137 1819 205 1853; x_wconf 84' lang='lat' dir='ltr'>mel</span> <span class='ocrx_word' id='word_1_227' title='bbox 225 1821 407 1856; x_wconf 85' lang='lat' dir='ltr'>constituta</span> <span class='ocrx_word' id='word_1_228' title='bbox 428 1823 566 1867; x_wconf 84' lang='lat' dir='ltr'>scriptis</span> <span class='ocrx_word' id='word_1_229' title='bbox 587 1830 702 1858; x_wconf 84' lang='lat' dir='ltr'>essent</span> <span class='ocrx_word' id='word_1_230' title='bbox 722 1830 852 1857; x_wconf 84' lang='lat' dir='ltr'>maturo</span> <span class='ocrx_word' id='word_1_231' title='bbox 874 1825 1012 1859; x_wconf 87' lang='lat' dir='ltr'>consilio</span> <span class='ocrx_word' id='word_1_232' title='bbox 1036 1826 1222 1866; x_wconf 82' lang='lat' dir='ltr'>commissa,</span> <span class='ocrx_word' id='word_1_233' title='bbox 1235 1837 1300 1859; x_wconf 91' lang='lat' dir='ltr'>non</span> <span class='ocrx_word' id='word_1_234' title='bbox 1322 1825 1513 1868; x_wconf 70' lang='lat' dir='ltr'>imprudens</span> <span class='ocrx_word' id='word_1_235' title='bbox 1535 1832 1594 1856; x_wconf 80' lang='lat' dir='ltr'>so-</span> 
     </span>
     <span class='ocr_line' id='line_1_26' title="bbox 137 1863 1595 1915; baseline 0.003 -17"><span class='ocrx_word' id='word_1_236' title='bbox 137 1863 205 1898; x_wconf 81' lang='lat' dir='ltr'>lum</span> <span class='ocrx_word' id='word_1_237' title='bbox 227 1866 287 1900; x_wconf 81' lang='lat' dir='ltr'>sed</span> <span class='ocrx_word' id='word_1_238' title='bbox 309 1867 411 1901; x_wconf 83' lang='lat' dir='ltr'>etiam</span> <span class='ocrx_word' id='word_1_239' title='bbox 423 1868 568 1914; x_wconf 83' lang='lat' dir='ltr'>‘impium</span> <span class='ocrx_word' id='word_1_240' title='bbox 592 1871 735 1904; x_wconf 86' lang='lat' dir='ltr'>Ioannes</span> <span class='ocrx_word' id='word_1_241' title='bbox 757 1871 901 1914; x_wconf 83' lang='lat' dir='ltr'>putabat</span> <span class='ocrx_word' id='word_1_242' title='bbox 925 1882 1022 1912; x_wconf 83' lang='lat' dir='ltr'>esse,</span> <span class='ocrx_word' id='word_1_243' title='bbox 1054 1883 1120 1905; x_wconf 91' lang='lat' dir='ltr'>non</span> <span class='ocrx_word' id='word_1_244' title='bbox 1143 1872 1251 1905; x_wconf 89' lang='lat' dir='ltr'>minus</span> <span class='ocrx_word' id='word_1_245' title='bbox 1272 1882 1381 1915; x_wconf 81' lang='lat' dir='ltr'>aequa</span> <span class='ocrx_word' id='word_1_246' title='bbox 1402 1869 1469 1902; x_wconf 86' lang='lat' dir='ltr'>sibi</span> <span class='ocrx_word' id='word_1_247' title='bbox 1490 1878 1595 1902; x_wconf 71' lang='lat' dir='ltr'>causa</span> 
     </span>
     <span class='ocr_line' id='line_1_27' title="bbox 137 1910 1595 1961; baseline 0.003 -18"><span class='ocrx_word' id='word_1_248' title='bbox 137 1910 318 1945; x_wconf 70' lang='lat' dir='ltr'>videbatur</span> <span class='ocrx_word' id='word_1_249' title='bbox 340 1914 383 1946; x_wconf 83' lang='lat' dir='ltr'>ab</span> <span class='ocrx_word' id='word_1_250' title='bbox 406 1914 592 1959; x_wconf 78' lang='lat' dir='ltr'>Hyacinthi</span> <span class='ocrx_word' id='word_1_251' title='bbox 614 1927 702 1949; x_wconf 91' lang='lat' dir='ltr'>nunc</span> <span class='ocrx_word' id='word_1_252' title='bbox 733 1922 831 1961; x_wconf 80' lang='lat' dir='ltr'>parte</span> <span class='ocrx_word' id='word_1_253' title='bbox 860 1927 899 1950; x_wconf 87' lang='lat' dir='ltr'>se</span> <span class='ocrx_word' id='word_1_254' title='bbox 933 1917 1115 1961; x_wconf 82' lang='lat' dir='ltr'>abiungere</span> <span class='ocrx_word' id='word_1_255' title='bbox 1146 1928 1246 1961; x_wconf 85' lang='lat' dir='ltr'>quam</span> <span class='ocrx_word' id='word_1_256' title='bbox 1277 1927 1346 1960; x_wconf 84' lang='lat' dir='ltr'>qua</span> <span class='ocrx_word' id='word_1_257' title='bbox 1374 1914 1468 1958; x_wconf 81' lang='lat' dir='ltr'>prius</span> <span class='ocrx_word' id='word_1_258' title='bbox 1490 1916 1595 1947; x_wconf 79' lang='lat' dir='ltr'>Arse-</span> 
     </span>
     <span class='ocr_line' id='line_1_28' title="bbox 137 1955 1595 2007; baseline 0.003 -19"><span class='ocrx_word' id='word_1_259' title='bbox 137 1955 228 1989; x_wconf 76' lang='lat' dir='ltr'>niani</span> <span class='ocrx_word' id='word_1_260' title='bbox 250 1957 379 2001; x_wconf 82' lang='lat' dir='ltr'>pariter</span> <span class='ocrx_word' id='word_1_261' title='bbox 399 1971 513 1993; x_wconf 89' lang='lat' dir='ltr'>omnes</span> <span class='ocrx_word' id='word_1_262' title='bbox 535 1962 578 1994; x_wconf 87' lang='lat' dir='ltr'>ab</span> <span class='ocrx_word' id='word_1_263' title='bbox 601 1962 744 1995; x_wconf 84' lang='lat' dir='ltr'>ecclesia</span> <span class='ocrx_word' id='word_1_264' title='bbox 774 1962 1015 1995; x_wconf 80' lang='lat' dir='ltr'>secessissent:</span> <span class='ocrx_word' id='word_1_265' title='bbox 1049 1962 1179 2007; x_wconf 87' lang='lat' dir='ltr'>pariter</span> <span class='ocrx_word' id='word_1_266' title='bbox 1200 1961 1327 2006; x_wconf 89' lang='lat' dir='ltr'>quippe</span> <span class='ocrx_word' id='word_1_267' title='bbox 1349 1971 1438 1994; x_wconf 87' lang='lat' dir='ltr'>nunc</span> <span class='ocrx_word' id='word_1_268' title='bbox 1459 1970 1595 2004; x_wconf 88' lang='lat' dir='ltr'>quoque</span> 
     </span>
     <span class='ocr_line' id='line_1_29' title="bbox 137 2001 1594 2051; baseline 0.002 -16"><span class='ocrx_word' id='word_1_269' title='bbox 137 2001 200 2035; x_wconf 78' lang='lat' dir='ltr'>sibi</span> <span class='ocrx_word' id='word_1_270' title='bbox 223 2004 407 2037; x_wconf 85' lang='lat' dir='ltr'>cavendum</span> <span class='ocrx_word' id='word_1_271' title='bbox 429 2016 473 2038; x_wconf 85' lang='lat' dir='ltr'>ne</span> <span class='ocrx_word' id='word_1_272' title='bbox 495 2007 741 2049; x_wconf 84' lang='lat' dir='ltr'>perseverando</span> <span class='ocrx_word' id='word_1_273' title='bbox 763 2007 798 2040; x_wconf 93' lang='lat' dir='ltr'>in</span> <span class='ocrx_word' id='word_1_274' title='bbox 820 2008 1047 2041; x_wconf 79' lang='lat' dir='ltr'>communione</span> <span class='ocrx_word' id='word_1_275' title='bbox 1064 2019 1137 2041; x_wconf 93' lang='lat' dir='ltr'>cum</span> <span class='ocrx_word' id='word_1_276' title='bbox 1159 2007 1226 2040; x_wconf 88' lang='lat' dir='ltr'>illis</span> <span class='ocrx_word' id='word_1_277' title='bbox 1247 2006 1482 2051; x_wconf 74' lang='lat' dir='ltr'>comprobaret</span> <span class='ocrx_word' id='word_1_278' title='bbox 1501 2004 1594 2051; x_wconf 87' lang='lat' dir='ltr'>quod</span> 
     </span>
     <span class='ocr_line' id='line_1_30' title="bbox 138 2047 1595 2096; baseline 0.003 -17"><span class='ocrx_word' id='word_1_279' title='bbox 138 2047 307 2091; x_wconf 82' lang='lat' dir='ltr'>agebant,</span> <span class='ocrx_word' id='word_1_280' title='bbox 338 2054 374 2082; x_wconf 85' lang='lat' dir='ltr'>et</span> <span class='ocrx_word' id='word_1_281' title='bbox 395 2049 447 2083; x_wconf 86' lang='lat' dir='ltr'>ita</span> <span class='ocrx_word' id='word_1_282' title='bbox 468 2051 544 2084; x_wconf 87' lang='lat' dir='ltr'>eius</span> <span class='ocrx_word' id='word_1_283' title='bbox 561 2052 691 2096; x_wconf 86' lang='lat' dir='ltr'>culpam</span> <span class='ocrx_word' id='word_1_284' title='bbox 715 2052 749 2085; x_wconf 88' lang='lat' dir='ltr'>in</span> <span class='ocrx_word' id='word_1_285' title='bbox 773 2063 810 2085; x_wconf 88' lang='lat' dir='ltr'>se</span> <span class='ocrx_word' id='word_1_286' title='bbox 831 2053 1031 2096; x_wconf 86' lang='lat' dir='ltr'>susciperet.</span> <span class='ocrx_word' id='word_1_287' title='bbox 1078 2053 1269 2086; x_wconf 80' lang='lat' dir='ltr'>succensuit</span> <span class='ocrx_word' id='word_1_288' title='bbox 1289 2051 1406 2086; x_wconf 86' lang='lat' dir='ltr'>Ioanni</span> <span class='ocrx_word' id='word_1_289' title='bbox 1435 2051 1500 2085; x_wconf 77' lang='lat' dir='ltr'>hoe</span> <span class='ocrx_word' id='word_1_290' title='bbox 1530 2062 1595 2085; x_wconf 88' lang='lat' dir='ltr'>no-</span> 
     </span>
     <span class='ocr_line' id='line_1_31' title="bbox 138 2093 1604 2142; baseline 0.003 -17"><span class='ocrx_word' id='word_1_291' title='bbox 138 2094 227 2126; x_wconf 84' lang='lat' dir='ltr'>mine</span> <span class='ocrx_word' id='word_1_292' title='bbox 247 2093 452 2137; x_wconf 76' lang='lat' dir='ltr'>imperator,</span> <span class='ocrx_word' id='word_1_293' title='bbox 477 2107 619 2140; x_wconf 86' lang='lat' dir='ltr'>eumque</span> <span class='ocrx_word' id='word_1_294' title='bbox 640 2097 830 2141; x_wconf 85' lang='lat' dir='ltr'>despiciens</span> <span class='ocrx_word' id='word_1_295' title='bbox 849 2098 1022 2142; x_wconf 78' lang='lat' dir='ltr'>deportari</span> <span class='ocrx_word' id='word_1_296' title='bbox 1053 2097 1178 2131; x_wconf 83' lang='lat' dir='ltr'>iussum</span> <span class='ocrx_word' id='word_1_297' title='bbox 1210 2098 1246 2131; x_wconf 87' lang='lat' dir='ltr'>in</span> <span class='ocrx_word' id='word_1_298' title='bbox 1279 2098 1419 2132; x_wconf 75' lang='lat' dir='ltr'>insulam</span> <span class='ocrx_word' id='word_1_299' title='bbox 1452 2096 1604 2130; x_wconf 80' lang='lat' dir='ltr'>custello‘</span> 
     </span>
     <span class='ocr_line' id='line_1_32' title="bbox 139 2138 1592 2186; baseline 0.003 -14"><span class='ocrx_word' id='word_1_300' title='bbox 139 2138 241 2172; x_wconf 84' lang='lat' dir='ltr'>Celes</span> <span class='ocrx_word' id='word_1_301' title='bbox 262 2139 408 2176; x_wconf 83' lang='lat' dir='ltr'>inclusit.</span> <span class='ocrx_word' id='word_1_302' title='bbox 453 2152 541 2174; x_wconf 88' lang='lat' dir='ltr'>nunc</span> <span class='ocrx_word' id='word_1_303' title='bbox 563 2145 672 2175; x_wconf 84' lang='lat' dir='ltr'>autem</span> <span class='ocrx_word' id='word_1_304' title='bbox 703 2143 874 2176; x_wconf 83' lang='lat' dir='ltr'>viduatam</span> <span class='ocrx_word' id='word_1_305' title='bbox 897 2143 1108 2176; x_wconf 82' lang='lat' dir='ltr'>abdicatione</span> <span class='ocrx_word' id='word_1_306' title='bbox 1129 2143 1290 2186; x_wconf 84' lang='lat' dir='ltr'>Gregorii</span> <span class='ocrx_word' id='word_1_307' title='bbox 1318 2154 1459 2178; x_wconf 68' lang='lat' dir='ltr'>cennens</span> <span class='ocrx_word' id='word_1_308' title='bbox 1479 2145 1592 2176; x_wconf 81' lang='lat' dir='ltr'>eccle-</span> 
     </span>
     <span class='ocr_line' id='line_1_33' title="bbox 137 2184 1591 2231; baseline 0.003 -14"><span class='ocrx_word' id='word_1_309' title='bbox 137 2184 240 2226; x_wconf 89' lang='lat' dir='ltr'>siam,</span> <span class='ocrx_word' id='word_1_310' title='bbox 274 2192 408 2230; x_wconf 82' lang='lat' dir='ltr'>tempus</span> <span class='ocrx_word' id='word_1_311' title='bbox 440 2192 556 2231; x_wconf 87' lang='lat' dir='ltr'>aptum</span> <span class='ocrx_word' id='word_1_312' title='bbox 585 2198 671 2220; x_wconf 81' lang='lat' dir='ltr'>novo</span> <span class='ocrx_word' id='word_1_313' title='bbox 693 2188 973 2222; x_wconf 86' lang='lat' dir='ltr'>reconciliationis</span> <span class='ocrx_word' id='word_1_314' title='bbox 995 2188 1119 2221; x_wconf 85' lang='lat' dir='ltr'>dudum</span> <span class='ocrx_word' id='word_1_315' title='bbox 1147 2189 1372 2223; x_wconf 82' lang='lat' dir='ltr'>abscissorum</span> <span class='ocrx_word' id='word_1_316' title='bbox 1395 2188 1591 2222; x_wconf 74' lang='lat' dir='ltr'>Arseniata-</span> 
     </span>
     <span class='ocr_line' id='line_1_34' title="bbox 136 2232 1590 2279; baseline 0.003 -16"><span class='ocrx_word' id='word_1_317' title='bbox 136 2241 210 2263; x_wconf 86' lang='lat' dir='ltr'>rum</span> <span class='ocrx_word' id='word_1_318' title='bbox 232 2235 440 2264; x_wconf 83' lang='lat' dir='ltr'>tentamento</span> <span class='ocrx_word' id='word_1_319' title='bbox 462 2239 577 2271; x_wconf 81' lang='lat' dir='ltr'>ratus,</span> <span class='ocrx_word' id='word_1_320' title='bbox 599 2232 722 2266; x_wconf 78' lang='lat' dir='ltr'>abduci</span> <span class='ocrx_word' id='word_1_321' title='bbox 744 2233 787 2266; x_wconf 86' lang='lat' dir='ltr'>ad</span> <span class='ocrx_word' id='word_1_322' title='bbox 811 2245 849 2266; x_wconf 85' lang='lat' dir='ltr'>se</span> <span class='ocrx_word' id='word_1_323' title='bbox 870 2234 1008 2267; x_wconf 81' lang='lat' dir='ltr'>mandat</span> <span class='ocrx_word' id='word_1_324' title='bbox 1029 2246 1050 2267; x_wconf 89' lang='lat' dir='ltr'>e</span> <span class='ocrx_word' id='word_1_325' title='bbox 1073 2245 1211 2268; x_wconf 86' lang='lat' dir='ltr'>carcere</span> <span class='ocrx_word' id='word_1_326' title='bbox 1232 2235 1402 2276; x_wconf 84' lang='lat' dir='ltr'>Ioannem,</span> <span class='ocrx_word' id='word_1_327' title='bbox 1425 2240 1462 2268; x_wconf 86' lang='lat' dir='ltr'>et</span> <span class='ocrx_word' id='word_1_328' title='bbox 1484 2245 1590 2279; x_wconf 81' lang='lat' dir='ltr'>prope</span> 
     </span>
     <span class='ocr_line' id='line_1_35' title="bbox 136 2275 1589 2320; baseline 0.003 -12"><span class='ocrx_word' id='word_1_329' title='bbox 136 2275 295 2320; x_wconf 81' lang='lat' dir='ltr'>palatium</span> <span class='ocrx_word' id='word_1_330' title='bbox 320 2276 577 2311; x_wconf 77' lang='lat' dir='ltr'>Blachernarum</span> <span class='ocrx_word' id='word_1_331' title='bbox 601 2278 636 2312; x_wconf 91' lang='lat' dir='ltr'>in</span> <span class='ocrx_word' id='word_1_332' title='bbox 659 2279 765 2311; x_wconf 89' lang='lat' dir='ltr'>veteri</span> <span class='ocrx_word' id='word_1_333' title='bbox 788 2279 1043 2313; x_wconf 83' lang='lat' dir='ltr'>armamentario</span> <span class='ocrx_word' id='word_1_334' title='bbox 1074 2280 1216 2314; x_wconf 81' lang='lat' dir='ltr'>collocat</span> <span class='ocrx_word' id='word_1_335' title='bbox 1237 2280 1272 2313; x_wconf 73' lang='lat' dir='ltr'>in</span> <span class='ocrx_word' id='word_1_336' title='bbox 1291 2281 1399 2314; x_wconf 79' lang='lat' dir='ltr'>libera</span> <span class='ocrx_word' id='word_1_337' title='bbox 1421 2279 1589 2320; x_wconf 74' lang='lat' dir='ltr'>custodia,</span> 
     </span>
     <span class='ocr_line' id='line_1_36' title="bbox 136 2321 1588 2371; baseline 0.003 -17"><span class='ocrx_word' id='word_1_338' title='bbox 136 2321 336 2365; x_wconf 82' lang='lat' dir='ltr'>permittens</span> <span class='ocrx_word' id='word_1_339' title='bbox 356 2322 407 2356; x_wconf 90' lang='lat' dir='ltr'>illi</span> <span class='ocrx_word' id='word_1_340' title='bbox 432 2334 506 2356; x_wconf 88' lang='lat' dir='ltr'>cum</span> <span class='ocrx_word' id='word_1_341' title='bbox 528 2323 599 2357; x_wconf 85' lang='lat' dir='ltr'>suis</span> <span class='ocrx_word' id='word_1_342' title='bbox 622 2324 739 2357; x_wconf 87' lang='lat' dir='ltr'>amicis</span> <span class='ocrx_word' id='word_1_343' title='bbox 771 2328 806 2357; x_wconf 90' lang='lat' dir='ltr'>et</span> <span class='ocrx_word' id='word_1_344' title='bbox 834 2324 1054 2359; x_wconf 71' lang='lat' dir='ltr'>familiaribus</span> <span class='ocrx_word' id='word_1_345' title='bbox 1087 2337 1300 2370; x_wconf 77' lang='lat' dir='ltr'>congressum</span> <span class='ocrx_word' id='word_1_346' title='bbox 1322 2326 1588 2371; x_wconf 81' lang='lat' dir='ltr'>colloquiumque</span> 
     </span>
     <span class='ocr_line' id='line_1_37' title="bbox 135 2369 1587 2415; baseline 0.002 -15"><span class='ocrx_word' id='word_1_347' title='bbox 135 2377 236 2410; x_wconf 84' lang='lat' dir='ltr'>quam</span> <span class='ocrx_word' id='word_1_348' title='bbox 258 2369 412 2402; x_wconf 89' lang='lat' dir='ltr'>crebrum</span> <span class='ocrx_word' id='word_1_349' title='bbox 444 2374 480 2402; x_wconf 88' lang='lat' dir='ltr'>et</span> <span class='ocrx_word' id='word_1_350' title='bbox 512 2370 677 2414; x_wconf 84' lang='lat' dir='ltr'>prolixum</span> <span class='ocrx_word' id='word_1_351' title='bbox 709 2369 822 2403; x_wconf 81' lang='lat' dir='ltr'>vellet.</span> <span class='ocrx_word' id='word_1_352' title='bbox 866 2370 994 2404; x_wconf 85' lang='lat' dir='ltr'>habens</span> <span class='ocrx_word' id='word_1_353' title='bbox 1013 2376 1123 2404; x_wconf 81' lang='lat' dir='ltr'>autem</span> <span class='ocrx_word' id='word_1_354' title='bbox 1147 2373 1319 2415; x_wconf 77' lang='lat' dir='ltr'>Augustus</span> <span class='ocrx_word' id='word_1_355' title='bbox 1340 2372 1375 2406; x_wconf 84' lang='lat' dir='ltr'>in</span> <span class='ocrx_word' id='word_1_356' title='bbox 1397 2371 1508 2406; x_wconf 80' lang='lat' dir='ltr'>animo</span> <span class='ocrx_word' id='word_1_357' title='bbox 1531 2382 1587 2404; x_wconf 82' lang='lat' dir='ltr'>re·</span> 
     </span>
     <span class='ocr_line' id='line_1_38' title="bbox 136 2412 1587 2461; baseline 0.003 -16"><span class='ocrx_word' id='word_1_358' title='bbox 136 2413 260 2446; x_wconf 89' lang='lat' dir='ltr'>ducere</span> <span class='ocrx_word' id='word_1_359' title='bbox 282 2412 318 2446; x_wconf 87' lang='lat' dir='ltr'>in</span> <span class='ocrx_word' id='word_1_360' title='bbox 341 2425 535 2448; x_wconf 88' lang='lat' dir='ltr'>consensum</span> <span class='ocrx_word' id='word_1_361' title='bbox 559 2416 675 2448; x_wconf 83' lang='lat' dir='ltr'>ambas</span> <span class='ocrx_word' id='word_1_362' title='bbox 697 2415 791 2460; x_wconf 84' lang='lat' dir='ltr'>prius</span> <span class='ocrx_word' id='word_1_363' title='bbox 814 2415 979 2450; x_wconf 81' lang='lat' dir='ltr'>sactiones</span> <span class='ocrx_word' id='word_1_364' title='bbox 999 2416 1206 2452; x_wconf 81' lang='lat' dir='ltr'>Arseuianae</span> <span class='ocrx_word' id='word_1_365' title='bbox 1224 2423 1363 2461; x_wconf 82' lang='lat' dir='ltr'>sectae,</span> <span class='ocrx_word' id='word_1_366' title='bbox 1385 2428 1426 2452; x_wconf 80' lang='lat' dir='ltr'>ac</span> <span class='ocrx_word' id='word_1_367' title='bbox 1448 2422 1518 2450; x_wconf 89' lang='lat' dir='ltr'>tum</span> <span class='ocrx_word' id='word_1_368' title='bbox 1542 2416 1587 2450; x_wconf 84' lang='lat' dir='ltr'>ab</span> 
     </span>
     <span class='ocr_line' id='line_1_39' title="bbox 135 2457 1621 2508; baseline 0.003 -18"><span class='ocrx_word' id='word_1_369' title='bbox 135 2457 181 2490; x_wconf 84' lang='lat' dir='ltr'>iis</span> <span class='ocrx_word' id='word_1_370' title='bbox 203 2469 265 2491; x_wconf 84' lang='lat' dir='ltr'>sua</span> <span class='ocrx_word' id='word_1_371' title='bbox 287 2469 393 2502; x_wconf 82' lang='lat' dir='ltr'>opera</span> <span class='ocrx_word' id='word_1_372' title='bbox 416 2460 600 2494; x_wconf 85' lang='lat' dir='ltr'>conciliatis</span> <span class='ocrx_word' id='word_1_373' title='bbox 622 2461 804 2505; x_wconf 85' lang='lat' dir='ltr'>impetrare</span> <span class='ocrx_word' id='word_1_374' title='bbox 832 2466 872 2494; x_wconf 85' lang='lat' dir='ltr'>ut</span> <span class='ocrx_word' id='word_1_375' title='bbox 895 2461 983 2495; x_wconf 87' lang='lat' dir='ltr'>bona</span> <span class='ocrx_word' id='word_1_376' title='bbox 1003 2462 1074 2496; x_wconf 90' lang='lat' dir='ltr'>fide</span> <span class='ocrx_word' id='word_1_377' title='bbox 1094 2462 1183 2497; x_wconf 88' lang='lat' dir='ltr'>inire</span> <span class='ocrx_word' id='word_1_378' title='bbox 1204 2464 1368 2498; x_wconf 86' lang='lat' dir='ltr'>rationem</span> <span class='ocrx_word' id='word_1_379' title='bbox 1394 2463 1489 2508; x_wconf 84' lang='lat' dir='ltr'>pacis</span> <span class='ocrx_word' id='word_1_380' title='bbox 1511 2473 1587 2495; x_wconf 87' lang='lat' dir='ltr'>cum</span> <span class='ocrx_word' id='word_1_381' title='bbox 1616 2475 1621 2479; x_wconf 61' lang='grc'><strong><em>’</em></strong></span> 
     </span>
     <span class='ocr_line' id='line_1_40' title="bbox 135 2503 1586 2554; baseline 0.003 -19"><span class='ocrx_word' id='word_1_382' title='bbox 135 2503 280 2536; x_wconf 87' lang='lat' dir='ltr'>ecclesia</span> <span class='ocrx_word' id='word_1_383' title='bbox 302 2505 487 2540; x_wconf 75' lang='lat' dir='ltr'>limandae</span> <span class='ocrx_word' id='word_1_384' title='bbox 510 2508 655 2548; x_wconf 82' lang='lat' dir='ltr'>vellent,</span> <span class='ocrx_word' id='word_1_385' title='bbox 679 2511 758 2549; x_wconf 80' lang='lat' dir='ltr'>ante</span> <span class='ocrx_word' id='word_1_386' title='bbox 777 2507 888 2540; x_wconf 87' lang='lat' dir='ltr'>omnia</span> <span class='ocrx_word' id='word_1_387' title='bbox 910 2507 1165 2543; x_wconf 75' lang='lat' dir='ltr'>velitationibus</span> <span class='ocrx_word' id='word_1_388' title='bbox 1185 2509 1281 2554; x_wconf 79' lang='lat' dir='ltr'>quasi</span> <span class='ocrx_word' id='word_1_389' title='bbox 1302 2508 1500 2554; x_wconf 78' lang='lat' dir='ltr'>quibusdam</span> <span class='ocrx_word' id='word_1_390' title='bbox 1524 2518 1586 2540; x_wconf 87' lang='lat' dir='ltr'>ex-</span> 
     </span>
     <span class='ocr_line' id='line_1_41' title="bbox 135 2548 1647 2600; baseline 0.004 -20"><span class='ocrx_word' id='word_1_391' title='bbox 135 2548 271 2592; x_wconf 85' lang='lat' dir='ltr'>plorare</span> <span class='ocrx_word' id='word_1_392' title='bbox 303 2549 438 2585; x_wconf 87' lang='lat' dir='ltr'>Ioannis</span> <span class='ocrx_word' id='word_1_393' title='bbox 467 2551 611 2585; x_wconf 87' lang='lat' dir='ltr'>animum</span> <span class='ocrx_word' id='word_1_394' title='bbox 642 2552 808 2593; x_wconf 84' lang='lat' dir='ltr'>tentavit,</span> <span class='ocrx_word' id='word_1_395' title='bbox 839 2552 986 2595; x_wconf 85' lang='lat' dir='ltr'>allegato</span> <span class='ocrx_word' id='word_1_396' title='bbox 1015 2553 1116 2588; x_wconf 82' lang='lat' dir='ltr'>etiam</span> <span class='ocrx_word' id='word_1_397' title='bbox 1146 2554 1188 2588; x_wconf 86' lang='lat' dir='ltr'>ad</span> <span class='ocrx_word' id='word_1_398' title='bbox 1218 2555 1326 2600; x_wconf 86' lang='lat' dir='ltr'>ipsum</span> <span class='ocrx_word' id='word_1_399' title='bbox 1358 2555 1502 2600; x_wconf 87' lang='lat' dir='ltr'>quadam</span> <span class='ocrx_word' id='word_1_400' title='bbox 1531 2552 1587 2586; x_wconf 81' lang='lat' dir='ltr'>die</span> <span class='ocrx_word' id='word_1_401' title='bbox 1644 2580 1647 2582; x_wconf 15' lang='grc' dir='ltr'><em>μ</em></span> 
     </span>
     <span class='ocr_line' id='line_1_42' title="bbox 136 2593 1588 2644; baseline 0.005 -19"><span class='ocrx_word' id='word_1_402' title='bbox 136 2593 362 2629; x_wconf 79' lang='lat' dir='ltr'>Alexandrino</span> <span class='ocrx_word' id='word_1_403' title='bbox 384 2597 593 2638; x_wconf 75' lang='lat' dir='ltr'>Athanasio,</span> <span class='ocrx_word' id='word_1_404' title='bbox 625 2598 713 2643; x_wconf 88' lang='lat' dir='ltr'>quod</span> <span class='ocrx_word' id='word_1_405' title='bbox 745 2610 787 2632; x_wconf 86' lang='lat' dir='ltr'>ex</span> <span class='ocrx_word' id='word_1_406' title='bbox 819 2598 960 2643; x_wconf 82' lang='lat' dir='ltr'>quodam</span> <span class='ocrx_word' id='word_1_407' title='bbox 982 2599 1116 2634; x_wconf 81' lang='lat' dir='ltr'>Ioannis</span> <span class='ocrx_word' id='word_1_408' title='bbox 1145 2600 1188 2634; x_wconf 84' lang='lat' dir='ltr'>ad</span> <span class='ocrx_word' id='word_1_409' title='bbox 1220 2612 1259 2635; x_wconf 89' lang='lat' dir='ltr'>se</span> <span class='ocrx_word' id='word_1_410' title='bbox 1287 2601 1380 2635; x_wconf 87' lang='lat' dir='ltr'>dicto</span> <span class='ocrx_word' id='word_1_411' title='bbox 1402 2601 1588 2644; x_wconf 79' lang='lat' dir='ltr'>imperator</span> 
     </span>
     <span class='ocr_line' id='line_1_43' title="bbox 135 2637 1586 2690; baseline 0.004 -19"><span class='ocrx_word' id='word_1_412' title='bbox 135 2637 357 2674; x_wconf 82' lang='lat' dir='ltr'>intellexisset</span> <span class='ocrx_word' id='word_1_413' title='bbox 376 2653 518 2687; x_wconf 78' lang='lat' dir='ltr'>maguae</span> <span class='ocrx_word' id='word_1_414' title='bbox 538 2643 627 2678; x_wconf 84' lang='lat' dir='ltr'>hunc</span> <span class='ocrx_word' id='word_1_415' title='bbox 648 2644 692 2678; x_wconf 81' lang='lat' dir='ltr'>ab</span> <span class='ocrx_word' id='word_1_416' title='bbox 714 2643 792 2688; x_wconf 78' lang='lat' dir='ltr'>ipso</span> <span class='ocrx_word' id='word_1_417' title='bbox 814 2643 933 2677; x_wconf 86' lang='lat' dir='ltr'>baberi</span> <span class='ocrx_word' id='word_1_418' title='bbox 955 2645 1166 2680; x_wconf 76' lang='lat' dir='ltr'>auctoritatis</span> <span class='ocrx_word' id='word_1_419' title='bbox 1187 2646 1315 2688; x_wconf 87' lang='lat' dir='ltr'>virum,</span> <span class='ocrx_word' id='word_1_420' title='bbox 1339 2651 1376 2680; x_wconf 84' lang='lat' dir='ltr'>et</span> <span class='ocrx_word' id='word_1_421' title='bbox 1397 2657 1418 2679; x_wconf 84' lang='lat' dir='ltr'>a</span> <span class='ocrx_word' id='word_1_422' title='bbox 1441 2656 1508 2690; x_wconf 88' lang='lat' dir='ltr'>quo</span> <span class='ocrx_word' id='word_1_423' title='bbox 1531 2644 1586 2677; x_wconf 85' lang='lat' dir='ltr'>fa-</span> 
     </span>
     <span class='ocr_line' id='line_1_44' title="bbox 136 2683 1586 2736; baseline 0.008 -20"><span class='ocrx_word' id='word_1_424' title='bbox 136 2683 232 2717; x_wconf 86' lang='lat' dir='ltr'>cilius</span> <span class='ocrx_word' id='word_1_425' title='bbox 264 2696 364 2728; x_wconf 79' lang='lat' dir='ltr'>quam</span> <span class='ocrx_word' id='word_1_426' title='bbox 397 2687 462 2722; x_wconf 83' lang='lat' dir='ltr'>alio</span> <span class='ocrx_word' id='word_1_427' title='bbox 491 2689 611 2730; x_wconf 81' lang='lat' dir='ltr'>quovis</span> <span class='ocrx_word' id='word_1_428' title='bbox 640 2689 838 2734; x_wconf 83' lang='lat' dir='ltr'>persuaderi</span> <span class='ocrx_word' id='word_1_429' title='bbox 867 2689 932 2723; x_wconf 83' lang='lat' dir='ltr'>sibi</span> <span class='ocrx_word' id='word_1_430' title='bbox 962 2701 1032 2724; x_wconf 86' lang='lat' dir='ltr'>rem</span> <span class='ocrx_word' id='word_1_431' title='bbox 1054 2690 1151 2736; x_wconf 79' lang='lat' dir='ltr'>prius</span> <span class='ocrx_word' id='word_1_432' title='bbox 1172 2703 1238 2726; x_wconf 86' lang='lat' dir='ltr'>uon</span> <span class='ocrx_word' id='word_1_433' title='bbox 1260 2692 1422 2726; x_wconf 86' lang='lat' dir='ltr'>creditam</span> <span class='ocrx_word' id='word_1_434' title='bbox 1445 2690 1586 2724; x_wconf 72' lang='lat' dir='ltr'>sineret·</span> 
     </span>
     <span class='ocr_line' id='line_1_45' title="bbox 136 2729 1588 2778; baseline 0.004 -16"><span class='ocrx_word' id='word_1_435' title='bbox 136 2729 341 2765; x_wconf 77' lang='lat' dir='ltr'>Athanasius</span> <span class='ocrx_word' id='word_1_436' title='bbox 363 2744 445 2778; x_wconf 84' lang='lat' dir='ltr'>ergo</span> <span class='ocrx_word' id='word_1_437' title='bbox 468 2734 571 2768; x_wconf 83' lang='lat' dir='ltr'>missu</span> <span class='ocrx_word' id='word_1_438' title='bbox 593 2734 738 2778; x_wconf 84' lang='lat' dir='ltr'>Augusti</span> <span class='ocrx_word' id='word_1_439' title='bbox 758 2736 933 2778; x_wconf 77' lang='lat' dir='ltr'>profectus</span> <span class='ocrx_word' id='word_1_440' title='bbox 963 2735 1008 2770; x_wconf 76' lang='lat' dir='ltr'>ad</span> <span class='ocrx_word' id='word_1_441' title='bbox 1030 2735 1187 2771; x_wconf 87' lang='lat' dir='ltr'>Ioannem</span> <span class='ocrx_word' id='word_1_442' title='bbox 1216 2738 1326 2772; x_wconf 77' lang='lat' dir='ltr'>omnia</span> <span class='ocrx_word' id='word_1_443' title='bbox 1348 2746 1588 2771; x_wconf 83' lang='lat' dir='ltr'>commemora-</span> 
     </span>
    </p>
   </div>
   <div class='ocr_carea' id='block_1_5' title="bbox 137 2773 1586 2828">
    <p class='ocr_par' dir='ltr' id='par_1_5' title="bbox 137 2773 1586 2828">
     <span class='ocr_line' id='line_1_46' title="bbox 137 2773 1586 2828; baseline 0.005 -20"><span class='ocrx_word' id='word_1_444' title='bbox 137 2773 190 2808; x_wconf 81' lang='lat' dir='ltr'>vit</span> <span class='ocrx_word' id='word_1_445' title='bbox 218 2785 308 2821; x_wconf 73' lang='lat' dir='ltr'>quae</span> <span class='ocrx_word' id='word_1_446' title='bbox 337 2781 421 2824; x_wconf 79' lang='lat' dir='ltr'>apta</span> <span class='ocrx_word' id='word_1_447' title='bbox 450 2778 586 2824; x_wconf 77' lang='lat' dir='ltr'>putavit</span> <span class='ocrx_word' id='word_1_448' title='bbox 615 2779 650 2813; x_wconf 87' lang='lat' dir='ltr'>ei</span> <span class='ocrx_word' id='word_1_449' title='bbox 678 2779 875 2814; x_wconf 86' lang='lat' dir='ltr'>adducendo</span> <span class='ocrx_word' id='word_1_450' title='bbox 904 2780 947 2815; x_wconf 82' lang='lat' dir='ltr'>ad</span> <span class='ocrx_word' id='word_1_451' title='bbox 975 2781 1268 2828; x_wconf 81' lang='lat' dir='ltr'>redintegrandam</span> <span class='ocrx_word' id='word_1_452' title='bbox 1299 2795 1373 2818; x_wconf 88' lang='lat' dir='ltr'>cum</span> <span class='ocrx_word' id='word_1_453' title='bbox 1400 2780 1586 2827; x_wconf 80' lang='lat' dir='ltr'>Hyacinthi</span> 
     </span>
    </p>
   </div>
  </div>
 </body>
</html>
