1858 3126
590 158 694 203 un.
721 159 754 205 1.
822 158 1182 208 GLOSSARIUM.
1499 158 1597 204 657

164 265 399 318 ἀναπαύλας
424 271 505 317 τοῖς
527 268 603 310 εἴτε
629 267 817 310 ἱππεῦσιν
845 267 922 310 εἴτε
946 264 1224 320 πεζοδρόμοις,
1253 264 1303 316 ἃς
1329 265 1398 308 καὶ
1428 264 1597 321 ἀλλαγεὶς

249 321 294 367 ἂν
312 340 426 373 τινες.
481 324 523 362 in
553 338 668 376 quam
693 323 923 362 sententiam
953 324 1032 361 duo
1051 324 1240 363 Meursius
1258 323 1479 362 testimonia
1501 324 1596 364 alle-

162 387 242 432 gat,
271 381 435 419 alterum
455 380 650 419 Basilicon
670 380 805 430 Eclog.
824 380 878 422 58
900 374 972 420 ἐάν
992 394 1050 428 τις
1071 376 1272 433 παρελᾶσῃ
1296 380 1391 430 μίαν
1411 382 1511 432 γοῦν
1525 377 1594 420 ἆλ-

162 432 313 490 λαγῆν,
348 433 394 476 τὸ
419 432 697 488 τετραπλάσιον
721 438 793 487 τῆς
817 436 890 475 τοῦ
923 430 1022 482 ζόου
1048 438 1165 487 τιμῆς
1191 432 1351 484 διδότω,
1380 436 1546 474 alterum
1572 448 1595 475 e

163 492 302 543 glossis
321 491 534 542 veteribus,
551 488 727 543 σταθμός
739 493 838 540 ἴσον
850 487 1040 542 δρομικὸν
1053 492 1175 539 (sorte
1194 491 1400 542 legendum
1416 488 1596 543 σταθμδς

163 544 275 596 ζώων
295 548 512 599 δρομικτὸν)
534 544 581 595 ὃς
603 546 751 601 λέγεται
771 549 847 587 νῦν
866 543 1030 599 α’λλαγή.
1084 559 1220 585 verum
1241 546 1341 584 nihil
1361 546 1456 585 hine
1476 547 1593 586 elicio

163 603 271 654 quod
291 603 543 641 declarationi
568 602 735 642 duorum
759 615 857 653 quae
885 601 1074 654 proposui
1090 602 1268 640 locorum
1286 602 1470 641 sufficiat.
1523 615 1591 641 re-

147 658 272 710 perio
296 653 466 710 α’λλαγοὶς
488 664 683 710 praeterea
706 664 831 696 vestes
854 657 934 696 dici
961 657 1238 710 speciosiores‚
1265 663 1426 696 ornatus
1457 658 1590 709 potius

159 713 203 751 in
221 714 320 752 sesto
347 720 417 752 aut
442 728 587 766 pompa
609 727 724 766 quam
742 713 981 752 necessitatis
1004 719 1074 752 aut
1090 727 1183 752 usus
1201 713 1328 751 civilis
1347 713 1471 764 gratia
1485 713 1589 751 sumi

158 767 307 810 solitas.
363 770 535 808 Codinus
557 770 628 812 lib.
650 769 699 808 de
717 768 832 808 Offic.
854 781 888 808 c.
908 771 959 812 10
984 782 1024 809 n.
1045 771 1093 810 7:
1132 769 1263 810 ἔπειτα
1289 767 1311 811 ὅ
1336 767 1590 820 πατριάρχης,

159 827 308 877 μᾶλλον
330 822 374 865 δὲ
393 825 435 865 οἱ
451 822 682 878 πατριάρχαι
701 824 738 864 εἰ
758 821 949 876 παρόντες
970 824 1094 873 εἰσίν,
1115 823 1364 876 ἐνδεδυμένοι
1382 823 1453 873 τοὶς
1471 821 1589 864 α’λλα-

157 877 231 932 yde
256 876 403 920 αὐτῶν.
457 880 537 931 agit
561 881 610 918 de
637 893 781 932 pompa
802 880 879 918 diei
896 879 1127 920 Palmarum.
1182 886 1308 918 vestes
1333 893 1491 947 quoque
1513 880 1588 918 im-

156 935 330 987 peratori
346 935 479 974 eadem
497 936 742 974 solemnitate
756 935 916 974 usitatas
935 949 974 976 n.
992 939 1018 977 3
1039 942 1247 975 vocaverat
1261 933 1499 988 α’λλαγματα,
1525 935 1587 973 nti

157 996 199 1030 et
226 1004 266 1032 n.
292 989 320 1031 4
345 991 572 1030 vestimenta
597 993 677 1031 τῶν
706 987 902 1043 ἆρχόντων
927 991 1152 1043 principum
1184 997 1252 1030 aut
1285 991 1586 1043 praecipuorum

155 1046 471 1096 magistratuum,
499 1059 685 1099 apparere
709 1046 919 1085 cerimonia
940 1047 1009 1085 tali
1029 1046 1235 1099 splendido
1247 1046 1385 1085 habitu
1407 1060 1456 1085 ex
1474 1059 1585 1085 more

156 1101 402 1151 debentium,
433 1098 656 1155 ἆλλάγματα
676 1103 822 1154 pariter
843 1103 1008 1141 dixerat.
1062 1102 1221 1141 videtur
1249 1101 1345 1140 haec
1371 1101 1583 1154 appellatio

155 1156 332 1196 derivata
350 1170 372 1195 e
392 1158 512 1196 sacris
529 1158 674 1206 literis,
701 1158 770 1196 ubi
789 1158 1018 1197 vestimenta
1038 1158 1226 1208 quaedam
1244 1157 1454 1207 insigniora
1470 1170 1584 1195 com-

154 1219 290 1264 parata
307 1212 434 1264 potius
453 1213 502 1252 ad
521 1214 687 1266 speciem
705 1227 818 1265 quam
835 1213 886 1252 ad
903 1215 1102 1264 vulgarem
1122 1227 1237 1251 usum
1257 1208 1392 1252 nis⁸¹m
1415 1227 1438 1251 a
1462 1212 1585 1252 verbo

154 1263 233 1315 ι’ὧι-ι
260 1275 415 1305 mutare
443 1269 630 1307 dicuntur
661 1269 727 1307 IV.
746 1270 837 1320 neg.
856 1282 898 1309 v.
917 1272 943 1310 5
972 1275 1010 1307 et
1037 1272 1102 1310 22.
1141 1269 1262 1307 Isaiae
1285 1281 1380 1306 vero
1408 1270 1437 1311 8
1465 1271 1519 1310 22
1546 1273 1587 1306 et

155 1322 362 1360 Zachariae
382 1324 472 1361 item
492 1328 517 1366 3
547 1325 574 1366 4
596 1330 792 1362 vocantur
811 1319 976 1372 nut'vnz,
1006 1324 1054 1362 ad
1071 1337 1172 1374 quae
1193 1323 1322 1362 omnia
1339 1323 1429 1362 loca
1445 1322 1584 1362 Hiero-

153 1389 295 1429 nymus
316 1381 539 1416 mutatoria
558 1380 848 1431 interpretatur.
906 1380 1057 1417 duobus
1074 1393 1168 1418 vero
1185 1378 1384 1432 prioribus
1401 1378 1498 1417 locis
1517 1392 1583 1416 ae-

152 1433 358 1485 ptuaginta
377 1434 547 1472 seniores
567 1430 856 1486 ἆλλασσομένας
875 1433 1014 1482 στολάς
1040 1448 1115 1486 pro
1133 1430 1268 1474 nimbi-1
1285 1434 1477 1473 reddunt:
1505 1435 1583 1472 Ge-

151 1489 258 1527 nesis
278 1502 373 1528 vero
400 1488 455 1531 45
485 1493 541 1533 22
563 1490 631 1539 (de
648 1503 727 1541 quo
744 1491 833 1528 loco
855 1504 949 1528 mox
966 1491 1136 1540 agemus)
1161 1485 1469 1538 ἐξαλλασσούσας
1496 1501 1582 1530 oto·

150 1540 237 1592 λα’ς.
286 1543 384 1583 haec
408 1558 481 1583 nos
503 1551 665 1584 movent
686 1552 732 1584 ut
750 1546 863 1584 initio
885 1546 1099 1598 propositis
1122 1545 1301 1584 historici
1327 1544 1456 1583 nostri
1482 1545 1583 1583 locis

149 1611 315 1638 munem
330 1600 586 1652 pretiosarum
605 1601 772 1640 vestium
793 1602 841 1639 ab
859 1601 1089 1640 Andronico
1110 1600 1348 1640 honorandis
1364 1600 1584 1652 hospitibus

149 1654 327 1707 impensa
342 1655 422 1694 dici
441 1652 610 1709 ἆλλαγάς
629 1659 822 1708 putemus.
876 1671 967 1696 sane
983 1658 1234 1709 perantiquus
1253 1670 1338 1695 mos
1355 1656 1582 1708 principum

152 1723 265 1749 caros
289 1711 457 1749 advenas
495 1712 679 1750 donativo
716 1713 1009 1764 splendidarum
1036 1714 1201 1752 vestium
1230 1710 1475 1756 demerendi,
1500 1711 1582 1748 iam

147 1765 244 1805 inde
269 1779 294 1803 a
320 1766 474 1818 Iosephi
499 1767 676 1819 Aegypto
702 1769 913 1820 praepositi
940 1769 1182 1820 temporibus
1208 1774 1267 1806 est
1289 1767 1448 1804 celeber.
1512 1765 1583 1803 ille

150 1820 298 1871 quippe
315 1822 403 1861 loco
420 1822 537 1860 modo
557 1830 770 1862 memorato
793 1825 930 1865 Genea.
949 1824 1004 1867 45
1026 1827 1101 1872 22,
1131 1824 1222 1861 dum
1238 1835 1278 1860 ⁸8
1295 1819 1581 1872 agnoscendum

148 1875 339 1914 fratribus
359 1877 551 1927 praebuit,
572 1880 749 1929 singulis
769 1894 904 1917 eorum
922 1877 1059 1932 (verba
1073 1885 1166 1916 sunt
1186 1879 1224 1916 S.
1241 1874 1471 1926 Hieronymi
1486 1875 1581 1913 vul-

149 1935 260 1979 gatae
277 1932 462 1980 auctoris)
475 1933 647 1982 proferri
676 1936 796 1971 iussit
813 1935 929 1971 binas
945 1935 1085 1971 stolas.
1139 1933 1353 1970 Beniamin
1377 1943 1466 1969 vero
1485 1928 1581 1982 (uti-

151 1997 229 2034 que
244 1997 426 2034 germano
442 1998 536 2036 prae
555 1988 714 2026 caeteris
730 1989 889 2037 dilecto)
919 1988 1028 2025 dedit
1055 1995 1240 2025 trecentos
1266 1992 1469 2037 argenteos
1486 1998 1580 2023 cuns

150 2041 329 2090 quinque
354 2041 470 2077 stolis
502 2043 672 2091 optimis.
736 2043 778 2080 in
802 2042 963 2081 historia
994 2056 1147 2093 quoque
1179 2043 1351 2091 Augusta
1382 2041 1578 2080 Romanos

147 2095 403 2146 imperatores
418 2097 614 2134 munerari
631 2097 766 2136 solitos
784 2098 965 2149 pretiosis
985 2097 1157 2135 vestibus
1175 2109 1272 2148 quos
1289 2096 1435 2134 vellent
1450 2095 1579 2134 hono-

147 2163 248 2199 rare,
276 2150 325 2188 de
340 2151 562 2190 Alexandro
580 2152 722 2191 Severo
743 2153 911 2191 refertur
926 2167 948 2190 a
970 2153 1188 2203 Lampridio
1199 2181 1211 2201 ,
1241 2152 1288 2189 de
1304 2151 1430 2192 Probo
1447 2165 1469 2188 a
1485 2152 1577 2191 Fla-

145 2205 216 2244 vio
241 2204 427 2257 Vopisco.
499 2219 614 2258 quem
652 2208 747 2246 olim
780 2221 928 2247 morem
957 2207 1000 2244 in
1032 2208 1118 2245 aula
1153 2207 1577 2258 constantinopolitana

148 2260 409 2300 Orientalium
432 2262 639 2300 Caesarum
662 2263 855 2313 viguisse,
884 2268 1154 2314 praeterquam
1172 2262 1216 2300 hi
1231 2262 1480 2313 *Pachymeris
1495 2263 1576 2301 loci

145 2315 347 2366 indicant,
377 2317 492 2355 etiam
520 2323 650 2369 potest
679 2319 846 2369 intelligi
870 2331 919 2356 ex
953 2318 1231 2357 consuetudine
1257 2318 1466 2356 Turcarum
1491 2317 1575 2358 illic

144 2369 265 2410 hodie
284 2373 552 2422 regnantium5
582 2386 679 2424 quos
698 2375 741 2412 in
763 2373 1056 2411 admissionibus
1075 2374 1288 2423 legatorum
1313 2373 1574 2424 insigniumve

145 2438 399 2476 personarum
416 2428 612 2467 donativis
632 2429 774 2468 talibus
793 2436 1017 2477 vestorum,
1045 2434 1087 2466 ut
1106 2429 1225 2478 vulgo
1244 2435 1400 2478 vocant,
1426 2428 1573 2480 passim

144 2481 208 2518 uti
236 2490 479 2534 compertum
508 2489 578 2524 est.
632 2491 672 2522 et
702 2485 896 2524 Andream
922 2484 1041 2535 igitur
1069 2490 1108 2522 et
1127 2484 1401 2536 Mpyrigerium
1420 2483 1573 2534 Pachy-

144 2547 293 2586 meres,
324 2537 416 2576 dum
438 2534 690 2592 a'tzoeyoetgab
710 2540 934 2579 Andronico
961 2539 1173 2578 honoratos
1199 2539 1355 2589 scribit,
1383 2539 1573 2590 significat

143 2589 260 2631 donis
283 2594 543 2643 pretiosarum
563 2602 602 2634 et
622 2596 881 2648 speciosarum
900 2595 1063 2634 vestium
1083 2607 1161 2633 non
1177 2595 1292 2633 semel
1310 2595 1448 2633 cultos.
1474 2593 1572 2632 haec

145 2642 334 2686 hactenus
356 2649 607 2701 scripseram,
637 2651 794 2702 quando
817 2652 920 2690 sorte
943 2651 985 2687 in
1006 2650 1138 2687 locum
1164 2649 1285 2688 incidi
1309 2647 1572 2702 paraphrastis

145 2697 324 2738 Vaticani
344 2717 422 2754 quo
444 2704 663 2744 declaratur
680 2707 807 2759 ipsum
826 2707 870 2744 in
894 2706 1026 2744 eadem
1046 2718 1197 2744 mecum
1220 2705 1269 2744 de
1284 2710 1475 2757 potestate
1495 2716 1572 2742 vo-

146 2753 202 2791 cis
227 2750 375 2809 duay-ri
405 2761 595 2798 sententia
615 2761 758 2811 fuisse,
796 2761 991 2813 siquidem
1021 2761 1056 2800 is
1083 2761 1152 2800 illa
1178 2760 1297 2802 verba
1325 2758 1572 2811 Pachymeris

199 2813 370 2860 Georgius
398 2818 619 2864 Paehymeres
647 2821 695 2854 11.
1035 2818 1037 2820 ’
1248 2814 1302 2855 42
