1774 3120
225 183 290 229 22
646 179 881 226 GEORGII
916 178 1268 224 PACHYMERIS

178 309 207 344 B
229 296 333 354 πρὸς
359 294 560 351 βασιλέως
587 296 796 349 ξυνῆλθον
823 297 883 352 τῷ
909 290 1027 352 πάντα
1060 295 1357 349 λειτουργοῦντι
1393 290 1466 336 καί
1497 307 1543 348 γε
1575 290 1693 349 συνί-

225 382 401 418 σταντο,
437 365 595 418 ἐπείπερ
619 365 686 405 καὶ
718 363 903 404 ἐνταῦθα
926 362 966 405 οἳ
990 362 1097 418 ἀμφὶ
1125 362 1198 420 τὸν
1227 357 1482 418 Παράστρον
1498 359 1691 416 Ἰωάννην

226 434 409 491 φρέριοι,
447 434 513 474 καὶ
543 431 661 474 αὐτοὶ
687 431 791 486 πρὸς
823 434 897 474 τοῦ
928 428 1046 473 πάντα
1076 430 1182 472 κατὰ
1214 431 1431 486 πρεσβείαν
1463 430 1694 482 σταλέντες,

226 500 359 551 οὕτως
381 500 580 558 ἔπραττον
603 503 930 556 λειτουργοῦντος
949 497 1040 542 τότε
1061 503 1135 541 τοῦ
1152 496 1407 554 πατριάρχου
1421 495 1588 555 Ἰωσήφ,
1624 497 1698 540 καί

226 570 270 626 γ’
296 569 462 612 ἀνεκτὸν
475 565 601 611 ἐδόκει
621 569 687 611 καὶ
708 568 836 623 μηδὲν
852 566 943 622 ἕχον
963 565 1182 624 πρόκριμα,
1218 566 1311 609 ἀλλ’
1338 565 1449 620 ὅμως
1465 567 1531 608 ἐπὶ
1550 562 1728 612 ‘racab—6

229 654 321 688 ταις
347 638 496 687 αἰτίαις
523 634 578 686 ὥς
601 641 814 692 παραβᾶσι
842 635 894 679 τὰ
911 635 1082 692 μέγιστα
1100 636 1255 678 τέλειαν
1275 635 1423 691 ἐπῆγον
1437 634 1697 692 καθαίρεσιν.

179 712 210 748 A
371 706 419 751 7.
487 702 592 748 Εἶτα
616 705 746 760 μηνὸς
766 703 1123 759 Ἑκατομβαιῶνος
1148 705 1333 759 πέμπτης
1352 703 1432 758 ὀψὲ
1455 702 1605 754 ἱκανῶς
1621 702 1696 746 τὸν

232 773 333 818 ναὸν
363 774 688 830 καθαγνίσαντες
718 771 881 832 (ἤπειγε
910 772 988 829 γὰρ
1016 771 1042 827 ἦ
1070 777 1154 815 τῶν
1181 773 1437 829 θεοφανείων
1464 769 1611 830 ἑορτὴ)
1641 772 1699 821 εἲς

231 843 446 887 κοινωνίαν
467 846 540 884 τοῦ
560 840 734 896 ψάλλειν
754 841 852 891 τοὺς
867 845 942 896 τῆς
959 842 1174 894 ἐκκλησίας
1193 836 1579 896 παραλαμβάνουσι.
1628 840 1699 882 καὶ

233 910 285 965 δὴ
315 910 591 954 τελεσθέντων
619 914 702 953 τῶν
730 908 891 963 ὕμνων,
942 911 1024 952 ἐπεὶ
1051 910 1128 952 ἔδει
1164 911 1231 952 καὶ
1248 909 1324 965 τὴν
1339 912 1416 952 τοῦ
1443 902 1697 965 ἆγιᾶσματος
1708 917 1753 953 10

231 980 419 1035 γίνεσθαι
451 975 637 1032 τελετήν,
672 979 935 1034 συνέρχονται
959 979 1035 1032 μὲν
1063 977 1170 1034 ἀμφὶ
1196 977 1271 1032 τὴν
1290 975 1441 1035 φιάλην
1460 980 1534 1032 τῆς
1554 977 1699 1031 ἔκκληψ-

233 1047 328 1096 σίας
347 1045 433 1100 ἅμα
452 1047 525 1100 μὲν
544 1047 683 1089 ἐκεῖνοι
704 1046 790 1100 ἅμα
814 1047 858 1089 δὲ
878 1048 1058 1103 κληρικοὶ
1082 1045 1170 1100 ἅμα
1196 1047 1241 1089 δὲ
1258 1047 1325 1088 καὶ
1344 1043 1465 1099 λαός,
1502 1043 1592 1088 ὅσοι
1613 1049 1697 1088 τῶν

234 1118 425 1170 Γραικῶν
453 1116 519 1158 καὶ
552 1113 640 1158 ὅσοι
665 1119 747 1158 τῶν
770 1115 958 1168 Ἰταλῶν,
1005 1118 1229 1170 προϊστῶσι
1257 1115 1302 1157 δὲ
1334 1114 1406 1157 τὸν
1432 1113 1589 1170 τυφλὸν
1609 1116 1651 1156 Γ
1647 1130 1700 1155 α·-

178 1193 208 1227 B
235 1184 439 1227 λακτίωνα
470 1186 544 1238 τῆς
570 1187 733 1239 τελετῆς
761 1182 958 1239 ἔξαρχον,
993 1185 1060 1225 καὶ
1085 1181 1163 1226 ὑπὸ
1197 1186 1337 1241 πολλῷ
1358 1183 1426 1224 καὶ
1453 1183 1626 1236 δαψιλεῖ
1638 1184 1699 1240 τῷ

237 1252 371 1308 φωτί,
409 1251 619 1295 δοθέντων
638 1256 773 1308 κηρῶν
792 1254 858 1294 καὶ
880 1251 1021 1301 αὐτοῖς
1035 1251 1245 1302 Ἰταλοῖς,
1272 1250 1325 1294 τὰ
1346 1255 1422 1306 τῆς
1443 1247 1588 1306 ἑορτῆς
1612 1250 1754 1293 {te-16

236 1323 400 1362 λοῦντο.
471 1321 538 1362 καὶ
567 1320 606 1362 οἱ
632 1321 707 1374 μὲν
736 1324 891 1374 ταῦτα,
929 1324 1004 1363 τοῦ
1031 1319 1255 1374 βασιλέως,
1291 1317 1348 1369 ὥς
1374 1319 1513 1376 σφίσιν
1538 1317 1697 1374 ἤρεσκε,

235 1385 376 1431 πάνθ’
402 1385 592 1444 ὖφιέντος
621 1386 826 1445 πράττειν.
896 1386 952 1439 ὥς
981 1387 1032 1431 ἂν
1059 1392 1158 1444 γοῦν
1184 1386 1312 1442 μόνον
1336 1387 1388 1430 τὰ
1408 1391 1484 1443 τῆς
1503 1390 1703 1442 χθεσινῆς

239 1457 471 1512 καταιγίδος
501 1461 866 1511 καταστορεσθεῒεν
876 1490 889 1509 ,
928 1451 977 1512 ἧς
1005 1455 1127 1513 χάριν
1147 1458 1272 1511 δῆλος
1292 1451 1343 1512 ἦν
1361 1462 1448 1506 τοῖς
1467 1454 1578 1512 ἄμφ’
1600 1455 1704 1498 ἐκεῖ·-

187 1540 219 1575 c
242 1541 312 1567 νον
343 1531 503 1574 πιστοῖς
537 1525 605 1566 καὶ
634 1523 832 1582 πρότερον
858 1523 1111 1578 ὀδυνώμενος
1119 1558 1133 1578 ,
1181 1529 1240 1583 τῷ
1266 1525 1390 1581 πατρὶ
1424 1522 1639 1580 συνάρχων
1657 1539 1702 1566 τε

241 1594 311 1637 καὶ
335 1590 635 1647 συμπράττων,
682 1595 716 1635 εἷ
743 1595 810 1635 καὶ
840 1594 947 1650 μηδ’
983 1593 1088 1644 ὅλως
1117 1593 1359 1647 ἀντιβαίνειν
1378 1591 1481 1647 εἶχε,
1517 1598 1609 1642 ταῖς
1626 1595 1757 1638 ‘cotim

242 1665 386 1718 καιροῦ
403 1661 635 1711 δυσκολίαις
656 1659 889 1717 ἀγχόμενος.
960 1662 999 1707 οἱ
1015 1663 1089 1716 μὲν
1108 1657 1180 1705 οὗν
1198 1660 1329 1711 οὕτως
1350 1656 1704 1719 συμπαραλαβόν-

239 1790 352 1828 papae
374 1779 591 1822 adstiterant,
613 1791 815 1826 quamquam
836 1779 912 1827 pari
935 1780 1034 1815 modo
1057 1793 1095 1816 se
1119 1779 1410 1826 Constantinopoli
1431 1779 1575 1815 loannes
1597 1779 1705 1814 Para·

239 1829 335 1860 stron
369 1830 405 1859 et
432 1826 506 1860 eius
537 1825 619 1860 socii
641 1827 756 1861 Frerii
791 1838 812 1861 a
844 1838 934 1873 papa
965 1827 1071 1871 legati
1100 1831 1300 1872 gesserant,
1321 1837 1456 1860 sacrum
1473 1825 1616 1861 facienti
1640 1831 1706 1871 pa'-

237 1870 409 1905 triarchae
432 1874 502 1905 tum
525 1871 667 1916 Iosepho
691 1880 726 1906 et
747 1873 814 1918 ipsi
837 1874 1054 1915 assistentes,
1077 1885 1143 1918 quo
1167 1873 1332 1907 removeri
1353 1883 1452 1906 omne
1474 1883 1497 1905 a
1518 1871 1582 1905 tali
1609 1871 1704 1905 facto

240 1916 367 1951 crimen
398 1917 571 1962 plerisque
602 1917 803 1960 videbatur,
836 1924 950 1952 tamen
981 1930 1055 1952 eam
1078 1920 1121 1952 ob
1156 1930 1312 1961 causam,
1344 1923 1385 1952 ut
1411 1916 1614 1952 atrocissimi
1635 1916 1704 1951 reis

239 1962 398 2004 sceleris,
423 1968 619 2008 perpetuam
644 1964 820 2008 dignitatis
843 1964 1054 1998 amissionem
1076 1963 1282 2008 irrogarunt.
1684 1967 1688 1971 ’

334 2009 365 2043 7.
414 2008 543 2043 Mensis
573 2009 653 2043 inde
674 2008 823 2043 Ianuarii
855 2009 972 2055 quinta
1007 2011 1069 2044 sub
1092 2021 1290 2055 vesperam,
1325 2021 1399 2044 cum
1428 2007 1589 2053 templum
1619 2005 1705 2042 satis

239 2059 445 2097 purgassent
468 2055 632 2098 (urgebat
655 2055 741 2088 enirn
759 2055 930 2089 imminens
952 2055 1246 2102 'l'heophaniorum
1269 2054 1422 2100 festum)
1444 2055 1479 2088 in
1502 2052 1706 2088 communio-

242 2109 317 2132 nem
348 2100 512 2143 psallendi
542 2100 791 2134 ecclesiasticos
820 2107 1004 2138 assumunt.
1050 2102 1213 2136 absolutis
1251 2113 1330 2136 vero
1362 2100 1511 2146 hymnis,
1546 2098 1705 2146 quoniam

242 2149 420 2189 oporteret
443 2151 479 2178 et
501 2146 779 2180 sanctificationis
806 2147 1026 2180 ceremoniam
1047 2158 1234 2193 peragere,
1270 2147 1471 2182 conveniunt
1493 2145 1585 2179 circa
1605 2143 1708 2190 phia-

242 2188 310 2223 lam
333 2190 496 2224 ecclesiae
518 2192 614 2225 simul
635 2191 703 2233 illi,
726 2192 825 2227 simui
851 2197 887 2226 et
907 2192 1039 2235 clerici,
1070 2204 1136 2227 una
1157 2199 1338 2238 praeterea
1360 2194 1515 2237 populus,
1539 2191 1706 2236 quotquot

245 2236 396 2275 Graeci,
421 2241 586 2281 quotquot
617 2237 709 2272 Itali.
755 2244 836 2272 ante
868 2249 984 2272 omnes
1005 2243 1161 2273 statuunt
1188 2250 1325 2274 caecum
1349 2237 1584 2273 Galactionem
1607 2245 1707 2269 cere-

244 2281 377 2315 moniae
409 2283 618 2326 pmesulem3
649 2289 685 2316 et
715 2295 789 2317 eum
821 2296 996 2318 numeroso
1029 2290 1064 2318 et
1095 2285 1279 2320 abundanti
1310 2284 1451 2326 lumine,
1482 2280 1572 2315 datis
1602 2281 1706 2325 etiam

243 2325 395 2371 ipsorum
420 2327 596 2371 unicuique
618 2327 779 2362 Italorum
804 2330 923 2371 cereis,
939 2341 1027 2374 quae
1050 2331 1129 2364 festi
1150 2331 1236 2365 ritus
1258 2327 1421 2376 poscebat
1443 2327 1707 2373 peragebantur.

244 2371 332 2406 haec
353 2371 408 2404 isti
434 2372 485 2405 sic
508 2379 666 2416 egerunt,
705 2374 911 2419 imperatore
943 2375 1038 2420 ipsos
1069 2381 1190 2410 cuncta
1214 2389 1276 2422 pro
1295 2375 1391 2409 libito
1410 2372 1629 2418 permittente
1649 2372 1707 2406 fa-

246 2429 337 2459 cere,
361 2417 394 2454 in
421 2429 496 2451 eum
518 2418 623 2457 solum
648 2419 759 2460 finem,
782 2425 821 2452 ut
847 2431 935 2464 quae
958 2433 1087 2465 nupera
1107 2422 1164 2455 illa
1185 2423 1387 2466 tempestate
1407 2419 1547 2452 turbata
1568 2419 1708 2451 fuerant

245 2466 537 2507 componerentur.
583 2475 659 2497 narn
677 2477 717 2498 ea
735 2465 812 2498 (lum
824 2466 994 2505 ferveret,
1010 2467 1174 2500 offensum
1191 2467 1282 2500 ilium
1296 2465 1477 2499 indoluisse
1487 2463 1529 2498 iis
1539 2466 1706 2508 quaetum

243 2508 379 2550 fierent,
401 2509 475 2553 ipso
497 2508 597 2543 etiam
620 2510 722 2555 patri.
735 2514 951 2554 cooperante,
973 2518 1096 2546 norant
1111 2512 1295 2546 familiares
1314 2521 1511 2545 arcanorum
1535 2510 1606 2543 eius
1623 2518 1707 2542 con-

244 2554 307 2588 scii
320 2565 474 2592 sensuum
492 2559 528 2588 et
538 2555 566 2588 si
578 2567 635 2589 eos
653 2555 762 2600 palam
781 2567 847 2594 non
868 2556 1043 2600 prodebat,
1063 2568 1124 2590 nec
1144 2557 1310 2591 obluctari
1330 2559 1448 2590 contra
1467 2565 1567 2600 quam
1582 2554 1707 2599 proba-

245 2600 306 2634 bat
325 2600 501 2643 agentibus
517 2602 714 2641 conabatur,
732 2601 990 2634 disficultatibus
1010 2608 1194 2647 temporum
1213 2602 1424 2636 constrictus,
1450 2611 1551 2646 porro
1562 2605 1631 2633 tam
1671 2597 1708 2632 ui

244 2645 296 2679 sic
312 2645 451 2679 ciericos
471 2645 504 2678 in
538 2647 732 2680 societatem
756 2645 876 2680 sacrae
901 2647 1080 2682 functionis
1098 2650 1360 2692 assumpserant,
1383 2657 1484 2691 quam
1506 2644 1577 2686 alii,
1599 2643 1655 2677 lta
1668 2654 1707 2678 os

243 2696 438 2735 spectantes
461 2703 534 2725 cum
560 2693 667 2726 cereis
689 2693 845 2734 adstare,
867 2696 1007 2738 propter
1025 2704 1109 2738 quos
1125 2694 1198 2727 heri
1217 2698 1253 2727 et
1275 2693 1395 2727 nudius
1418 2690 1541 2725 tertius
1563 2688 1709 2724 ecclesia

245 2736 492 2781 expiationibus
509 2738 663 2772 subiecta
683 2739 738 2772 vix
757 2738 892 2772 tandem
912 2739 1015 2772 multa
1035 2750 1172 2783 precum
1195 2737 1414 2783 piacularium
1436 2735 1634 2770 recitatione
1644 2745 1712 2780 pa²

242 2785 373 2816 tefacta
390 2784 514 2825 fuerat,
530 2783 657 2817 somnia
674 2795 712 2817 se
730 2783 858 2824 videre,
882 2795 947 2818 non
968 2795 1023 2818 res
1041 2784 1167 2818 intueri
1183 2796 1272 2828 quae
1284 2795 1364 2818 vere
1375 2783 1508 2823 fierent,
1530 2781 1708 2826 putabant.

245 2834 415 2863 caeterum
446 2828 540 2875 prius
562 2828 645 2865 illud
668 2834 801 2875 tempus
824 2830 923 2865 finem
947 2833 1142 2877 acceperat,
1164 2834 1201 2866 ct
1218 2830 1302 2866 haec
1321 2829 1485 2865 hactenus
1503 2830 1604 2863 erant
1617 2828 1708 2868 aaa,
