1858 3126
321 124 420 171 590
735 124 970 169 GEORGII
1000 127 1346 176 PACHYMERIS

320 237 364 281 δ’
387 237 427 288 ἐς
449 236 563 288 τέλος
581 236 822 282 κατὲπιπτεν
835 271 848 293 ,
885 238 990 282 ἀλλὰ
1019 241 1086 283 καὶ
1117 238 1266 294 αὐτός,
1293 240 1390 287 ὅσον
1415 242 1535 300 εῖχεν,
1571 245 1644 290 οὔκ
1664 244 1758 304 ἔλη-

319 323 383 363 γεν
406 304 814 361 ἀντιπαλαμιόμενος,
851 310 918 350 καὶ
946 308 1046 358 τίως
1064 308 1109 352 τὸ
1133 308 1340 365 ἓγκόλπιον
1367 313 1489 355 κακὸν
1509 311 1607 370 ὖπέρ
1627 310 1757 359 τᾶλλα

320 373 456 416 ἔθελεν
484 373 683 418 ἀνασπᾶν.
752 375 800 418 τὸ
830 376 876 418 δ’
907 372 956 431 ἦν
989 375 1266 434 Ἀμογᾰβαροί
1289 395 1332 421 τε
1365 381 1438 422 καὶ·
1457 380 1496 423 οἶ
1525 381 1600 425 σῦν
1617 382 1756 433 αὐτοῖς

319 443 503 496 Πέρσαι,
542 441 603 493 οἷς
633 443 683 498 δὴ
713 445 778 486 καὶ
812 444 851 486 οἱ
883 443 968 488 ἅνω
997 446 1190 502 ῥηθέντες
1215 444 1316 502 ὑπὲρ
1346 447 1441 497 τοὺς
1462 449 1616 502 χιλίους
1642 449 1755 501 ὄντες
1797 476 1806 490 -,

267 522 299 557 1)
326 508 631 565 Τουρκόπουλοι
649 510 975 567 προσεχώρησαν.
1019 513 1153 568 ἐπειδὴ
1175 513 1252 570 γιὶρ
1269 512 1428 569 συνάμα
1441 515 1621 567 Ἀλανοῖς
1638 516 1789 574 ὄφει-5

318 577 543 634 στήκεσαν,
583 580 721 622 ἐκεῖνοι
742 582 816 634 μὲν
839 581 938 623 κατ’
963 580 1114 631 αὐτοὺς
1146 577 1272 635 ἦσαν,
1309 585 1374 625 καὶ
1398 582 1521 634 δόξαν
1540 585 1583 627 ἔκ
1599 589 1758 628 πολλῶν

317 647 498 701 ἐδίδουν,
534 649 569 689 εἰ
603 648 660 702 μὴ
700 648 846 698 ἱκανῶς
883 648 986 705 πρὸς
1018 650 1217 701 βασιλέως
1247 655 1487 704 μισθοῖντο,
1532 651 1755 709 ἀποχωρεῖν

315 715 419 771 πρὸς
452 715 855 770 Ὀσφεντίσθλαβον.
933 722 1064 760 ταῦτα
1098 717 1175 774 γὰρ
1215 720 1517 773 Κουτζίμπαξις
1547 719 1756 776 ἐπανήκων

315 783 419 839 πρὸς
444 783 615 836 βασιλέα
643 786 893 838 ὀιεβεβαίου·
939 790 1099 840 πρῶτος
1126 787 1171 828 δὲ
1202 790 1283 828 τῶν
1319 786 1544 843 ἱερομιὶγων
1573 787 1755 843 τοῦνομα

314 856 438 894 τοῦτο
461 853 752 906 ἐξελληνίζεται.
824 853 861 894 οἱ
893 854 936 895 δὲ
951 853 1111 896 Ἀλανοὶ
1140 852 1347 907 μαθόντες
1377 853 1431 905 ὡς
1451 855 1754 912 Τουρκόπουλοι
1766 866 1808 901 10

314 918 524 962 ἀπέκλινον
553 919 653 975 πρὸς
679 919 980 963 Καλλιούπολιν
1005 920 1091 975 ἅμα
1127 924 1279 977 γυναιξὶ
1307 924 1373 965 καὶ
1402 925 1564 977 παισίν,
1606 925 1756 981 αἴφνης

262 997 296 1032 Ε
322 985 617 1037 ἐπεισπεσόντες
644 989 747 1031 κατὰ
769 989 843 1044 τὴν
872 989 974 1044 πρὸς
992 991 1161 1042 βασιλέα
1182 993 1309 1043 δῆθεν
1323 989 1467 1047 χάριν,
1502 999 1695 1046 γυναῖκας
1710 994 1755 1037 ἐκ

312 1060 475 1099 πολλῶν
496 1055 632 1112 ὀλίγας
663 1058 728 1098 καὶ
754 1060 904 1107 παῖδας
931 1056 1183 1112 περισχόντες
1201 1058 1302 1113 πρὸς
1317 1059 1389 1100 τὸν
1407 1064 1636 1115 κρατοῦντα
1654 1060 1754 1104 ἀπέ-

312 1128 491 1169 στελλον.
561 1122 690 1182 ταύτῃ
709 1142 770 1168 τοι
791 1127 856 1167 καὶ
880 1130 960 1168 τῶν
983 1127 1144 1181 ἐχθρῶν
1162 1126 1482 1180 κρατυνομένων,
1512 1125 1568 1178 ὥς
1585 1129 1653 1171 καὶ
1668 1131 1754 1180 ἐξε-

309 1191 468 1235 λαύνειν
491 1193 557 1235 καὶ
588 1194 844 1247 κατατρέχειν
873 1194 924 1235 τὰ
949 1194 1067 1236 λοιπὰ
1097 1198 1168 1249 τῆς
1190 1193 1356 1253 Θρᾴκης
1374 1194 1592 1250 ἠγγέλθαι,
1623 1196 1662 1239 οἶ
1678 1197 1753 1252 μὲν
1764 1204 1806 1240 15

307 1268 394 1310 τοῖς
414 1263 667 1316 προαστείοις
686 1262 1002 1320 ἔγκατῳκημίνοι
1022 1266 1093 1317 τῆς
1119 1259 1272 1311 πόλεως
1298 1262 1538 1318 ἀπαίροντες
1559 1264 1661 1320 πρὸς
1677 1265 1753 1320 τὴν

307 1327 424 1371 πόλιν
454 1327 777 1384 ἐσκευαγώγουν,
816 1330 1006 1383 βασιλεὺς
1040 1331 1085 1372 δὲ
1115 1332 1180 1372 καὶ
1207 1334 1371 1381 πολλοῖς
1392 1330 1531 1381 ἄλλοις
1545 1332 1752 1388 ἐπιχειρῶν

164 1407 195 1441 P
217 1406 286 1443 413
309 1397 379 1453 ἔφ’
400 1391 434 1456 ᾦ
453 1397 549 1447 τοὺς
569 1397 744 1452 ἐχθροὺς
758 1399 927 1452 ἕπίσχοι,
949 1400 1014 1440 καὶ
1033 1398 1131 1454 πρὸς
1146 1402 1185 1440 Γ
1181 1398 1346 1442 ε’ννουαν
1365 1399 1508 1453 πέμπει
1523 1403 1752 1456 πρεσβείαν,

302 1464 425 1515 ἀξιῶν
445 1466 597 1508 ἐκεῖθεν
617 1465 849 1520 ἀναχθῆναι
868 1465 1015 1509 στόλον
1033 1471 1139 1522 νηῶν
1151 1466 1245 1510 κατ’
1266 1468 1430 1518 ἐντελεῖς
1447 1467 1544 1518 τούς
1556 1467 1750 1523 μισθούς,

302 1534 369 1575 καὶ
389 1531 475 1587 ἅμα
495 1529 562 1590 ἦρι
584 1533 683 1590 πρὸς
703 1532 799 1576 τάδε
828 1534 1018 1591 ἀφῖχθαι.
1759 1549 1805 1585 20

307 1662 443 1697 ciebant
473 1662 543 1698 eius
576 1662 720 1697 animum
735 1689 745 1706 ‚
775 1663 834 1709 qui
865 1663 1042 1709 perstabat
1063 1667 1197 1698 erectus
1218 1662 1382 1709 pertinaci
1406 1674 1487 1710 spe,
1509 1674 1572 1698 nec
1594 1665 1751 1702 cessabat

304 1709 478 1743 intendere
508 1715 647 1743 conatus
680 1709 722 1743 ad
746 1710 831 1744 mala
858 1710 1002 1754 undiquc
1024 1710 1210 1754 ingruentia
1243 1721 1342 1754 quam
1373 1714 1490 1754 posset
1518 1709 1750 1746 efficacissime

308 1755 512 1800 repellenda.
558 1761 593 1790 et
615 1755 772 1800 princeps
795 1755 927 1800 quidem
960 1755 1030 1788 eins
1063 1766 1144 1789 cura
1166 1755 1340 1789 laborabat
1362 1754 1398 1789 in
1421 1755 1618 1790 excutienda
1640 1756 1704 1790 sibi
1727 1769 1749 1792 e

306 1801 382 1834 sinu
405 1800 568 1835 intestina
590 1806 687 1846 peste
708 1801 785 1834 urbi
813 1800 966 1834 minantis
995 1812 1016 1834 e
1046 1800 1195 1845 proximo
1226 1800 1409 1843 tumultus,
1437 1800 1620 1835 coniuratis
1649 1801 1748 1837 simul

305 1847 528 1891 Amogabaris
550 1858 623 1881 cum
647 1847 778 1889 Persia,
802 1847 843 1881 ad
867 1858 951 1892 quos
973 1846 1146 1880 memorati
1169 1845 1262 1891 prius
1283 1846 1468 1892 Turcopuli
1489 1857 1624 1880 numero
1644 1858 1750 1893 supra

306 1892 395 1926 mille
414 1903 453 1925 se
475 1897 752 1937 aggregaverant..
797 1897 975 1937 postquam
1006 1891 1090 1925 enim
1115 1891 1147 1925 hi
1171 1892 1294 1925 Alanos
1313 1891 1433 1926 imitati
1464 1903 1502 1925 se
1523 1893 1567 1926 ab
1589 1891 1665 1926 aliis
1687 1894 1750 1928 ab·

306 1938 504 1980 iunxerant,
538 1938 758 1983 perstiterunt
780 1938 829 1972 sic
851 1937 1046 1983 aliquandiu
1069 1937 1103 1970 in
1125 1948 1186 1971 suo
1208 1937 1350 1982 ipsorum
1373 1937 1531 1977 arbitrio.
1555 1937 1678 1972 nemini
1698 1938 1750 1974 al-

308 1983 373 2016 teri
397 1984 668 2029 obtemperantes
681 2009 691 2027 ‚
714 1984 847 2029 quando
871 1984 1045 2018 multorum
1065 1983 1175 2028 opinio
1200 1994 1264 2016 non
1288 1982 1531 2025 inverisimilis,
1552 1987 1591 2017 ut
1610 1994 1667 2018 rea
1684 1995 1750 2030 ap·-

306 2029 492 2072 parebant,
526 2029 590 2063 suit
612 2041 692 2070 eos,
722 2030 786 2064 nisi
810 2030 852 2063 ab
875 2029 1076 2075 imperatore
1097 2033 1424 2073 praeoccuparentur
1445 2028 1664 2073 promissione
1683 2028 1749 2064 sti-

305 2074 499 2118 pendiorum
521 2082 649 2120 quanta
670 2075 735 2120 ipsi
758 2081 924 2120 peterent,
946 2075 989 2109 ad
1012 2074 1342 2119 Osphentisthlabum
1357 2085 1560 2108 accessuros.
1605 2073 1640 2109 id
1658 2074 1746 2109 enim

305 2120 400 2160 fore,
423 2124 595 2155 revertens
623 2121 665 2155 ad
688 2121 920 2167 imperatorem
944 2121 1172 2154 affirmaverat
1193 2119 1445 2164 Cutzimpaxis3
1466 2120 1555 2165 quod
1576 2131 1694 2154 nonen
1715 2119 1747 2154 ai

307 2165 442 2198 Graece
465 2165 723 2211 interpreteris,
754 2167 894 2211 primum
918 2167 1182 2209 hieromagorum
1205 2170 1312 2200 sonat.
1357 2176 1472 2199 verum
1495 2164 1593 2199 Alani
1617 2164 1743 2198 certio·

304 2220 360 2243 res
383 2210 467 2244 facti
490 2211 702 2257 Turcopulos
733 2213 942 2258 Calliopolim
972 2222 1089 2245 versus
1121 2211 1185 2245 iter
1213 2210 1384 2244 intendere
1407 2209 1517 2244 ductis
1546 2221 1613 2244 una
1633 2219 1746 2243 secum

303 2255 465 2289 uxoribus
489 2262 524 2291 et
556 2257 685 2300 liberis,
718 2258 752 2291 in
775 2270 833 2292 eos
867 2258 1046 2303 improviso
1076 2258 1264 2297 irruentes,
1294 2255 1390 2300 quasi
1414 2261 1452 2288 ut
1473 2254 1746 2300 gratificarentur

301 2299 522 2345 imperatori,
557 2313 682 2347 paucas
715 2316 733 2337 e
765 2303 875 2337 multis
898 2303 1052 2336 mulieres
1074 2306 1110 2335 et.
1133 2313 1253 2346 pueros
1276 2301 1326 2335 sic
1355 2306 1472 2344 captos
1493 2298 1536 2333 ad
1559 2300 1746 2343 Augustum

302 2345 475 2380 miserunt.
521 2355 690 2381 caeterum
725 2348 934 2382 adiunctione
961 2347 1227 2392 Turcopulorum
1262 2345 1415 2380 Catelani
1437 2344 1521 2378 adeo
1542 2347 1623 2378 tuuc
1643 2345 1746 2379 robo-

304 2390 369 2424 rati
392 2397 487 2431 sunt,
512 2398 549 2426 ut
572 2393 745 2426 confestim
769 2394 845 2427 inde
868 2394 1098 2427 nuntiarentur
1121 2391 1319 2425 incursando
1342 2401 1444 2433 agere
1465 2390 1623 2434 ferreque
1644 2390 1746 2436 quid-

303 2436 382 2482 quid
406 2436 440 2469 in
463 2437 612 2471 Thracia
635 2437 797 2482 reliquum
822 2444 908 2472 erat.
954 2450 1020 2483 qua
1043 2435 1186 2481 perculsi
1217 2437 1304 2469 fama
1334 2434 1461 2468 incolae
1490 2433 1556 2468 iam
1576 2434 1640 2480 ipsi
1661 2435 1746 2470 sub-

304 2481 471 2516 urbiorum
497 2482 825 2527 Constantinopolis,
849 2495 891 2517 ne
914 2483 1002 2516 illam
1027 2482 1160 2526 quidem
1182 2491 1333 2514 securam
1355 2479 1422 2513 rati
1443 2478 1640 2521 stationem,
1661 2491 1744 2515 con-

305 2531 463 2562 vasantes
486 2528 592 2572 palam
618 2528 706 2561 intra
728 2529 842 2561 urbem
865 2540 903 2561 se
938 2527 1135 2561 condebant.
1181 2530 1219 2559 at
1248 2526 1429 2569 imperator
1458 2524 1560 2559 multa
1581 2525 1645 2559 iam
1667 2526 1744 2559 fru-

304 2578 375 2607 stra
398 2577 557 2618 expertus
580 2573 645 2606 alia
674 2572 715 2606 ad
742 2573 801 2606 hos
823 2578 890 2607 tam
917 2572 1123 2617 importunos
1144 2571 1256 2604 hostes
1278 2569 1500 2611 coercendos,
1531 2570 1660 2615 appulit
1680 2570 1743 2605 ‹le-

302 2619 405 2664 nique
427 2618 566 2653 animum
590 2619 632 2652 ad
658 2618 827 2652 consilium
851 2616 1004 2651 mittendi
1022 2617 1150 2660 legatos
1173 2617 1346 2657 Genuam,
1370 2615 1426 2661 qui
1449 2626 1509 2649 suo
1532 2615 1663 2650 nomine
1683 2627 1743 2650 ro-

304 2669 426 2710 garent
448 2663 536 2698 mitti
557 2663 730 2709 suppetias
752 2663 828 2697 inde
852 2663 895 2697 ad
918 2674 956 2696 se
978 2667 1139 2696 armatam
1163 2663 1300 2694 classem
1313 2685 1323 2702 ‚
1355 2661 1508 2694 mercede
1530 2672 1552 2694 a
1573 2672 1612 2695 se
1634 2660 1743 2706 ampla

303 2715 340 2744 et
361 2714 456 2744 recte
482 2710 640 2744 solvenda
661 2709 729 2743 suis
751 2708 907 2754 auspiciis
929 2707 1153 2745 militaturam,
1175 2717 1276 2751 quain
1298 2706 1348 2742 ita
1372 2705 1572 2753 tempestive
1593 2705 1668 2742 vela
1687 2706 1744 2742 fn·

305 2766 384 2791 cere
406 2756 528 2791 orabat
548 2760 589 2791 ut
609 2754 697 2790 veris
718 2755 782 2789 huc
804 2754 897 2789 initio
919 2756 1040 2800 posset
1060 2762 1250 2788 occurrere.
