1858 3126
283 104 382 154 584
508 148 511 149 ι
702 101 935 148 GEORGII
967 101 1315 147 PAGHYMERJS

286 219 342 271 ὥς
369 217 529 273 ἕτοιμον
562 212 702 272 θήραν
738 214 966 271 αι’)’τανδρον
999 210 1255 270 περισχόντες
1289 213 1364 267 τὴν
1396 217 1523 267 ναῦν,
1561 209 1731 264 πάντας,

285 289 378 343 δίχα
400 289 520 329 τινῶν
544 288 626 327 τῶν
644 281 840 341 θαλάσσῃ
862 281 1171 334 ἀποκειλάντων,
1202 281 1319 337 ἔργον
1341 285 1501 324 ποιοῦσι
1515 283 1733 344 μαχαίρας,

285 354 408 411 μόνον
426 353 497 396 τὸν
530 350 736 410 ναύαρχον
762 349 1135 408 περιποιησάμενοι·
1179 348 1200 392 ὅ
1224 350 1301 407 γὰρ
1327 348 1530 405 ναύαρχος
1550 356 1664 401 θεῖος
1684 345 1734 405 ἦν

242 441 273 475 c
295 427 370 467 τοῦ
388 422 645 477 Μουρίσκου.
715 422 853 464 ἐκεῖνοι
873 421 916 462 δὲ
936 418 1053 473 μόλις
1073 423 1132 478 τῷ
1151 416 1310 473 σώματι
1329 416 1652 470 διαπλεύσαντες,
1685 417 1734 460 τὸ

286 491 473 548 πραχθὲν
493 486 724 539 ἐπιστάντες
749 489 904 546 Τενέδῳ
923 488 1156 544 ἀγγέλλουσι
1178 491 1237 545 τῷ
1261 488 1510 545 Μουρίσκῳ·
1547 486 1652 541 πλὴν
1670 487 1769 532 καὶὸ

290 559 362 604 τὸν
381 563 463 602 τῶν
481 562 590 614 νηῶν
611 556 765 614 φόρτον
786 559 977 612 δηλοῦσιν
987 589 999 608 ,
1035 554 1091 605 ὥς
1111 554 1249 605 κώπας
1269 562 1353 605 τοῖς
1375 552 1625 604 Κατελάνοις
1646 556 1739 596 δια-

290 628 499 682 κομίζοιεν.
567 630 699 669 ταῦτα
717 624 836 682 γνοὺς
855 625 1110 680 Μουρίσκος,
1146 625 1211 666 καὶ
1237 621 1291 673 ὥς
1305 621 1545 678 κατάσχεσιν
1562 620 1739 665 ἐπύθετο

291 697 359 740 καὶ
385 693 523 751 ἑτέρας
551 695 647 750 νηὸς
675 692 726 749 ἣν
751 692 1035 750 προαπέστειλε
1068 689 1280 746 βασιλεύς,
1328 694 1467 741 δεινῶς
1506 690 1625 745 ἤλυε,
1671 690 1741 732 καὶ

292 766 503 815 διενοεῖτο,
539 761 593 812 ὥς
613 762 758 812 ἔδειξε,
793 768 879 810 τοῖς
898 760 990 815 μετ’
1014 760 1141 803 αὐτοῦ
1165 759 1216 803 τὰ
1231 759 1288 814 μὴ
1317 757 1547 816 πρόσφορα.
1604 756 1741 811 ἐπειδὴ

242 842 276 878 D
298 832 375 889 γὰρ
399 828 523 880 αὐτός
542 848 584 873 τε
607 831 672 873 καὶ
697 830 734 872 οἱ
753 830 795 871 ἐκ
811 829 1011 883 βασιλέως
1029 829 1284 885 πεμφθέντες
1296 825 1486 881 Ῥωμαῖοι
1505 828 1546 870 ἐν
1563 828 1655 870 δυσὶ
1675 826 1742 867 καὶ
1754 836 1797 870 10

291 898 436 956 μόναις
469 901 611 942 ναυσὶν
637 895 882 951 ἐπώκελλον,
918 902 999 940 τῶν
1022 901 1174 941 λοιπῶν
1200 895 1441 951 ἆλωμὲνων,
1475 893 1639 951 ἀπάρας
1667 893 1743 937 σὺν

295 968 434 1018 αὗτοΐς
463 968 615 1010 ἐκεῖθεν
645 968 711 1008 καὶ
742 970 791 1023 τῇ
814 964 1106 1023 Προικοννήσῳ
1127 963 1363 1022 προσσχών,
1398 962 1745 1021 γυμνοῒξύμπαν-

297 1053 373 1086 τας
391 1040 473 1079 τῶν
504 1034 638 1078 ὅπλων
662 1033 885 1088 Ῥωμαίους
912 1033 982 1084 οὓς
1012 1032 1111 1088 εἶχεν
1136 1034 1248 1084 ἐντὸς
1267 1032 1532 1088 συμμάχους,
1566 1027 1746 1088 γυμνούς

294 1122 339 1148 τε
359 1105 423 1147 καὶ
441 1101 645 1152 ἀνόπλους
662 1102 776 1159 ἀφεὶς
796 1102 895 1145 ἴέναι
914 1119 957 1145 τε
979 1103 1241 1158 παραγγέλλει
1270 1102 1371 1157 πρὸς
1389 1101 1561 1156 βασιλέα
1583 1101 1650 1143 καὶ
1669 1101 1745 1152 δη-

296 1173 429 1216 λῶσαί
459 1172 497 1215 οἳ
523 1172 573 1214 τὰ
600 1164 805 1227 γεγονότα.
874 1169 997 1213 ταῦτ’
1034 1168 1266 1220 ἐπιστάντες
1299 1172 1461 1224 ἐκεῖνοι,
1499 1169 1603 1224 πλὴν
1629 1164 1801 1222 μόλις15

251 1249 283 1283 Ε
307 1242 373 1284 καὶ
393 1239 494 1295 μετὰ
512 1240 630 1294 βίας,
663 1242 704 1282 Γ
701 1243 951 1283 εννουῖτικῶν
983 1237 1085 1282 ἒπτοὶ
1111 1244 1312 1297 φανεισῶν
1335 1243 1460 1292 νεῶν,
1498 1236 1563 1288 αἷς
1581 1233 1750 1292 θαρρή-

299 1325 444 1358 σαντες
477 1310 542 1354 nai
579 1308 695 1350 αὐτοὶ
728 1308 1010 1351 συνεκπλέουσι
1041 1310 1107 1351 καὶ
1140 1314 1198 1368 τῷ
1228 1312 1391 1363 βασιλεῖ
1417 1307 1674 1363 ἀγγέλλουσιν
1692 1302 1750 1353 ῶς

301 1377 394 1421 οὐδ’
423 1375 545 1426 αὐτὸς
570 1378 828 1432 Μουρίσκος,
865 1379 899 1419 εἰ
922 1376 980 1432 μὴ
1000 1381 1091 1431 νῆες
1110 1376 1274 1434 ἀρκεταὶ
1304 1377 1406 1433 πρὸς
1425 1372 1749 1429 ἀντιπαλοῖμησιν

301 1446 501 1487 ἔπισταΐεν
530 1449 610 1486 τῶν
639 1445 850 1497 ἐναντίων,
887 1444 935 1488 οὗ
963 1443 1180 1502 πρόθυμος
1211 1444 1262 1490 ἂν
1292 1445 1351 1502 εἴη
1382 1446 1423 1496 ἒς
1438 1444 1512 1499 τὴν
1536 1440 1750 1499 βασιλικὴν

302 1513 503 1564 δουλείαν,
538 1512 613 1565 τὴν
633 1513 863 1567 πειρατικὴν
885 1511 1170 1570 περιπλᾶνησιν
1189 1515 1255 1556 καὶ
1274 1514 1326 1556 τὰ
1348 1514 1500 1556 ἐκεῖθεν
1517 1512 1639 1569 κέρδη
1659 1508 1805 1565 περὶὲθ

303 1624 459 1667 paratam
481 1621 619 1652 strenue
641 1618 842 1663 arripientes
865 1620 1044 1665 praedam,
1075 1620 1155 1654 navi
1182 1621 1333 1655 Romana
1354 1624 1433 1656 sunt
1450 1620 1571 1675 potiti,
1600 1624 1752 1657 nostros·

304 1677 371 1713 que
391 1665 463 1699 illic
484 1667 637 1710 repertos
660 1664 874 1708 occiderunt,
905 1668 1042 1710 praeter
1065 1666 1224 1711 quosdam
1247 1665 1305 1711 qui
1335 1667 1427 1701 iactu
1450 1678 1483 1701 1n
1506 1678 1598 1702 mare
1620 1668 1753 1713 praeci-

304 1711 369 1757 piti
398 1710 501 1756 gladii
533 1710 636 1744 aciem
666 1711 841 1754 fugerunt,
875 1716 911 1744 et
941 1712 1141 1746 navarchum
1165 1715 1285 1757 sponte
1317 1724 1339 1746 a
1361 1712 1545 1747 victoribus
1568 1718 1751 1750 servatum.

304 1757 360 1791 hic
382 1761 458 1791 erat
480 1755 621 1790 Murisci
642 1760 794 1800 patruus.
838 1756 887 1790 illi
910 1762 1019 1791 autem
1044 1769 1128 1803 quos
1158 1769 1195 1792 se
1217 1757 1251 1791 in
1274 1769 1395 1803 aquam
1418 1758 1575 1794 iniecisse
1597 1759 1753 1803 diximus,

304 1803 376 1838 solo
400 1813 555 1837 manuum
579 1801 715 1846 remigio
737 1813 840 1846 aegre
870 1803 1004 1837 tandem
1035 1802 1133 1837 nudis
1164 1804 1359 1849 corporibus
1382 1803 1467 1838 salvi
1491 1804 1667 1839 Tenedum
1690 1817 1755 1851 ap·-

304 1847 412 1894 pulsi,
443 1859 513 1881 rem
544 1846 613 1880 illic
642 1851 772 1891 gestam
803 1847 954 1882 Murisco
984 1848 1201 1891 nuntiarunt,
1234 1854 1480 1895 praetereaque
1509 1850 1755 1895 significarunt,

306 1893 387 1939 quid
422 1893 554 1927 Siculae
587 1903 691 1926 naves
724 1892 833 1927 oneris
862 1894 1044 1937 haberent,
1079 1899 1114 1928 et
1145 1898 1183 1928 ut
1207 1906 1316 1930 remos
1339 1899 1442 1940 atque
1473 1894 1508 1929 id
1531 1907 1637 1941 genus
1659 1908 1755 1935 arma

307 1939 465 1980 nautica,
500 1938 690 1972 triremibus
720 1938 849 1972 scilicet
870 1939 1094 1983 instruendis,
1126 1945 1347 1985 apportarent
1371 1941 1553 1976 Catelanis.
1600 1941 1652 1976 his
1673 1942 1756 1977 Mu-

308 1985 417 2018 riscus
442 1984 605 2028 cognitis,
631 1984 727 2018 simul
750 1984 849 2019 etiam
873 1985 1011 2020 audiens
1034 1986 1133 2020 aliam
1156 1999 1175 2020 e
1198 1986 1305 2021 missis
1327 1987 1370 2021 ab
1384 1986 1589 2032 imperatore
1610 1987 1756 2022 navibus

310 2033 442 2072 captam
466 2035 502 2063 et
524 2029 631 2075 ipsam
654 2030 779 2072 fuisse,
803 2030 838 2064 in
860 2042 997 2075 gravem
1021 2032 1171 2066 deiectus
1186 2044 1369 2066 moerorem
1392 2038 1463 2074 est,
1485 2032 1684 2078 anxiumque
1706 2033 1757 2067 sic

309 2074 451 2108 animum
479 2086 540 2119 per
562 2075 816 2110 variaversans
839 2077 977 2111 consilia
1006 2076 1041 2111 in
1065 2089 1104 2111 eo
1128 2077 1271 2122 denique
1293 2078 1481 2123 acquievit,
1512 2079 1601 2124 quod
1624 2078 1757 2113 minime

312 2120 541 2162 conducibile,
565 2126 603 2154 ut
626 2127 767 2156 eventus
782 2123 996 2164 monstravit,
1020 2123 1195 2157 comitibus
1217 2123 1323 2168 ipsius
1338 2126 1437 2158 soret.
1484 2135 1557 2158 cum
1580 2123 1663 2158 enim
1684 2128 1755 2157 tam

280 2198 291 2209 ‚x
312 2164 389 2209 ipse
411 2176 509 2210 quam
532 2166 587 2210 qui
623 2167 686 2202 sub
719 2180 758 2201 eo
789 2168 882 2201 missi
915 2169 957 2202 ab
988 2168 1192 2214 imperatore
1213 2168 1355 2203 Romani
1376 2169 1583 2212 militabant,
1615 2168 1648 2203 in
1669 2167 1756 2201 duas
1803 2186 1805 2189 ⁴

313 2209 382 2243 iam
415 2211 504 2244 solas
535 2212 686 2253 relictas,
720 2213 863 2247 caeteris
897 2214 940 2247 ab
971 2214 1067 2248 hoste
1101 2214 1294 2259 occupatis,
1329 2215 1476 2248 contrusi
1506 2225 1610 2248 naves
1632 2216 1758 2255 essent,

315 2265 391 2288 cum
413 2255 464 2289 his
486 2257 617 2290 solvens
640 2258 717 2291 inde
738 2259 1002 2294 Proeconnesum
1017 2260 1176 2304 appulsus
1199 2260 1320 2305 spoliat
1334 2260 1433 2294 armis
1446 2260 1612 2293 Romanos
1630 2268 1758 2300 omnes,

316 2303 354 2334 et
375 2301 463 2333 nullo
486 2301 667 2336 instructos
690 2303 810 2337 viatico
834 2304 993 2347 dimittit,
1022 2305 1074 2339 ire
1096 2305 1139 2339 ad
1162 2305 1395 2350 imperatorem
1417 2304 1534 2338 iubens
1565 2309 1601 2338 et
1622 2303 1654 2337 ei
1676 2315 1757 2338 nar-

315 2355 396 2379 rare
418 2357 504 2390 quae
526 2347 727 2382 acciderant.
773 2356 998 2393 pervenerunt
1026 2350 1061 2383 hi
1087 2350 1221 2384 tandem
1255 2350 1298 2383 ad
1320 2352 1523 2394 Augustum,
1557 2360 1660 2393 aegre
1681 2349 1758 2394 qui-

317 2390 412 2433 dem,
437 2395 473 2424 et
494 2391 551 2424 diu
574 2393 727 2436 quaesita
749 2393 782 2426 in
805 2395 919 2428 urbem
943 2395 1186 2429 transfretandi
1213 2395 1385 2429 facultate.
1428 2394 1486 2428 sed
1517 2394 1757 2439 apparentibus

316 2436 519 2470 commodum
553 2440 679 2481 septem
705 2439 929 2472 Genuensium
953 2441 1111 2481 navibus,
1141 2443 1278 2484 exorato
1313 2440 1346 2472 in
1369 2450 1426 2473 eas
1448 2451 1610 2482 ascensu,
1634 2439 1757 2485 depor-

315 2481 382 2515 tati
406 2493 445 2515 eo
467 2481 609 2526 denique
644 2482 840 2527 imperatori
862 2489 1087 2528 exposuerunt
1121 2485 1202 2529 quid
1223 2484 1304 2529 ipsis
1328 2483 1527 2527 accidisset,
1550 2485 1649 2530 eique
1672 2496 1758 2519 nun·-

316 2526 446 2561 tiarunt
465 2526 552 2561 nolle
574 2527 713 2572 amplius
738 2527 918 2562 Muriscum
949 2529 1014 2574 ipsi
1046 2530 1197 2570 servire,
1228 2529 1292 2562 nisi
1315 2533 1350 2563 et
1379 2541 1482 2564 naves
1504 2530 1569 2574 ipsi
1597 2531 1758 2567 darentur

316 2571 438 2606 idoneo
459 2583 594 2606 numero
617 2583 658 2606 ac
681 2573 801 2606 robore
823 2573 866 2606 ad
888 2574 1102 2618 pugnandum
1125 2586 1196 2608 cum
1222 2586 1282 2618 spe
1303 2574 1479 2608 verisimili
1495 2575 1655 2610 victoriae
1678 2587 1760 2610 con-

317 2622 374 2651 tra
405 2617 543 2653 classem
574 2617 727 2651 hostilem
758 2629 832 2651 mox
855 2618 1115 2663 potentissimam
1147 2621 1314 2662 futuram,
1349 2625 1384 2653 et
1405 2621 1540 2655 eaedem
1564 2621 1630 2655 sibi
1651 2631 1760 2655 naves

319 2674 394 2696 cum
416 2664 515 2709 plena
536 2667 703 2710 potestate
725 2663 997 2708 permitterentur
1019 2664 1159 2698 ducendi
1182 2676 1241 2699 eas
1263 2677 1470 2711 quocumque
1493 2667 1592 2701 vellet
1606 2668 1675 2701 late
1697 2676 1760 2711 per

320 2709 426 2744 maria
452 2709 495 2744 ad
517 2708 728 2745 excursiones
748 2708 929 2755 piraticas,
951 2709 1096 2756 qualium
1117 2722 1139 2746 a
1163 2722 1202 2746 se
1223 2711 1300 2747 olim
1321 2716 1473 2747 actarum
1492 2712 1619 2748 lucrum
1639 2721 1761 2757 exper-
