1858 3126
337 158 414 202 DE
448 155 784 200 ANDRONICO
821 153 1197 198 PALAEOLOGO
1232 155 1279 198 L.
1299 153 1378 199 lv.
1485 154 1582 200 337

122 272 194 318 νόν
215 271 264 315 τό
300 268 442 322 πάθος
466 272 533 314 καὶ
561 266 897 328 ἀπαραμύθητον
928 267 974 312 τὸ
995 265 1185 323 συμβάν,
1223 264 1416 312 ἁπάντων
1441 267 1586 324 ὀλίγων

121 338 440 393 ἕξαπολωλότων
471 343 625 394 μηνῶν.
697 340 764 381 καὶ
799 336 938 393 ὥσπερ
969 339 1089 387 θείας
1115 336 1238 393 ὀργῆς
1265 339 1332 380 καὶ
1356 338 1587 393 μηνίματος

123 409 338 465 δαιμονίου
368 409 416 451 τὰ
448 406 643 462 πάσχειν,
694 405 803 450 οῧτω
831 407 899 448 καὶ
927 406 1047 455 θείας
1076 404 1334 461 ἀντιλήψεως
1359 405 1491 462 μόνης
1518 410 1584 449 καὶ

122 477 388 533 συμπαθείας
416 480 490 519 τοῦ
516 478 745 532 κρείττονος
773 473 821 518 τὸ
850 474 902 518 τὰ
932 473 1044 516 δεινοὶ
1064 479 1210 529 στῆναι
1228 474 1335 525 εἰκὸς
1353 470 1404 530 ἦν
1423 476 1584 518 ἐννοεῖν.

88 558 111 593 5
258 546 339 591 27.
400 544 523 588 Ἀλλὰ
553 549 686 588 ταῦτα
709 544 785 598 μὲν
813 543 855 593 ἔς
884 547 1096 586 τοσοῦτον.
1169 542 1243 586 οὐκ
1268 538 1318 597 ἦν
1348 544 1393 586 δὲ
1415 543 1497 600 ἄρα
1518 546 1583 587 καὶ
1615 545 1643 578 Β

121 613 320 670 ἀρχιερεῖς
336 611 552 669 ἡσυχάζειν
568 615 634 656 καὶ
662 612 722 667 μὴ
744 611 804 655 δι’
827 610 950 666 ὄχλου
969 613 1161 667 μεγίστου
1191 616 1251 670 τῷ
1274 610 1507 670 πατριάρχῃ
1526 614 1586 668 γί-

120 687 269 726 νεσθαι
287 686 363 726 τοῦ
381 681 640 739 τῆςἜφεόου
661 683 729 724 καὶ
749 678 872 724 πάλιν
895 678 1087 723 Ἰωάννου
1107 682 1175 723 καὶ
1194 685 1268 735 τῆς
1289 681 1439 724 ἐκείνου
1462 682 1587 737 ἀνορ-

119 748 293 801 θῶσεως
315 750 444 795 ἕνεκα.
515 748 573 800 εἷς
600 749 649 793 δέ
670 767 733 800 τις
760 749 898 792 αὐτῶν
934 747 986 807 (ὅ
1007 750 1245 805 Σηλυβρίας
1265 743 1386 800 οὗτος
1406 745 1457 805 ἦν
1478 748 1584 793 Ἱλα-

121 819 237 876 ρῖων)
259 821 326 863 καὶ
347 819 451 875 μέγα
469 837 506 862 τι
525 819 631 862 κατὰ
649 823 723 862 τοῦ
751 822 1104 875 πατριαρχοῧντος
1132 819 1386 874 ἐφθέγξατο,
1425 818 1475 862 οὗ
1494 817 1585 862 τότε

66 886 322 946 Ιοπρώτως,
361 887 455 931 ἀλλ’
485 886 552 931 ὅτε
582 887 635 942 δὴ
665 885 922 943 πατριάρχης
953 888 1015 929 ε’πὶ
1043 891 1094 944 τῇ
1120 891 1194 941 τῆς
1222 889 1585 945 Παμμακαρίστου

118 961 226 1014 μονῇ
251 957 476 1014 ἀναχωρῶν
503 961 585 1000 τῶν
608 958 838 1014 φροντίδων
866 960 1082 1011 καθῆστο,
1121 955 1196 998 οὐκ
1217 955 1342 1006 αὐτὸς
1361 956 1460 1000 ἰδὼν
1480 956 1586 999 ἀλλὰ

117 1025 222 1083 παρ’
243 1023 404 1076 ἰδόντος
430 1024 632 1078 ἀκούσας,
669 1023 724 1075 ὥς
750 1024 893 1081 ἔλεγεν.
962 1023 1071 1080 ἀπῆν
1096 1025 1142 1067 δὲ
1160 1029 1243 1068 τῶν
1270 1023 1430 1077 ζώντων
1451 1023 1473 1069 ὅ
1496 1023 1579 1082 φή·-
1603 1028 1634 1062 C

118 1111 219 1147 σας,
257 1091 464 1151 ἀνάγωγος
484 1096 550 1137 καὶ
569 1094 703 1144 ἄλλως
724 1092 780 1136 ὢν
798 1094 945 1144 ἐκεῖνος
962 1095 1028 1136 καὶ
1050 1093 1114 1136 ε’πὶ
1135 1095 1350 1146 διαβολαῖς
1368 1091 1583 1150 γνώριμος.

119 1162 226 1206 ἀλλὰ
253 1165 320 1206 καὶ
354 1163 401 1206 τὸ
429 1163 608 1219 ἔγκλημα
635 1162 798 1222 ἀπᾷδον
832 1161 938 1212 ὅλως
963 1164 1030 1204 καὶ
1061 1161 1356 1218 ψευδολόγημα
1378 1162 1583 1218 ἄντικρυς.

65 1240 108 1276 15
121 1230 232 1286 ὅμως
256 1229 278 1275 ὅ
301 1233 538 1287 Σηλυβρίας
558 1231 606 1275 οὐ
625 1229 732 1274 πάνυ
752 1248 790 1274 τι
808 1233 874 1274 καὶ
898 1230 1023 1281 αὐτὸς
1044 1228 1270 1284 πιστεῦων,
1310 1228 1366 1281 ὥς
1387 1229 1498 1290 ἐῴκει
1517 1233 1584 1274 λε’-

117 1317 221 1357 γων,
257 1299 304 1344 τό
322 1305 395 1343 τοῦ
412 1298 653 1357 πράγματος
670 1299 824 1343 ἄτοπον
845 1301 887 1342 ἐν
910 1298 1159 1355 ἀπορρήτοις
1187 1298 1464 1356 παραλαβών,
1501 1305 1583 1354 βα-

119 1372 226 1412 σιλεῖ
237 1366 414 1412 πιστεύει
432 1368 503 1412 τόν
519 1367 651 1425 λόγον.
722 1373 781 1426 τῷ
800 1369 845 1411 δὲ
863 1368 966 1424 μέγα
996 1370 1071 1422 μὲν
1100 1366 1322 1411 ἀκούσαντι
1341 1368 1453 1419 ἔδοξε
1463 1402 1476 1422 ,
1513 1371 1581 1411 καὶ

116 1436 278 1493 βαρέως
303 1436 440 1493 ἤνεγκε
463 1436 511 1480 τὸ
545 1436 713 1492 λεχθέν·
760 1435 871 1490 ὅμως
898 1438 943 1479 δὲ
966 1436 1105 1491 μέντοι
1130 1438 1200 1479 καὶ
1228 1437 1288 1493 μὴ
1314 1435 1575 1481 πιστεύσαντι
1598 1447 1630 1482 D

117 1503 227 1564 ἐπῄει
251 1507 476 1564 φροντίζειν
504 1510 578 1550 τοῦ
609 1507 651 1550 ἓν
682 1504 932 1564 ἀπορρήτοις
971 1508 1202 1548 διακεῖσθαι
1230 1506 1300 1549 τὸν
1331 1505 1478 1563 λόγον,
1527 1504 1583 1557 ὥς

208 1639 242 1675 3.
265 1637 365 1676 οὕτω
387 1639 441 1675 bis
461 1639 556 1686 ponit
578 1640 619 1675 P.

115 1776 205 1810 quae
227 1765 353 1800 circum
374 1766 478 1800 urbes
510 1765 587 1800 illas
616 1766 754 1800 fuerant
775 1765 924 1811 undique
958 1764 1102 1810 direptis
1125 1777 1167 1799 ac
1190 1765 1348 1799 vastatis.
1395 1763 1470 1797 dira
1493 1764 1586 1798 cala·

116 1811 217 1846 mitas
240 1823 303 1846 nec
325 1811 553 1846 consolatione
576 1812 729 1846 levabilis
750 1813 820 1847 ulla
843 1815 965 1846 cuncta
986 1813 1056 1845 late
1078 1815 1329 1856 occupaverat,
1353 1809 1518 1843 universis
1540 1810 1582 1843 il-

118 1856 161 1890 lis
186 1857 318 1902 populis
344 1869 527 1902 paucorum
557 1858 669 1903 spatio
701 1859 862 1892 mensium
884 1857 1036 1892 funditus
1059 1857 1210 1902 perditis.
1258 1868 1300 1889 ac
1332 1855 1423 1889 sicut
1450 1855 1583 1888 divinae

117 1901 184 1935 fuit
204 1902 276 1936 irae
298 1902 478 1948 iustaeqne
499 1915 658 1949 superum
689 1904 722 1938 in
755 1905 884 1938 scelera
918 1908 1037 1938 nostra
1059 1901 1382 1942 animadversionis,
1414 1911 1476 1934 nos
1509 1900 1584 1946 pati

116 1946 223 1988 talia,
255 1947 306 1981 sic
334 1948 392 1982 uni
421 1949 562 1983 coelesti
595 1949 792 1984 clementiae
822 1962 865 1984 ac
894 1948 1146 1983 misericordiae
1169 1948 1312 1981 numinis
1334 1946 1493 1990 imputari
1516 1957 1582 1991 par

115 1991 185 2026 fuit
205 1992 352 2026 indutias
373 1993 449 2027 illas
469 1994 631 2028 malorum
654 1996 935 2040 qualescumque,
966 2005 1054 2040 quae
1077 1993 1233 2027 barbaris
1255 1991 1414 2038 progredi
1438 1992 1582 2026 ulterius

116 2037 311 2072 verentibus
333 2038 506 2072 Romanae
528 2039 632 2084 plebi,
658 2040 738 2074 licet
760 2042 849 2075 nullo
872 2044 1048 2083 protectae
1072 2039 1242 2084 praesidio
1264 2038 1430 2072 adversus
1452 2049 1525 2082 eos,
1548 2037 1579 2072 si

116 2082 286 2126 venirent,
308 2083 567 2127 contingebant,
590 2085 723 2128 aliquod
743 2085 779 2119 in
801 2092 951 2120 extrema
974 2084 1069 2118 clade
1091 2083 1259 2118 solatium.

207 2130 264 2164 27.
311 2130 359 2163 Et
380 2130 465 2163 haec
487 2130 622 2175 quidem
645 2130 679 2164 in
701 2131 790 2164 hunc
810 2132 942 2165 modum
966 2142 1004 2164 se
1027 2130 1217 2171 habebant,
1241 2133 1279 2163 ut
1306 2128 1468 2163 hacteuus
1491 2128 1579 2163 dixi-

115 2187 205 2210 mus:
235 2174 384 2221 episcopi
408 2180 521 2210 autem
544 2181 699 2221 perstare
721 2177 826 2221 quieti
846 2188 913 2211 non
936 2181 1113 2221 poterant,
1148 2186 1212 2208 nec
1233 2175 1400 2210 absistere
1421 2187 1444 2210 a
1465 2176 1579 2209 faces-

114 2221 219 2256 sendo
242 2233 378 2266 gravem
401 2221 616 2266 patriarchae
638 2222 844 2262 molestiam,
864 2222 998 2256 loannis
1020 2231 1137 2255 rursus
1159 2220 1300 2265 Ephesii
1323 2226 1360 2255 et
1381 2220 1453 2255 eius
1475 2221 1579 2255 resti-

114 2266 253 2302 tutionis
277 2279 391 2302 causa.
437 2279 523 2302 unus
555 2271 666 2302 autem
698 2267 845 2312 ipsorum
868 2267 1096 2311 Selybriensia
1109 2291 1120 2305 ‚
1153 2267 1209 2301 cui
1239 2278 1359 2300 nomen
1381 2274 1457 2302 erat
1478 2267 1579 2301 Hila-

114 2313 203 2355 rium,
226 2325 334 2358 grave
356 2313 538 2359 quodpiam
561 2325 582 2348 a
604 2313 801 2359 patriarcha
824 2320 1000 2359 peccatum
1022 2311 1152 2352 retulit,
1168 2323 1235 2346 non
1257 2323 1376 2346 recens
1397 2312 1478 2346 illud
1501 2312 1578 2358 qui-

114 2359 212 2400 dem,
242 2359 303 2393 sed
333 2365 415 2393 tunc
438 2365 609 2404 patratum
632 2359 765 2404 quando
791 2359 990 2405 patriarcha
1019 2358 1108 2392 idem
1129 2357 1164 2392 in
1186 2358 1440 2393 Pammacaristi
1462 2370 1579 2392 mona-

114 2403 220 2439 sterio
237 2404 395 2450 sepositis
413 2406 504 2440 curis
518 2405 733 2447 considebat;
755 2405 856 2451 idque
873 2405 987 2439 aiebat
1004 2405 1094 2438 haud
1115 2403 1224 2438 visum
1247 2415 1269 2438 a
1290 2416 1340 2447 se,
1362 2404 1424 2438 sed
1443 2405 1486 2438 ab
1510 2404 1576 2438 alio

114 2450 176 2495 qui
197 2450 340 2485 vidisset
361 2451 523 2486 auditum.
571 2463 687 2486 verum
710 2450 768 2497 qui
791 2451 1039 2485 memorabatur
1061 2454 1193 2492 auctor,
1214 2450 1282 2484 iam
1304 2455 1382 2484 erat
1402 2455 1575 2490 mortuum

113 2497 306 2542 fueratque,
328 2497 407 2531 dum
428 2498 575 2539 viveret,
595 2497 694 2532 homo
716 2497 973 2531 contumeliosus
994 2501 1029 2530 et
1050 2496 1270 2530 calumniator
1290 2502 1403 2531 notus.
1449 2496 1576 2530 crimen

115 2551 218 2585 porro
251 2546 328 2576 erat
356 2554 496 2588 prorsus
527 2544 712 2578 abhorrens
743 2555 765 2578 a
785 2542 1078 2578 verisimilitudine
1099 2542 1189 2575 omni
1221 2553 1415 2588 merumque
1437 2541 1576 2575 menda-

116 2587 214 2622 cium.
259 2599 343 2632 prae
364 2600 404 2623 se
425 2590 561 2624 serebat
581 2589 762 2636 quinetiam
785 2588 1011 2633 sely-briensis
1034 2587 1130 2632 ipse,
1158 2598 1233 2622 cum
1256 2588 1291 2622 id
1313 2587 1454 2622 alterius
1477 2587 1576 2621 testi-

116 2632 227 2666 monio
249 2634 415 2676 referret,
448 2647 526 2669 sese
546 2635 636 2670 haud
667 2635 827 2670 crederet
862 2640 1001 2680 putasse
1023 2639 1135 2667 tamen
1157 2644 1229 2668 rem
1249 2634 1484 2679 qualicumque
1506 2632 1576 2666 fide

117 2688 242 2712 arcano
265 2679 309 2713 ad
331 2690 369 2714 se
390 2681 536 2715 delatam
558 2681 773 2726 imperatori,
796 2686 897 2726 prout
918 2679 1019 2721 fecit,
1051 2678 1202 2714 indicare
1223 2691 1262 2714 se
1284 2680 1421 2713 debere.
1466 2677 1577 2722 impe-

115 2726 212 2756 rator
239 2723 304 2758 hoc
333 2726 447 2760 audito
481 2727 639 2762 momenti
670 2727 845 2772 permagni
884 2732 1012 2760 temere
1046 2724 1172 2759 moveri
1201 2725 1370 2770 negotium
1401 2722 1576 2765 iudicavit,

114 2767 333 2814 graviterque
354 2771 434 2806 tulit
453 2771 487 2806 id
510 2773 554 2806 ad
577 2784 616 2807 se
637 2773 798 2807 delatum.
846 2784 887 2806 ac
918 2771 1042 2806 nullam
1064 2770 1145 2805 licet
1165 2770 1267 2805 fidem
1290 2768 1451 2804 delationi
1474 2768 1575 2802 adhi-

115 2813 216 2856 bens,
248 2813 316 2848 sibi
337 2816 435 2850 enixe
455 2818 638 2852 curandum
661 2818 867 2853 existimavit
892 2829 936 2852 ne
957 2817 1003 2853 ad
1023 2816 1139 2862 plures
1160 2816 1245 2851 dicti
1268 2815 1387 2850 notitia
1409 2819 1575 2857 manaret,

170 2866 344 2911 Georgius
372 2869 596 2914 Pachynon-es
624 2871 674 2904 11.
1238 2867 1294 2906 22
