1858 3126
541 168 643 210 LlB.
677 167 711 210 1.
779 165 1139 209 GLOSSARIUM.
1473 167 1570 212 709

114 277 295 316 derivato
328 289 350 315 ο
379 277 587 328 paiticipio
608 274 666 317 ὄν
684 273 820 325 ὄντος,
852 275 1070 315 deductum
1091 276 1178 328 pari
1203 275 1377 328 analogia
1399 289 1440 316 se
1458 289 1572 328 posse

112 335 316 402 putaverit
334 333 510 371 indidem
532 334 750 385 producere
770 331 1044 372 vocabulum''
1024 345 1208 381 οντωσις,
1238 333 1346 384 quod
1362 333 1428 372 hie
1444 334 1570 404 ponit.

226 385 508 441 ὄρθοὸοξία
538 403 579 441 Ρ.
602 393 681 432 281
703 403 742 428 v.
760 389 799 430 5.
854 388 885 440 ἦ
908 385 947 429 δ’
971 383 1026 441 ἦν
1041 388 1071 440 ἦ
1085 392 1157 440 τῆς
1172 386 1457 441 ὄρθοδοξίας’
1426 389 1569 443 ημέρα.
1594 396 1622 433 Ρ
1645 399 1709 435 501

113 446 229 485 fuisse
246 445 349 483 hanc
367 446 532 497 primam
555 446 786 483 dominicam
805 445 1121 496 quadragesimae
1144 445 1287 485 diserte
1305 445 1422 484 docet
1434 445 1570 485 Philo—

112 502 229 540 theus
246 501 435 539 homilia
424 516 466 540 m
491 507 510 544 1
533 501 643 540 Dom.
663 502 861 552 Quadrag.
881 502 937 541 sic
958 501 1152 541 scribens:
1180 504 1233 558 τῇ
1251 518 1302 542 nv
1304 502 1425 569 ριακῇ
1442 499 1519 543 παῦ

111 557 181 599 καὶ
201 554 345 627 πρώτῃ
357 561 440 598 ταῖν
462 561 653 610 νηστειῶν
673 557 703 610 ἦ
726 561 799 598 τοῦ
817 560 992 626 Χριστοῦ
1014 557 1200 610 ἐκκλησία
1220 555 1422 611 ἑορτάζειν
1447 575 1567 612 παρ-

39 633 42 635 ’
112 615 210 679 λαβε
223 612 300 665 τήν
319 610 578 667 ὄρθοὸοξίαν,
606 612 699 684 ἥξοι
711 612 787 666 τὴν
802 609 1077 666 ἆναστήλωσιν
1091 617 1172 654 τῶν
1189 618 1343 655 osu-cdv
1358 613 1426 655 καὶ
1442 614 1569 681 ἁγίων

112 667 281 711 εἰκόνων
298 669 517 723 γενομένην
538 668 646 722 παραὶ
667 668 832 722 Μιχαηλ
851 671 1042 722 βασιλέως
1063 669 1132 710 καὶ
1155 667 1367 723 Θεοδώρας
1388 674 1461 723 τῆς
1475 667 1569 713 τού-

110 741 182 766 του
189 724 355 792 μητρός
380 729 451 778 τῆς
468 727 664 778 μακαρίας
679 727 902 778 βασιλίδος,
931 725 1000 766 καὶ
1022 729 1096 766 τοῦ
1114 724 1231 778 ἁγίου
1249 728 1467 768 Μεθοδίου
1487 743 1567 768 πα-

110 797 299 847 τριαρχου
330 785 404 833 τῆς
429 779 900 830 Κωνσταντινουπόλεως.
958 784 1042 820 ista
1070 781 1277 820 domnica
1295 785 1438 835 prima
1466 786 1567 822 ieiu-

109 840 272 877 niorum
295 838 450 876 Christi
472 839 635 876 ecclesia
658 840 834 890 suscepit
857 837 1137 876 celebrandam
1155 838 1456 888 orthodoxiam,
1484 842 1567 878 sive

109 896 398 932 restitutionem
432 893 754 932 venerandarum
785 902 821 932 et
846 902 1077 932 sanctarum
1099 896 1328 946 imaginum
1347 897 1512 946 factam
1539 910 1567 935 a

109 950 310 989 Miclmele
326 952 563 1001 imperatore
581 958 616 990 et
641 950 844 989 Theodora
863 951 991 991 huius
1010 957 1138 991 matre
1157 951 1276 989 beata
1301 953 1564 1003 imperatrice,

109 1014 147 1044 et
163 1014 304 1044 sancto
327 1006 534 1044 Metlzodio
546 1008 791 1059 patriarcha
811 1007 1270 1058 Constantinopolitano.
1327 1008 1435 1058 quod
1454 1008 1496 1046 in
1519 1021 1566 1046 ea

110 1060 304 1101 dominica
320 1063 493 1101 eodinus
520 1063 545 1101 l.
564 1064 613 1101 de
631 1063 746 1103 offic.
769 1064 900 1102 innuit
930 1064 1087 1101 recitari
1108 1063 1269 1102 solitum
1286 1064 1467 1102 adstante
1486 1065 1566 1102 im-

107 1125 292 1171 peratore
312 1119 565 1171 synodicum,
593 1120 755 1158 videtur
782 1119 999 1170 significare
1018 1120 1224 1158 formulam
1249 1120 1342 1158 fidei
1364 1121 1445 1158 sive
1465 1133 1565 1158 ana-

107 1175 375 1214 thematismos
395 1175 439 1213 in
467 1175 644 1214 haereses
671 1190 693 1214 a
714 1177 874 1228 synodis
902 1177 1087 1214 decretos.
1143 1177 1285 1226 quibus
1308 1182 1566 1216 consentanee

107 1231 246 1270 scribit
259 1231 515 1283 Pachymeres
540 1246 577 1283 p.
604 1235 660 1274 32
677 1245 715 1271 v.
737 1237 784 1273 11
815 1235 998 1274 loannem
1018 1233 1186 1273 veccum
1206 1232 1470 1283 patriarcham
1489 1233 1564 1270 ad-

109 1287 253 1326 didisse
281 1288 430 1338 aliquot
453 1287 795 1326 anathematismos
812 1289 859 1326 iis
878 1290 944 1339 qui
965 1289 1139 1326 solebant
1161 1289 1319 1327 recitari
1335 1288 1397 1326 die
1420 1288 1562 1327 ortho-

108 1343 261 1382 doxiae.
318 1356 368 1381 ex
389 1357 468 1394 quo
494 1345 744 1395 intelligimus
773 1358 853 1382 non
884 1345 1001 1383 fuisse
1024 1346 1239 1382 necessario
1267 1345 1370 1383 illud
1397 1344 1562 1396 synodi-

107 1413 199 1438 cum
217 1400 418 1438 decretum
437 1406 507 1438 aut
528 1413 715 1439 canonem
731 1401 871 1452 synodi
890 1401 1178 1450 oecumenicae,
1208 1401 1276 1439 sed
1294 1401 1465 1452 potuisse
1487 1401 1562 1439 snb

105 1456 149 1494 id
175 1468 317 1494 nomen
334 1457 470 1495 venire
488 1456 706 1495 sanctiones
726 1463 893 1495 statutas
910 1458 951 1495 in
977 1457 1186 1496 ordinariis
1208 1457 1369 1509 synodis
1388 1457 1562 1509 patriar-.-

106 1511 203 1551 chae
226 1514 424 1562 cuiusque.

217 1573 678 1621 παραθεωρεῖσθαι
706 1582 745 1620 p.
774 1571 857 1611 618
885 1583 925 1617 v,
956 1572 995 1611 7.
1050 1570 1129 1620 agit
1155 1569 1205 1607 de
1233 1568 1294 1607 his
1318 1569 1386 1619 qui
1413 1569 1561 1608 acerbis

105 1625 219 1663 iussis
236 1624 440 1663 Athanasii
467 1624 716 1677 patriarchae
740 1625 857 1665 inviti
885 1626 1010 1663 coacti
1038 1626 1211 1664 ieiunare
1241 1626 1338 1663 clam
1371 1638 1563 1664 comessa-

105 1681 275 1733 bantur3
303 1681 409 1719 unde
430 1682 739 1731 consequebatur
759 1694 836 1729 eos,
865 1682 973 1732 quod
988 1688 1104 1720 nocte
1121 1682 1352 1732 intempesta
1372 1681 1563 1718 comedis-

105 1742 204 1785 sent,
236 1737 393 1775 adstare
407 1738 660 1788 posti-idianis
677 1738 872 1775 sacrificiis
891 1745 1047 1777 saturos
1066 1744 1107 1776 et
1126 1738 1291 1787 crudos3
1318 1737 1361 1774 in
1379 1750 1457 1786 quo
1476 1742 1563 1774 erat

104 1792 360 1831 irreverentia
393 1793 617 1844 disciplinae
643 1795 768 1846 veteri
798 1794 995 1833 damnata.
1059 1799 1178 1832 vocat
1212 1807 1303 1843 ergo
1334 1798 1469 1830 noster
1494 1791 1562 1829 hic

105 1853 458 1899 παραθεωρεῖσθαι
481 1847 670 1899 μυστικάς
690 1851 839 1897 θυσίας
862 1850 1002 1888 violari
1022 1849 1282 1887 reverentiam
1300 1848 1466 1897 mystico
1496 1860 1561 1885 sa-

106 1903 253 1941 crificio
274 1903 446 1940 debitam
466 1917 515 1941 ex
542 1918 617 1942 usu
634 1906 780 1953 veteri,
816 1906 1031 1944 assistentia
1057 1919 1138 1947 non
1159 1905 1379 1948 ieiunorum
1401 1917 1423 1940 a
1444 1909 1562 1940 nocte

106 1959 250 1997 m'edia.
305 1963 475 2011 θεωρεῖν
496 1965 535 1996 et
552 1965 797 2012 θεωρεῖσθαι
818 1961 985 1998 verbum
1008 1966 1067 1997 est
1091 1959 1211 1997 sacris
1232 1959 1324 1996 olim
1345 1958 1559 2007 addictum,

106 2021 211 2053 caste
236 2014 362 2052 obitas
387 2015 615 2052 cerimonias
641 2021 680 2052 et
707 2016 894 2066 religiosis
920 2022 1197 2066 praeparatum
1224 2015 1363 2052 ritibus
1394 2027 1559 2066 conspe-

107 2077 216 2109 ctum
244 2071 520 2121 mysteriorum
545 2071 777 2121 exprimens.
831 2070 925 2108 hinc
944 2072 984 2108 in
1007 2071 1170 2120 epistola
1190 2070 1362 2107 Platonis
1386 2071 1430 2110 οἷ
1447 2075 1558 2110 θεω-

106 2130 271 2180 ροῦντες
296 2126 338 2166 ἐν
361 2130 534 2175 Δελφοῖς
563 2126 731 2163 ministri
758 2126 871 2163 iuxta
898 2127 1000 2164 ritus
1029 2126 1109 2163 illic
1140 2131 1345 2163 consuetos
1365 2126 1558 2178 Apollinis

106 2183 232 2222 cultui
250 2187 436 2220 vacantes
458 2187 497 2218 et
514 2182 642 2219 varias
660 2182 878 2219 functiones
895 2181 1088 2231 religionis
1109 2181 1191 2219 eius
1213 2182 1408 2232 proprias,
1438 2194 1558 2232 opera

107 2238 398 2277 consulentibus
435 2238 663 2288 praesertim
702 2237 905 2275 oraculum
939 2237 1139 2285 navanda,
1182 2238 1382 2279 obeuntes.
1449 2237 1558 2276 unde

106 2295 358 2345 Thucydides
375 2295 401 2331 l.
419 2296 445 2336 5
467 2298 638 2345 θεωρεῖν
653 2291 750 2332 και-οἳ
770 2290 916 2345 πάτρια
935 2292 1013 2332 hoc
1035 2298 1118 2341 est,
1147 2294 1287 2344 opinor
1299 2322 1309 2336 ,
1332 2293 1412 2331 ritu
1431 2307 1454 2331 a
1469 2307 1558 2331 ma-

107 2351 255 2388 ioribus
280 2351 429 2388 tradito
461 2363 569 2387 sacra
597 2349 725 2387 officia
756 2349 884 2397 obire,
914 2349 1113 2398 coniungit
1141 2361 1230 2386 cum
1255 2345 1376 2396 θύειν
1396 2355 1437 2386 et
1457 2364 1558 2400 μαν-

107 2403 295 2446 τεύεσθαι
321 2405 539 2444 sacrificare
569 2411 608 2442 et
647 2405 848 2443 oraculum
876 2405 1076 2442 consulere
1105 2409 1174 2442 aut
1201 2410 1400 2455 acceptum
1427 2405 1554 2443 edere.

110 2475 190 2499 non
218 2463 320 2500 enim
349 2462 492 2500 accedo
518 2461 747 2502 scholiastae
772 2461 935 2499 verbum
965 2464 1134 2512 θεωρεῖν
1161 2473 1207 2498 eo
1228 2461 1316 2498 loco
1343 2460 1556 2511 exponenti

108 2516 290 2570 θεωροιῗς
311 2518 505 2570 πέμπειν;
538 2517 587 2554 de
608 2530 687 2566 quo
710 2517 886 2568 pluribus
916 2515 1128 2553 disserendi
1151 2529 1231 2564 non
1258 2522 1317 2554 est
1342 2516 1407 2553 hic
1431 2517 1556 2555 locu&

109 2586 228 2623 porro
246 2575 404 2623 quando
424 2575 471 2611 ab
489 2573 656 2624 indignis
678 2579 749 2611 aut
768 2586 850 2610 non
873 2572 1040 2622 legitimo
1059 2571 1221 2609 initiatis
1245 2578 1437 2625 apparatu
1461 2571 1555 2610 ἐπο-

109 2629 189 2677 ψία
212 2636 441 2680 conspectus
466 2629 760 2678 mysteriorum,
800 2634 870 2667 ant
901 2634 1038 2665 contra
1063 2639 1180 2675 quam
1206 2627 1265 2664 fas
1290 2633 1348 2664 est
1378 2626 1553 2676 neglecto

110 2688 259 2720 statuto
283 2685 359 2722 ritu
388 2685 607 2735 religiosum
636 2684 795 2735 aliquod
822 2684 955 2722 obitur
982 2682 1175 2733 officium,
1205 2685 1558 2735 παραθεωρεῑσθαι

112 2737 257 2788 despici
273 2745 314 2777 et
328 2741 438 2790 quasi
454 2740 578 2791 pollui
595 2754 705 2778 sacra
724 2740 924 2779 dicuntur.
966 2739 1021 2776 sic
1035 2738 1252 2790 Hesychius
1269 2738 1431 2788 exponit
1452 2751 1554 2788 παρ·

114 2797 365 2847 εθεωροῦντο
395 2799 728 2849 κατεφρονοῦντο.
797 2795 866 2833 ubi
892 2794 966 2833 etsi
991 2794 1175 2834 videatur
1199 2794 1389 2847 respicere
1423 2792 1554 2831 locum
