1820 3112
231 161 326 207 180
646 158 882 203 GEORGII
915 157 1270 201 PACHYMERIS

172 283 205 317 E
228 274 404 330 γε’νοντο,
438 272 512 327 οὐχ
531 266 655 326 ἦττον
677 275 759 315 τῶν
782 274 969 314 παλαιῶν
991 270 1242 326 ἓμπρησμῶν
1259 271 1326 314 καὶ
1343 268 1471 314 αὗτοῦ
1491 269 1565 326 τὴν
1586 270 1694 314 ῗδίαν

222 340 384 397 μνήμην
408 343 474 383 καὶ
500 342 554 390 εἷς
574 340 620 382 τὸ
641 340 751 382 ἐπιὸν
781 341 1120 393 καταλείψαντος.
1191 339 1296 382 ἀλλὰ
1315 341 1382 383 καὶ
1403 335 1529 390 αὖθις
1549 343 1696 382 συνελ-

223 408 369 459 θόντες
391 407 450 459 οἷς
472 410 599 451 ἐκεῖνα
620 409 818 466 διέφερον,
855 411 921 451 καὶ
937 406 1054 463 μόλις
1072 408 1206 464 γυμνιὶ
1229 406 1337 463 μόνα
1357 408 1410 451 τὰ
1431 406 1565 464 ἐδάφη
1584 424 1692 464 γνω-

223 480 408 534 ρίσαντες
443 476 524 520 ἀπό
558 495 678 521 τινων
709 478 903 532 ἀμυδρῶν
925 479 1125 531 σημείων,
1165 477 1457 533 δαψιλέστερον
1478 478 1692 519 ἐποικοδο-

221 551 420 599 μοῦνται,
457 546 658 599 βασιλέως
687 544 885 598 ἀπόντος,
925 545 1024 589 ὥστ’
1049 547 1113 588 ἐπὶ
1141 543 1287 599 μόναις
1310 545 1452 595 ἀκοαῖς
1470 546 1620 587 ἐκείνου
1643 544 1724 591 τόὄ

221 613 362 664 πάθος
392 619 562 670 στῆναι,
603 615 650 657 οὐ
686 615 769 669 μὴν
800 615 844 656 δὲ
870 617 937 657 καὶ
969 614 1112 664 αὐταῖς
1140 614 1296 666 ὄψεσιν.
1366 614 1582 671 ἐφίσταται
1610 613 1690 669 γὰρ

221 684 580 738 ἀνοικοδομηθεῖσι
614 681 904 740 λαμπρότερα,
947 685 1013 726 καὶ
1057 682 1246 739 ἁλμυρὰν
1286 683 1413 738 ἀκοὴν
1447 682 1490 724 αἳ
1524 679 1690 736 πότιμοι

219 757 292 808 τῆς
316 752 451 807 ὅψεως
470 752 630 795 damna>
651 751 811 802 ἰδόντος
828 752 934 805 μεθ’
961 750 1203 808 ἱλαρότητος
1223 749 1516 796 ἀπεκλύσαντο.

75 848 103 882 Ρ
130 849 195 883 120
358 844 435 888 26.
505 842 650 893 Αὐτὸς
681 843 726 885 δὲ
763 842 866 896 μετὰ
903 847 976 884 τοῦ
1007 843 1383 898 πρωτοβεστιαρίου
1415 843 1482 885 καὶ
1509 838 1687 896 μεγάλου

217 912 443 968 λογοθέτου
479 909 630 965 κήδους
660 909 926 966 συνάλλαγμα
958 910 1250 966 ποιησόμενος,
1289 910 1392 954 ὥστε
1419 911 1490 953 τὸν
1513 914 1586 953 τοῦ
1604 915 1685 964 βοι-
1699 917 1743 952 10

217 980 359 1030 σιλέως
381 978 641 1037 αὐτάδελφον
658 978 875 1036 Θεόδωρον
898 981 952 1030 εἷς
973 978 1103 1036 γάμον
1123 979 1350 1036 ἀγαγέσθαι
1370 979 1446 1034 τὴν
1467 983 1540 1022 τοῦ
1557 981 1687 1022 Μου-

218 1047 418 1101 ζάλωνος,
455 1050 542 1091 ἐπεί
569 1065 611 1104 γε
645 1049 974 1105 κατηγγυημένης
1007 1047 1133 1104 οἰῑσης
1165 1053 1239 1103 τῆς
1267 1046 1392 1103 κόρης
1407 1047 1559 1102 συνέβη
1580 1064 1620 1090 τι
1641 1049 1685 1090 ἔκ

215 1119 381 1167 νοθείας
403 1115 506 1172 πρός
525 1134 614 1159 τινα
632 1121 713 1160 τῶν
736 1116 890 1172 ταύτης
914 1122 1116 1172 συγγενῶν
1131 1151 1143 1169 ,
1181 1115 1385 1173 φερούσης
1415 1113 1685 1173 ἀμφισβήτη-

215 1203 279 1229 σιν
309 1191 383 1241 τῆς
414 1184 615 1241 ζητήσεως
640 1188 674 1228 εἷ
702 1184 922 1228 κεκώλυται
939 1186 987 1228 τὸ
1008 1184 1299 1241 συνάλλαγμα,
1337 1188 1485 1239 συνῆγε
1503 1184 1577 1238 μὲν
1605 1183 1683 1240 ἆρ-

166 1268 195 1303 Β
215 1262 359 1312 χιερεῖς
382 1259 524 1310 συνῆγε
545 1256 588 1297 δὲ
613 1256 679 1296 καὶ
702 1254 799 1305 τοὺς
827 1259 902 1298 τοῦ
927 1252 1078 1311 κλήρου
1101 1255 1284 1311 λογίους,
1314 1255 1382 1296 καὶ
1406 1250 1560 1307 συνάμ’
1580 1253 1680 1295 ἐκεί·
1694 1259 1737 1294 15

213 1341 297 1373 νοις
317 1325 383 1367 καὶ
405 1321 673 1380 πατριάρχην,
695 1324 818 1366 ἐκεῖσε
838 1323 955 1373 ’ὄντος
974 1325 1040 1366 καὶ
1057 1328 1131 1366 τοῦ
1150 1322 1525 1380 πρωτοβεστιαρίου
1539 1334 1549 1345 ·
1586 1320 1682 1364 οὐδὲ

212 1392 291 1449 γὰρ
312 1391 338 1446 ἡ
361 1390 482 1441 νόσος
511 1392 571 1435 εἴα
595 1389 759 1449 μακράν
781 1409 860 1436 που
877 1396 960 1435 τῶν
979 1389 1214 1450 ἀνακτόρων
1237 1393 1543 1446 κατασκηνοῦν,
1579 1388 1677 1432 ἀλλ’

302 1523 335 1558 7.
361 1519 643 1567 λαμπρότερονὶ)
781 1523 834 1558 16.
857 1518 1062 1570 πατριάρχῃ
1084 1523 1125 1558 Ρ.

212 1635 348 1670 tandem
364 1635 575 1680 praepollere
590 1636 785 1678 valuerunt,
809 1647 872 1670 nec
895 1636 944 1670 sic
965 1639 1079 1671 tamen
1103 1636 1250 1671 assecuti
1272 1635 1352 1682 quin
1374 1645 1528 1681 magnam
1551 1637 1587 1670 et
1607 1635 1678 1670 late

212 1681 377 1715 illustrem
401 1682 454 1715 hic
480 1693 625 1726 quoque,
649 1683 699 1716 uti
723 1682 851 1716 caeteri
875 1682 1020 1727 priores,
1042 1684 1198 1717 funestus
1220 1694 1324 1727 rogus
1346 1682 1380 1716 in
1402 1686 1536 1727 tempus
1559 1687 1678 1727 poste-

210 1739 285 1761 rum
314 1727 509 1761 memoriam
540 1728 768 1773 relinqueret,
802 1739 1003 1773 quamquam
1035 1729 1103 1762 cito
1137 1739 1254 1762 rursus
1287 1730 1446 1762 coiiuntes
1468 1727 1593 1762 domini
1615 1729 1679 1762 ab·

213 1778 421 1818 sumptarum
446 1772 598 1814 aedium,
621 1780 657 1808 et
682 1774 841 1808 certatim
865 1774 992 1808 emoliti
1016 1777 1127 1808 strues
1152 1774 1274 1808 cineris
1298 1775 1592 1819 ambustorumque
1616 1785 1678 1807 ru-

211 1819 342 1862 derum,
364 1819 470 1853 solum
493 1820 551 1853 ubi
575 1820 662 1854 sitae
684 1820 763 1854 illae
784 1821 921 1854 fuerant
944 1831 1011 1854 non
1033 1819 1107 1854 sine
1127 1820 1330 1854 difficultate
1351 1831 1371 1854 e
1393 1819 1497 1865 signis
1517 1818 1676 1856 tenuibus

212 1865 407 1899 coniectura
438 1865 554 1899 solerti
584 1869 829 1911 agnoscentes,
862 1865 1008 1911 impigre
1037 1871 1263 1911 reposuerunt
1284 1877 1351 1900 non
1372 1866 1481 1900 minus
1513 1875 1675 1911 operosas

210 1922 274 1945 nec
297 1910 467 1945 inferioris
491 1911 663 1957 prioribus
686 1912 878 1956 elegantiae
904 1912 1007 1946 moles
1031 1923 1092 1957 per
1116 1912 1302 1946 absentiam
1324 1910 1559 1966 imperatoris,
1587 1910 1674 1945 adeo

210 1962 250 1990 ut
273 1957 301 1990 is
324 1957 460 1991 tandem
484 1958 562 1992 urbi
585 1958 738 1993 redditus
768 1958 997 2003 gratularetur
1020 1958 1091 1992 solo
1115 1957 1183 1992 sibi
1206 1957 1335 1992 aurium
1365 1957 1493 1992 ludicio
1517 1961 1674 1991 constare

211 2002 367 2036 notitiam
397 2002 564 2046 incendii,
597 2005 687 2039 nullo
717 2003 785 2039 iam
816 2004 922 2038 oculis
955 2003 1137 2049 superstite
1168 2003 1222 2038 sui
1251 2003 1396 2049 vestigio
1428 2002 1596 2038 sensibilis
1627 2003 1672 2037 ob

211 2051 349 2082 strenue
371 2054 599 2084 restauratam
633 2050 894 2096 speciosioribus
918 2050 1020 2084 etiam
1046 2049 1210 2084 aedificiis
1234 2050 1340 2084 omnis
1363 2053 1456 2084 retro
1479 2049 1598 2083 ruinae
1620 2048 1672 2083 ia-

210 2098 357 2137 cturam,
395 2099 547 2129 cunctam
579 2096 679 2141 plane
710 2096 778 2130 iam
809 2095 992 2130 amaritiem
1018 2095 1129 2130 tristis
1151 2095 1288 2130 auditus
1315 2095 1404 2129 dulci
1425 2095 1506 2130 laeti
1529 2105 1673 2140 conspe-

213 2142 311 2181 ctus,
335 2140 605 2185 magnificentius
631 2142 794 2177 universa
816 2143 968 2188 reposita
989 2141 1230 2184 monstrantis,
1253 2141 1428 2187 voluptate
1449 2141 1612 2175 diluente.

301 2208 357 2241 26.
404 2208 488 2242 Eam
521 2209 724 2248 bilaritatem
755 2209 839 2244 festi
870 2210 924 2245 sui
952 2210 1081 2244 reditus
1103 2210 1139 2243 in
1161 2210 1279 2244 urbem
1302 2221 1344 2244 ex
1365 2207 1511 2243 incendii
1532 2206 1672 2242 calami-

208 2255 282 2286 tate
315 2252 455 2297 pristino
490 2255 660 2299 splendori
683 2257 875 2290 restitutam
897 2256 1060 2301 insignire
1086 2256 1269 2301 imperator
1298 2255 1407 2289 voluit
1428 2253 1596 2288 luculento
1617 2252 1670 2286 sui

210 2297 355 2332 affectus
387 2299 420 2332 in
453 2302 751 2344 protovestiarium
781 2308 817 2336 et
849 2314 1003 2347 maguum
1033 2303 1241 2346 logothetam
1273 2300 1486 2336 Muzalonem
1516 2298 1668 2343 pignore·

208 2343 336 2377 honore
362 2344 518 2378 videlicet
539 2347 654 2391 regiae
676 2347 872 2390 affinitatis,
905 2360 973 2394 qua
995 2348 1087 2381 illum
1111 2357 1292 2392 aggressus
1314 2345 1494 2379 admovere
1519 2343 1669 2378 familiae

209 2390 404 2434 Augustae,
432 2390 510 2424 licet
533 2393 664 2437 coeptis
685 2394 924 2428 intervenisset
945 2393 1154 2427 obstaculum
1177 2393 1318 2436 ingens,
1347 2389 1478 2434 gratiae
1501 2393 1668 2424 constan—

210 2435 255 2469 tis
278 2436 484 2470 abundantia
507 2437 638 2481 quidvis
661 2439 845 2480 eluctatus,
881 2440 1024 2484 denique
1046 2438 1136 2483 quod
1159 2437 1390 2471 destinaverat
1419 2434 1578 2480 perfecit.
1623 2446 1667 2469 ac

236 2480 374 2525 rincipio
408 2481 541 2527 quidem
574 2484 636 2517 sub
670 2484 734 2517 hoc
765 2487 897 2528 tempus
925 2484 1029 2517 filiam
1064 2482 1250 2517 Muzalonis
1281 2481 1382 2516 fratri
1403 2492 1464 2515 suo
1487 2480 1668 2526 despondit

245 2526 404 2560 heodoro.
449 2539 563 2561 verum
595 2528 775 2562 celebratis
803 2529 868 2562 iam
901 2528 1134 2574 sponsalibus,
1168 2539 1242 2562 cum
1263 2526 1526 2571 inopinatissime
1552 2525 1667 2570 puella

208 2571 419 2616 deprehensa
451 2579 541 2607 esset
571 2577 703 2608 uterum
734 2585 855 2617 gerere
895 2573 1132 2618 consanguinei
1163 2573 1337 2607 cuiusdam
1366 2572 1500 2607 incestu
1530 2571 1666 2612 vitiata,

207 2617 361 2662 quaestio
395 2622 478 2652 nata
509 2623 563 2652 est
594 2623 707 2653 utrum
737 2620 794 2652 illo
822 2618 954 2663 flagitio
973 2620 1072 2652 fieret
1092 2619 1194 2652 irrita
1215 2618 1450 2663 desponsatio,
1483 2621 1519 2652 et
1541 2617 1663 2662 ecquid

205 2663 416 2698 nihilominus
440 2664 558 2698 liceret
579 2664 720 2699 ulterius
742 2675 848 2709 usque
872 2665 916 2698 ad
939 2665 1077 2709 nuptias
1098 2664 1294 2710 procedere.
1339 2663 1399 2698 isti
1418 2662 1664 2708 disceptandas

204 2709 454 2745 controversiae
476 2710 695 2754 congregavit
717 2710 893 2755 episcopos
915 2710 1118 2754 imperator,
1150 2710 1267 2744 eodem
1297 2709 1397 2743 etiam
1420 2708 1578 2743 adhibitis
1599 2708 1665 2742 do-

200 2755 366 2790 ctioribus
387 2767 407 2790 e
430 2755 520 2791 clero
542 2758 686 2802 ipsoque
708 2755 918 2802 patriarcha,
941 2760 1120 2801 praesente
1142 2766 1276 2801 quoque
1297 2754 1577 2800 protovestiario‚
1603 2753 1664 2799 qui

198 2806 339 2846 propter
361 2802 511 2837 morbum
534 2802 703 2837 ventitare
725 2802 773 2838 ad
796 2801 958 2848 palatium
982 2813 1003 2836 e
1024 2800 1207 2848 longinquo
1229 2812 1296 2836 non
1317 2800 1454 2844 valens,
1477 2800 1572 2836 iussu
1589 2799 1664 2834 Au-
