1858 3126
386 135 460 179 DE
494 131 825 177 ANDRONICO
855 128 1232 174 PALAEOLOGO
1266 130 1312 173 L.
1342 129 1417 174 IV.
1532 127 1627 174 305

378 246 426 291 οὗ
443 246 522 303 γὰρ
544 244 604 288 ἕν’
630 243 843 288 ἀπλανέων
861 242 967 286 κατὰ
986 247 1137 299 μοῖραν
1155 245 1292 298 χῶρον
1312 239 1485 297 ἔτετμεν.

379 313 486 358 ἀλλά
505 314 546 370 γ’
570 311 743 368 ἑκάστης
763 312 910 362 νυκτὸς
932 310 1119 366 ἀνώτερα
1140 309 1217 365 εἶχε
1235 311 1428 364 κέλευθα,

378 383 517 440 με’σφα
540 379 788 438 ὖπερπόδισ’
807 381 893 424 αἰέν
914 378 1118 435 ἀνώτερος
1136 378 1478 435 ἄμφαναβαίνων,

377 451 480 495 ἔνθα
501 451 539 494 οἱ
562 450 684 506 ἄκραι
704 449 756 493 τὰ
776 453 921 506 πρῶτα
939 450 1073 504 τρίχες
1088 445 1359 504 ἐμπεφῦασιν,
1647 449 1677 484 C

126 534 147 568 5
376 515 457 576 ἦκα
477 517 778 575 μαραινόμενος
796 519 1000 575 μείουρος,
1038 517 1104 560 καὶ
1128 513 1221 559 τότε
1239 520 1348 571 λῆξε.

157 591 247 647 περὶ
274 585 423 632 τούτου
445 588 562 631 ἄλλοι
593 588 668 643 μὲν
698 587 834 637 ἄλλως
858 586 1131 643 ἀπεφαίνοντο
1154 586 1222 627 καὶ
1242 582 1297 635 ὥς
1317 583 1423 639 εἶχον
1441 584 1626 642 γνώσεως

157 658 306 714 ἔλεγον,
343 658 381 700 οἱ
402 658 564 707 πλείους
582 656 624 700 δ’
651 657 707 706 εἷς
733 655 858 699 κακὸν
874 654 1009 698 κοινὸν
1031 654 1106 710 τὴν
1128 653 1317 709 ἐπιτολὴν
1336 654 1485 698 ἐκείνου
1507 657 1624 713 {cpol-

155 728 282 781 βαζον
297 740 308 750 ·
349 726 483 776 οὐδεὶς
504 725 583 782 γὰρ
601 723 782 780 κομήτης
803 723 917 774 ὅστις
940 722 988 767 οὗ
1007 721 1126 780 φύσει
1146 719 1293 775 κακός,
1330 724 1469 779 φασίν.
1532 725 1622 779 ἐμοὶ

1362 789 1374 805 t

155 796 202 838 δὲ
225 799 276 853 τῇ
295 799 378 838 τῶν
401 793 506 838 ὅλων
523 794 814 850 προσανέχοντι
833 791 966 850 φύσει,
1005 793 1072 835 καὶ
1092 795 1252 846 μᾶλλον
1275 789 1336 842 οἷς
1355 811 1376 835 ο
1399 791 1623 851 Σταγειρό-

103 877 147 911 10
157 868 232 907 θεν
261 868 501 921 φιλοσοφεῖ,
548 863 678 905 ἐκεῖνα
710 860 820 919 ἐπῄει
854 862 980 918 λέγειν
1011 862 1106 916 περί
1121 877 1164 903 τε
1182 865 1257 915 τῆς
1276 857 1467 917 κινούσης
1483 864 1619 913 αἰτίας
1641 866 1673 901 D

157 934 224 975 καὶ
243 928 369 982 αὖθις
393 937 466 988 τῆς
488 935 644 986 τελικῆς
666 933 732 973 καὶ
754 925 810 974 ὧν
832 928 1146 987 προεφωσφόρει
1169 928 1508 984 ἀποβησομένων,
1542 931 1623 975 ὅσα

157 1001 209 1056 δὴ
240 1003 307 1044 καὶ
336 1000 390 1043 τὰ
420 1001 495 1055 μὲν
522 997 856 1056 προυγεγῦνεισαν
883 999 936 1042 τὰ
966 998 1010 1041 δ’
1034 997 1202 1051 ἔμελλον
1230 996 1508 1054 ἔπιγεγονὲναι.
1579 1001 1622 1052 ἐξ

155 1069 275 1126 ἔαρος
298 1068 378 1126 γὰρ
405 1070 472 1111 καὶ
501 1069 542 1118 ἐς
569 1066 662 1111 τότε
690 1068 847 1123 αὐχμὸς
873 1065 1098 1111 παιπαλόεν
1128 1066 1176 1110 τὸ
1206 1066 1331 1110 πέδον
1361 1068 1518 1118 δεικνὺς
1538 1068 1620 1122 ἀμ-

155 1145 265 1195 φεΐχε
292 1138 369 1193 τὴν
398 1139 489 1194 περὶ
522 1135 632 1192 ἡμᾶς
659 1137 927 1192 οἰκουμένην,
974 1134 1030 1187 ὥς
1054 1136 1184 1192 μηδὲν
1217 1136 1292 1188 μὲν
1331 1135 1619 1188 ἕκβλαστᾶνειν

100 1218 143 1254 15
156 1205 305 1262 ἰσχύειν
323 1205 402 1250 ὅσα
424 1207 492 1248 καὶ
510 1206 664 1263 θέρους
684 1204 820 1249 εἰώθει
839 1203 1110 1260 βλαστάνειν,
1147 1201 1282 1246 πάντα
1305 1205 1349 1247 δέ
1369 1205 1528 1262 ᾳ-ρέατα
1552 1209 1620 1249 καὶ

153 1280 289 1326 πᾶσας
309 1275 442 1332 πηγὰς
457 1275 703 1330 ἀποσβῆναι.
759 1273 845 1317 εἶτα
863 1275 908 1318 δὲ
931 1275 998 1317 καὶ
1022 1275 1200 1330 ἓκνεφιάι
1221 1274 1340 1329 ξηροί
1355 1290 1398 1316 τε
1415 1276 1482 1316 καὶ
1504 1275 1612 1331 ἀπη-
1637 1282 1669 1316 Ε

155 1350 254 1393 νεΐς·
305 1347 494 1398 λειμῶνες
535 1345 598 1386 ἐπὶ
629 1343 713 1402 ὅλῳ
742 1345 839 1399 μηνὶ
869 1344 938 1386 καὶ
964 1340 1147 1398 πρόωροι
1185 1339 1480 1397 ξυμβεβήκασι.
1551 1347 1618 1386 καὶ

153 1413 384 1465 ταῦταμὲν
420 1410 442 1455 ὅ
471 1409 717 1469 συγγράφων
737 1444 750 1464 ,
798 1411 870 1454 τὸν
904 1416 1002 1454 νοῦν
1036 1412 1252 1462 {nepetam
1283 1417 1370 1460 τοῖς
1407 1419 1615 1468 φυσικοῖς·

151 1479 283 1537 ἠγνόει
299 1481 343 1523 δὲ
365 1480 448 1537 ἄρα
475 1483 542 1523 καὶ
574 1479 630 1530 ὥς
650 1477 836 1536 μεγάλων
858 1480 1006 1530 ε’κεΐνος
1031 1477 1226 1534 κατάρχει
1246 1484 1405 1531 κακῶν,
1445 1480 1492 1522 οὐ
1511 1484 1615 1538 τῷδε

96 1548 180 1605 2οἢ
202 1551 306 1610 τῷδε
325 1549 437 1607 με’ρει
464 1553 547 1593 τῶν
572 1549 671 1593 κατ’
701 1549 904 1605 ἀνατολὴν
926 1546 1287 1606 ἔπεισφρησάντων
1310 1546 1470 1602 τόπων,
1511 1549 1616 1592 ἀλλὰ

368 1702 485 1736 ocyus,
511 1695 547 1726 et
568 1691 708 1738 propior
729 1702 855 1726 summo
878 1702 955 1726 sese
977 1691 1135 1726 admovet
1157 1691 1224 1725 axi,

369 1749 445 1772 nam
468 1738 592 1773 nuliius
614 1739 681 1772 iter
703 1738 763 1772 fixi
787 1749 899 1772 comes
918 1737 1045 1771 institit
1068 1737 1164 1779 astri,

368 1789 468 1817 nocte
490 1785 550 1818 sed
573 1795 777 1829 unaquaque
798 1785 886 1817 viam
908 1783 944 1817 in
968 1784 1108 1818 sublime
1130 1782 1277 1826 supinat.

366 1829 424 1863 illo
445 1830 580 1870 iterum,
603 1826 774 1875 primaevo
797 1829 857 1864 ubi
879 1829 976 1864 fulsit
997 1830 1103 1871 crine,
1125 1839 1298 1869 reversus,

366 1876 512 1909 marcuit
534 1876 590 1910 hic
612 1877 722 1910 cauda
744 1876 889 1914 mutilus,
911 1875 1085 1921 desiitque
1105 1875 1223 1909 videri.

150 1918 196 1952 <le
217 1918 282 1952 hoc
303 1929 368 1953 uon
391 1932 444 1954 me
467 1922 556 1965 fugit
577 1921 660 1955 aiios
680 1922 780 1956 aliter
803 1921 1011 1966 prodidisse:
1046 1933 1110 1965 ego
1136 1924 1238 1963 prout
1261 1918 1427 1963 cognovi,
1452 1919 1614 1955 hactenus

151 1963 315 2008 expressi.
362 1971 534 2001 caeterum
555 1966 729 2012 plerique,
754 1968 898 2011 vulgare
919 1966 1028 2000 secuti
1052 1965 1293 2011 praeiudicium
1317 1964 1400 1998 trito
1423 1964 1481 1998 illo
1503 1966 1614 2000 versi-

152 2010 228 2043 culo
251 2009 476 2051 celebratum,
506 2013 616 2046 nullus
637 2016 768 2046 cometa
798 2024 864 2046 non
888 2024 951 2046 sua
973 2012 1084 2046 indole
1109 2016 1163 2044 est
1183 2010 1309 2048 malus,
1339 2010 1437 2044 huius
1459 2017 1612 2045 exortum

151 2054 271 2089 stellae
303 2055 346 2089 ad
377 2056 653 2100 significationem
682 2057 905 2091 infaustorum
936 2058 971 2091 in
1004 2068 1176 2091 commune
1206 2061 1384 2090 eventuum
1419 2058 1506 2091 male
1526 2057 1613 2091 omi-

150 2101 262 2135 nando
284 2101 508 2136 detorserunt.
554 2102 636 2136 mihi
658 2114 741 2137 vero
772 2103 960 2137 attendenti
984 2103 1027 2136 ad
1058 2108 1212 2136 naturam
1239 2101 1407 2145 universi,
1437 2103 1614 2148 sequenti-

149 2157 218 2192 que
239 2147 439 2191 praesertim
472 2147 658 2182 disserendi
687 2148 880 2182 methodum
902 2160 924 2182 a
945 2148 1111 2191 Stagirita
1141 2147 1338 2193 philosopho
1360 2148 1538 2190 traditam,
1570 2161 1613 2184 ea

149 2195 257 2227 solum
279 2193 323 2227 de
345 2193 409 2227 isto
432 2194 660 2239 phaenomeno
682 2193 910 2238 consignanda
942 2193 1051 2227 literis
1071 2196 1145 2227 visa
1177 2198 1274 2235 sunt,
1304 2205 1394 2239 quae
1416 2194 1460 2228 ad
1483 2196 1612 2240 princi-

149 2238 242 2284 pium
263 2239 352 2273 unde
375 2243 429 2273 est
451 2245 582 2282 ortum,
617 2240 660 2274 ad
690 2239 799 2273 locum
831 2239 1033 2284 modumque
1065 2250 1107 2273 ac
1135 2242 1268 2284 tempus
1289 2251 1357 2285 quo
1380 2239 1480 2274 desiit
1501 2242 1611 2286 perti-

149 2290 251 2326 nent,
274 2296 340 2318 non
364 2285 494 2319 omissis
515 2286 556 2320 iis
579 2297 668 2331 quae
691 2285 744 2319 vel
766 2295 984 2330 praecessere
1008 2283 1063 2317 vel
1086 2290 1206 2319 secuta
1226 2290 1307 2320 sunt
1327 2286 1402 2320 eius
1424 2287 1612 2332 apparitio·-

149 2341 237 2365 nem.
282 2342 304 2365 a.
331 2342 438 2365 verna
460 2331 568 2376 igitur
585 2331 738 2376 proxime
761 2337 883 2365 exacta
917 2334 1121 2375 tempestate
1149 2342 1256 2376 usque
1286 2331 1330 2365 ad
1361 2333 1610 2377 aequinoctium

149 2377 362 2420 autumnale,
392 2388 459 2422 quo
490 2378 601 2423 coepit
630 2377 763 2419 videri,
797 2376 936 2411 siccitas
966 2376 1096 2410 coelum
1130 2383 1279 2411 nostrum
1312 2377 1447 2412 insolita
1472 2379 1610 2421 torruit,

148 2421 354 2466 squallentes
374 2422 444 2457 late
466 2435 508 2457 ac
537 2424 788 2469 pulverulentos
817 2424 1024 2467 amplectens
1046 2433 1191 2467 campos,
1236 2422 1326 2457 unde
1345 2425 1472 2458 factum
1493 2428 1545 2458 est
1569 2430 1609 2458 ut

148 2467 232 2500 nihil
254 2479 368 2503 eorum
392 2480 482 2514 quae
503 2469 694 2514 germinare
716 2480 779 2514 per
800 2472 964 2503 aestatem
986 2472 1080 2502 terra
1104 2468 1206 2511 solet,
1229 2469 1418 2514 producere
1439 2470 1497 2504 ilio
1521 2481 1608 2504 anno

149 2513 318 2557 potuerit,
339 2525 505 2559 perennes
527 2527 610 2550 vero
633 2515 728 2560 putei
751 2518 786 2549 et
808 2515 906 2549 vivae
928 2513 1153 2558 scaturigines
1173 2514 1314 2548 fontium
1337 2527 1449 2549 omnes
1472 2516 1609 2550 defece-

148 2557 229 2592 rint.
275 2561 370 2594 venti
393 2561 514 2596 deinde
537 2562 667 2604 crebri,
690 2561 798 2602 aridi,
829 2560 1027 2606 procellosi,
1051 2570 1167 2593 auram
1189 2559 1346 2594 afflantes
1368 2573 1471 2604 aegre
1496 2561 1608 2606 spira—-

148 2602 269 2646 bilem,
299 2611 378 2640 sunt
409 2607 486 2641 orti.
543 2612 643 2652 prata
673 2610 745 2641 toto
774 2618 888 2640 mense
920 2605 1018 2639 citius
1051 2605 1261 2649 floruerunt,
1300 2617 1342 2640 ac
1372 2610 1609 2640 maturuerunt

149 2649 260 2683 foena.
303 2652 387 2686 talia
409 2652 587 2687 historicus
611 2665 655 2687 ex
678 2652 849 2698 praesenti
881 2651 1083 2686 naturalium
1106 2655 1284 2686 eventuum
1303 2651 1511 2697 inspectione
1534 2655 1607 2686 tra-

148 2693 229 2727 dere
250 2697 430 2731 memoriae
451 2699 573 2743 potuit.
617 2699 798 2743 ignorabat
817 2702 930 2732 autem
951 2704 1050 2738 tunc,v
1067 2696 1158 2742 quod
1179 2708 1292 2732 rernm
1315 2709 1390 2731 eum
1410 2697 1531 2731 deinde
1553 2708 1608 2731 se-

150 2744 301 2773 cutarum
323 2741 428 2777 tristis
449 2745 659 2789 experientia
680 2744 808 2786 docuit,
831 2743 938 2777 fuisse
960 2743 1049 2776 istud
1072 2743 1203 2780 initium
1227 2744 1410 2787 ingentium
1433 2743 1607 2784 malorum,

151 2795 239 2828 quae
262 2797 327 2819 non
348 2787 435 2822 hanc
456 2794 518 2823 aut
538 2790 629 2824 illam
652 2790 790 2835 proprie
808 2795 939 2835 partem
963 2788 1184 2823 Orientalium
1206 2791 1391 2834 regionum,
1412 2789 1473 2823 sed
1498 2799 1608 2834 aeque

205 2837 377 2883 Georgius
403 2841 626 2886 Pachymeres
654 2843 703 2875 11.
1275 2841 1329 2879 20
