1858 3126
319 140 395 184 DE
427 138 754 183 ANDRONICO
789 135 1160 181 PALAEOLOGO
1195 137 1241 179 L.
1267 134 1362 179 Vll.
1465 134 1562 181 607

108 252 322 312 «κρίσβεων
343 253 384 304 ἐς
407 250 524 296 πόλιν
541 248 915 308 παραγγειλάντων,
950 251 1017 293 καὶ
1042 246 1315 306 ἀγγελλόντων
1335 247 1392 301 ὥς
1409 249 1481 293 καί
1499 267 1561 293 τι-

111 339 180 373 νες
207 327 290 366 τῶν
318 325 495 375 Περσῶν
522 323 743 378 διαπερῷεν
774 318 875 374 ὑπὲρ
904 319 1188 373 τετρακοσίους
1222 320 1316 371 (καὶ
1340 322 1461 362 τοῦτο
1483 319 1562 375 γὰρ

114 389 359 446 ε’βρενθόετο
385 387 682 445 Ῥομοφόρτος,
720 386 775 438 ὦς
803 387 864 442 εἴη
896 387 949 429 τὰ
980 384 1136 429 δυνατά
1168 387 1207 429 οἱ
1235 384 1413 436 ὁπόσους
1446 387 1562 430 θέλοι

114 461 313 513 διαπερᾶν
341 457 439 506 τοὺς
466 457 570 499 κατὰ
604 454 771 515 Θρᾴκην
798 455 1005 510 αἰγιαλοὺς
1032 455 1239 507 κατέχοντι
1268 453 1324 503 ὥς
1351 453 1403 497 ἂν
1431 455 1559 510 μηδὲν
1582 462 1611 496 Ρ
1631 464 1699 499 424

83 525 220 581 5μηὸ’
244 526 349 575 ὅλως
363 525 476 577 παρὰ
497 529 578 567 τῶν
596 529 669 567 τοῦ
685 524 884 577 βασιλέως
904 527 1012 577 νηῶν
1031 523 1384 575 κωλυθησομένων
1395 522 1430 580 ),
1455 541 1565 578 παρ-

116 595 264 637 αυτίκα
295 591 420 648 μοῖρά
447 610 507 640 τις
534 594 599 635 καὶ
626 591 805 645 μάλιστα
835 595 917 634 τῶν
946 594 1121 646 Περσῶν
1152 592 1208 639 εἷς
1238 590 1290 632 τὰ
1320 596 1394 633 τοῦ
1426 595 1465 632 Γ
1463 589 1562 634 άνου

114 662 237 705 στενὰ
267 659 522 714 εἰσβαλόντες
555 660 741 713 αὐτοβοεὶ
770 659 840 702 τὸν
867 659 1016 713 αὐχένα
1050 658 1272 712 κατέσχον,
1308 660 1375 700 καὶ
1408 660 1562 715 πολλὴν

113 731 224 773 λείαν
241 730 283 780 ἐξ
300 726 675 784 Εὐδημοπλατάνου
693 725 938 782 ληΐσάμενοι,
973 727 1070 776 τοὺς
1086 726 1262 775 πολλοὺς
1279 725 1560 782 φονεύσαντες,

115 797 362 853 ἀρτύναντες
399 796 570 846 ἑαυτοὺς
611 797 798 839 ἐντεῦθεν
831 798 897 838 καὶ
931 795 978 838 τὸ
1009 794 1191 852 ἀσφαλὲς
1219 793 1384 849 σχόντες
1412 796 1456 838 ἐκ
1485 801 1559 838 τοῦ

62 868 314 922 1οφρουρίου
338 872 422 915 τοῖς
444 869 596 914 λοιποῖς
612 865 883 919 ἐνεργέστερον
900 864 1139 918 ἐπεχείρουν.
1207 863 1360 907 ἐκεῖθεν
1389 866 1455 906 καὶ
1484 864 1560 914 ἕως

109 933 363 985 Ῥαιδεστοῦ,
394 933 446 976 τὰ
474 933 574 988 πρὸς
604 933 655 975 τὰ
686 927 763 975 ὧδε
786 930 890 975 κατά
908 949 949 974 τε
968 930 1121 981 πλάτος
1142 930 1292 986 Βιζύης
1313 933 1378 974 καὶ
1399 929 1555 987 πρόσω,
1580 945 1609 980 Β

114 1001 276 1044 ἅπαντα
301 1001 373 1044 τὸν
401 1006 600 1044 τοσοῦτον
627 999 753 1043 τόπον
780 998 1016 1055 ἀνθρώπιον
1044 1004 1249 1049 παντελῶς
1277 998 1560 1054 ἐρημώσαντες

112 1076 200 1120 τοῖς
219 1070 376 1112 ἐκείνων
403 1076 572 1124 καρποῖς
593 1067 842 1124 ε’νετριῗφων·
879 1066 1036 1123 πελάγει
1059 1069 1136 1124 γὰρ
1157 1071 1280 1122 ληΐων
1303 1070 1560 1122 κυματίζοντι

112 1135 508 1194 προστυγχάνοντες,
545 1138 587 1187 ἐξ
617 1135 884 1191 αι’χμαλιῦτων
910 1137 1005 1186 τούς
1025 1136 1240 1190 ἀμητῆρας
1257 1134 1556 1191 ἐπιστήσαντες,

60 1207 260 1260 15μυρίον
291 1203 505 1261 διεφόρουν
538 1209 734 1257 πλοῦτον,
782 1203 958 1258 ἁμάξαις
994 1206 1060 1246 καὶ
1093 1203 1206 1256 ζώοις
1244 1202 1559 1258 διακονούμενοι.

113 1277 277 1327 βασιλεῖ
301 1274 374 1326 μὲν
401 1268 473 1315 οὖν
503 1271 629 1315 ἐδόκει
659 1275 724 1315 καὶ
752 1277 992 1325 βουλευταῖς
1027 1273 1070 1314 ἐκ
1101 1276 1255 1315 πολλοῦ
1292 1272 1460 1326 πέμπειν
1492 1273 1562 1316 διὰ

113 1345 247 1383 ταῦτα
279 1342 344 1383 καὶ
372 1342 600 1383 κατακαίειν
617 1340 667 1382 τὰ
689 1340 773 1383 ι’ἰνω
790 1342 856 1382 καὶ
875 1338 1015 1394 πόρρω
1035 1357 1114 1382 που
1139 1342 1394 1396 Σηλυβριάς·
1431 1340 1489 1384 ἔτι
1516 1342 1561 1384 δὲ

112 1413 276 1452 πολλῶν
294 1410 432 1450 αι’τιῶν
447 1407 567 1463 χάριν
587 1407 741 1451 ὤκνουν
760 1410 827 1451 καὶ
846 1406 1117 1461 ἀνεβάλλοντο
1138 1408 1210 1464 τὴν
1233 1410 1464 1464 ἐγχείρησιν.
1517 1411 1561 1459 ἔς

113 1480 237 1520 τοῦτο
268 1475 312 1519 δ’
338 1475 540 1533 ἀπεκρίθη
570 1474 661 1520 τότ’
681 1475 794 1531 οἶμαι
813 1478 880 1519 καὶ
899 1475 998 1532 ὄψις
1017 1476 1172 1534 ὀνείρου
1192 1475 1365 1535 φανεΐσά
1380 1494 1458 1520 τινι
1474 1481 1555 1521 τῶν
1578 1490 1610 1525 c

113 1674 172 1721 qui
194 1673 284 1709 missi
306 1673 349 1709 ad
373 1674 581 1710 tractandum
605 1687 679 1710 cum
701 1675 922 1720 Amogabaris
945 1676 1101 1719 fuerant,
1122 1680 1260 1721 praeter
1281 1678 1417 1710 caetera
1435 1674 1559 1708 Romo-

112 1720 195 1755 forti
226 1732 385 1766 responsa
418 1722 518 1756 etiam
550 1733 618 1755 rem
650 1722 760 1756 obiter
782 1728 985 1768 compertam
1010 1721 1208 1767 imperatori
1232 1722 1398 1760 retulere,
1434 1720 1560 1754 Persas

112 1765 274 1800 videlicet
293 1778 397 1812 supra
418 1767 677 1813 quadringentos
700 1780 742 1802 ex
765 1768 846 1802 Asia
867 1768 1025 1802 traiicere
1050 1772 1086 1801 ut
1108 1779 1147 1801 se
1168 1765 1390 1810 Amogabaris
1418 1766 1560 1798 coniun-

113 1817 247 1854 gerent.
291 1811 325 1845 id
348 1814 436 1856 quod
460 1813 597 1847 aiebant
618 1825 802 1857 congruere
825 1825 898 1847 cum
922 1825 962 1847 eo
984 1813 1072 1858 quod
1100 1824 1211 1846 coram
1235 1812 1319 1856 ipsis
1341 1810 1559 1844 Romofortus

112 1855 204 1889 inter
225 1856 290 1890 alia
311 1856 493 1899 iactasset,
523 1858 587 1892 sibi
609 1870 684 1892 esse
707 1859 806 1892 facile
828 1863 911 1903 quot
933 1859 1036 1892 vellet
1057 1870 1099 1892 ex
1123 1857 1289 1891 Orientali
1312 1855 1502 1889 continente
1523 1856 1558 1889 ia

114 1912 137 1934 a
157 1911 197 1934 se
219 1911 375 1944 possessa
396 1903 564 1936 Thraciae
587 1903 702 1937 littora
726 1908 977 1948 transportare,
1012 1915 1054 1937 ne
1072 1903 1253 1948 quidquam
1291 1901 1371 1934 illud
1394 1900 1558 1945 impedire

114 1945 283 1980 conaturis
309 1947 526 1990 quantislibet
557 1947 770 1992 imperatoris
800 1949 953 1982 navibus.
997 1949 1062 1981 hac
1093 1959 1193 1992 porro
1226 1957 1336 1979 rerum
1368 1945 1443 1979 vice
1475 1957 1556 1989 pars

112 1990 278 2035 quaedam
301 1992 533 2035 Amogabarici
555 1993 722 2026 exercitus
744 2006 763 2026 e
787 1990 900 2027 Persis
922 1993 1063 2026 maxime
1096 1992 1262 2034 conflata,
1297 1990 1382 2025 artis
1402 1991 1555 2025 faucibus

115 2035 207 2070 Gani
230 2037 350 2069 montis
372 2036 504 2081 impune
528 2037 730 2081 penetratis,
761 2038 871 2081 iugum
895 2038 1001 2083 ipsius
1024 2037 1129 2081 primo
1149 2037 1276 2082 impetu
1297 2043 1487 2080 occupant3
1518 2041 1555 2071 et

112 2093 193 2116 arce
214 2080 292 2122 illa,
314 2085 490 2125 postquam
513 2094 585 2116 eam
607 2082 672 2116 sibi
694 2083 804 2116 valido
851 2083 993 2117 raesidio
1015 2083 1168 2127 imposito
1191 2082 1432 2124 asseruissent,
1459 2082 1554 2125 freti,

113 2126 158 2161 ad
181 2126 363 2160 subiectam
387 2127 462 2160 inde
484 2127 651 2170 regionem
675 2127 818 2172 populan
844 2139 895 2162 am
909 2152 920 2170 ,
943 2128 1011 2160 orsi
1033 2130 1076 2161 ab
1100 2128 1406 2172 Eudemoplatano‚
1429 2139 1552 2162 excur-

113 2177 249 2214 rerunt,
273 2173 395 2206 multos
417 2172 628 2215 occidentes,
650 2174 808 2217 praedam
829 2173 1019 2206 immensam
1042 2174 1269 2206 corradentes.
1313 2173 1394 2218 quin
1417 2177 1452 2207 et
1473 2173 1551 2207 talis

112 2217 178 2251 loci
198 2217 242 2251 ad
266 2223 436 2262 receptum
459 2217 543 2262 ipsis
565 2219 631 2252 tuti
654 2218 778 2252 fiducia
802 2218 961 2251 ulteriora
987 2220 1095 2263 palam
1117 2218 1189 2252 ausi
1212 2222 1359 2260 tentare,
1393 2219 1471 2252 inde
1493 2229 1552 2252 us-

113 2274 180 2308 que
202 2262 428 2297 Rhaedestum
451 2269 487 2297 et
511 2263 587 2297 huic
608 2263 785 2304 citeriora,
815 2263 849 2297 in
872 2263 975 2297 latum
999 2275 1080 2297 vero
1101 2274 1208 2308 usqne
1235 2263 1370 2308 Bizyam
1394 2269 1430 2298 et
1449 2264 1552 2306 ultra,

113 2313 220 2342 totum
250 2308 339 2342 illum
370 2314 438 2342 tam
471 2314 602 2342 vastum
625 2314 738 2343 terrae
759 2314 924 2350 tractum,
956 2308 1044 2342 nullo
1067 2308 1112 2342 ibi
1137 2310 1300 2343 bominum
1323 2309 1397 2344 vivo
1419 2309 1551 2351 relicto,

113 2352 327 2394 desolarunt,
361 2354 514 2399 frugibus
536 2359 571 2388 et
595 2359 755 2399 proventu
779 2354 906 2399 reliquo
931 2365 1107 2398 agrorum,
1128 2354 1195 2387 illic
1216 2366 1296 2389 sane
1318 2360 1398 2389 tunc
1420 2355 1551 2400 opimis,

111 2397 179 2443 ipsi
201 2409 239 2432 se
260 2398 517 2443 ingurgitantes.
563 2400 734 2433 undabant
764 2399 848 2433 enim
873 2411 933 2444 pro
957 2400 1032 2433 anni
1054 2405 1204 2445 tempore
1226 2412 1267 2435 ac
1289 2406 1401 2435 terrae
1429 2400 1555 2434 feraci-

113 2447 188 2477 tate
210 2455 271 2488 per
293 2445 353 2478 bos
376 2456 510 2490 campos
534 2444 692 2479 immensa
715 2445 787 2478 visu
811 2455 958 2490 aequora
979 2445 1222 2489 expectantium
1249 2446 1366 2480 falcem
1389 2452 1553 2490 segetum,

113 2499 199 2532 quas
219 2488 284 2522 sibi
307 2489 434 2525 Persae
456 2491 625 2525 demetere
653 2491 778 2524 coactis
800 2501 885 2535 qnos
908 2501 1026 2533 magno
1050 2491 1218 2524 habebant
1238 2502 1373 2526 numero
1397 2491 1554 2536 captivis,

113 2531 372 2568 inaestimabiles
405 2535 485 2570 inde
514 2547 596 2581 opes
626 2536 787 2581 plaustris
809 2541 845 2569 et
866 2535 1019 2570 iumentis
1047 2535 1169 2569 ibidem
1191 2536 1244 2570 usi
1262 2537 1407 2582 repertis
1429 2548 1555 2570 avexe-

115 2583 206 2614 runt.
252 2580 372 2624 quibus
400 2580 595 2626 imperatori
624 2582 803 2623 nuntiatis,
836 2581 989 2615 decrevit
1010 2580 1037 2613 is
1058 2582 1191 2615 tandem
1223 2582 1343 2627 exequi
1373 2582 1462 2635 quod
1486 2581 1553 2626 ipsi

115 2621 237 2656 dudum
258 2624 332 2658 eius
353 2626 535 2660 consiliarii
553 2633 753 2667 suaserant,
775 2627 935 2660 hactenus
958 2625 1089 2668 multis,
1113 2629 1150 2660 ut
1171 2626 1234 2669 fit,
1257 2627 1367 2662 causis
1389 2633 1554 2660 intercur-

113 2667 266 2701 rentibus
281 2669 437 2713 dilatum,
458 2672 618 2706 mittendo
638 2672 695 2718 qui
718 2672 852 2706 flamma
874 2673 998 2706 iniecta
1018 2675 1165 2706 maturas
1187 2679 1341 2717 segetes,
1366 2671 1453 2706 hosti
1470 2671 1554 2705 alio-

114 2711 173 2756 qui
203 2714 414 2757 profuturas,
444 2720 697 2762 corrumperent
718 2717 811 2751 circa
833 2716 1023 2761 Selybriam
1048 2721 1084 2750 et
1106 2716 1203 2762 longe
1234 2718 1407 2763 superius,
1442 2727 1550 2762 quan-

114 2762 186 2791 tum
209 2762 282 2792 tuto
304 2764 420 2804 posset
441 2761 530 2796 fieri.
559 2767 642 2797 tunc
662 2768 785 2798 eventu
806 2766 1037 2808 perpetratum
1057 2763 1213 2809 apparuit
1226 2773 1426 2809 praesagum
1443 2762 1549 2808 quod-
