1858 3126
280 92 285 101 ¹
370 135 446 179 DE
480 133 809 179 ANDRONICO
838 135 1213 180 PALAEOLOGO
1250 137 1297 180 L.
1317 137 1373 180 V.
1512 134 1609 182 415

155 266 226 300 τος
244 249 353 304 αἱρεῖ
358 231 395 301 ‚⁴
409 250 476 292 καὶ
496 249 594 298 τούς
610 249 685 302 μέν
706 248 872 305 κτείνει,
911 247 1035 298 αὗτός
1060 249 1105 291 δὲ
1122 250 1270 305 μυρίον
1288 253 1466 292 πλοῦτον
1482 247 1611 306 εὗρών

154 312 420 372 ἓξολβίζεται,
456 319 523 360 καὶ
544 318 596 360 τὰ
618 315 742 360 πιστά
766 317 807 360 οἶ
823 321 898 372 τῆς
915 316 1144 373 ἀσφαλείας
1164 318 1207 361 ἐκ
1228 322 1311 361 τῶν
1330 316 1610 375 ὀχυρωμάτων
1633 326 1660 361 P
1684 327 1752 362 288

154 392 362 442 περιποιεῖ.
431 383 588 429 τούτων
610 384 801 429 ἀπώνατο
821 389 903 428 τῶν
925 387 1066 429 δεινῶν
1086 388 1154 429 καὶ
1174 391 1352 443 Προῦσα
1363 420 1377 439 ,
1414 385 1522 441 μόνη
1541 405 1612 430 πε-

154 458 408 510 ριλειφθεΐσα
425 458 507 497 τῶν
522 453 677 505 ἔξωθεν
696 457 916 497 καλλονῶν.
987 452 1145 497 τούτων
1163 457 1230 497 καὶ
1252 457 1392 511 Πηγαὶ
1411 460 1613 511 παραθα-

110 533 142 568 ,5
154 523 304 565 λασσία
331 520 448 572 πόλις
478 527 562 566 τῶν
586 525 792 578 δυσχερῶν
830 518 1042 576 ἐπειράθη.
1113 527 1196 566 τῶν
1231 523 1311 579 γὰρ
1339 524 1420 574 ἔξω
1448 523 1611 567 πάντων

151 591 496 646 συγκλεισθέντων
515 588 628 639 ε’ντός
639 623 653 643 ‚
689 590 777 634 ὅσοι
797 592 864 633 καὶ
883 590 930 634 τὸ
955 592 1072 647 ξίφος
1090 589 1238 647 ἔφυγον
1249 623 1263 643 ,
1302 593 1466 635 ἐντίκτει
1488 591 1610 636 νόσον

149 656 332 714 λοιμώδη
363 658 411 701 τὸ
445 657 722 714 συνεπτύχθαι
739 663 844 718 λιμῷ
864 660 931 702 καὶ
949 662 1255 709 κακοπαθείαις.
1325 659 1383 702 ἔτι
1407 662 1451 704 δὲ
1470 664 1535 704 καὶ
1559 667 1609 719 τῇ

148 724 259 786 νόσῳ
276 727 318 778 ἐς
330 724 579 777 ἑκατοστύας
601 727 780 770 ἔπιπτον.
848 734 935 777 τοῖς
953 729 997 770 δὲ
1016 729 1083 770 καὶ
1103 726 1328 784 πρόστιμον
1352 729 1476 785 ἐτέθη
1494 730 1609 786 παρὰ

147 795 348 847 βασιλέως
378 796 523 851 ζημίας
552 797 607 846 εἷς
631 794 820 850 χιλιάδας
844 795 914 838 ἐπ’
940 797 1051 855 αἰτίᾳ
1071 801 1147 839 τοῦ
1164 797 1221 852 μὴ
1245 797 1316 840 τὸν
1339 798 1467 853 μέγαν
1490 799 1611 850 δέξα-

98 873 140 907 10
150 867 254 906 σθαι
274 865 428 916 δοῧκα,
465 862 575 915 οὕτω
594 869 668 908 τοῦ
684 864 886 918 βασιλέως
910 865 1081 920 Μιχαὴλ
1100 866 1205 919 μετὰ
1227 866 1301 920 τὴν
1324 867 1479 910 ἐκεῖθεν
1503 865 1602 910 ἔπά-
1627 879 1656 913 Β

150 933 271 975 νοδον
301 933 607 988 ἐπαγγείλαντος
616 965 630 985 ,
668 934 736 975 καὶ
768 933 847 975 δέει
877 937 951 976 τοῦ
967 933 1026 988 μὴ
1043 938 1193 977 παθεῖν
1220 933 1428 985 κάκείνους
1449 936 1501 979 τὰ
1522 943 1607 988 τοῖς

147 1001 388 1053 Κυζικηνοῖς
408 999 634 1055 ξυμβάντα.
706 1001 802 1044 οὐδὲ
824 1001 903 1058 γὰρ
923 1001 1069 1044 ἀνεκτοὶ
1088 1002 1181 1045 οὔδ’
1203 1001 1302 1046 ὅσον
1322 1005 1388 1045 καὶ
1412 1002 1606 1060 ὑποσχεῖν

147 1068 304 1111 δυνατοὶ
331 1068 450 1111 τάκεῖ
473 1069 737 1124 τολμηθέντα
760 1069 1010 1126 ἠγγέλλοντο.
1080 1072 1163 1125 βιόι
1182 1071 1259 1127 γὰρ
1284 1069 1514 1127 ἡρπάζοντο
1536 1076 1606 1116 καὶ

146 1143 328 1191 γυναῖκες
351 1135 564 1193 ὑβρίζοντο
592 1139 659 1180 καὶ
683 1135 801 1193 κύρια
824 1140 1120 1195 διεφθείροντο.
1190 1142 1257 1182 καὶ
1281 1138 1392 1194 ὁμὲν
1414 1140 1515 1196 ἔχων
1536 1142 1604 1185 εὗ-

94 1204 232 1254 15θῦς
248 1203 495 1258 ἓσκυλειῖετο,
532 1205 742 1261 ἀγαπητὸν
761 1206 862 1261 ἔχων
882 1209 916 1250 εἷ
935 1207 1074 1257 διδοὺς
1093 1205 1261 1260 σώζοιτο
1274 1221 1284 1230 “
1323 1206 1404 1251 ὅδὲ
1417 1210 1478 1264 μὴ
1501 1211 1602 1265 ἔχων

146 1277 198 1328 τῇ
225 1277 301 1316 τοῦ
324 1272 423 1328 ἔχειν
443 1272 603 1334 {moussy
625 1273 902 1327 κατεδικάζετο
915 1309 928 1327 ,
965 1278 1031 1318 καὶ
1062 1274 1233 1332 αἰώραις
1264 1279 1411 1328 δειναῖς
1431 1281 1497 1321 καὶ
1521 1284 1603 1333 βα-

147 1338 286 1391 σάνοις
304 1339 486 1396 ἢτοῖζετο,
523 1342 701 1398 ἔγκλημα
722 1343 856 1400 φέρων
876 1344 923 1387 τὸ
944 1344 1000 1398 μὴ
1019 1343 1245 1401 χρημάτων
1261 1346 1396 1389 θέλειν
1414 1347 1488 1402 τὴν
1511 1365 1596 1392 σω·
1623 1351 1653 1385 C

234 1472 270 1507 7.
291 1473 346 1519 τῷ
367 1471 407 1507 Ρ.

141 1585 364 1642 praesidiariis
392 1590 524 1634 tempus
552 1591 775 1635 opportunum
802 1588 910 1624 duxit.
955 1601 1037 1635 ergo
1068 1590 1157 1626 illam
1187 1590 1336 1627 insiliens
1358 1592 1393 1626 vi
1417 1593 1531 1639 capit,
1564 1600 1601 1629 et

140 1633 189 1668 rbi
218 1637 372 1679 repertos
403 1634 577 1669 interficit.
621 1635 696 1680 ipse
726 1640 836 1670 autem
866 1637 1034 1671 immensis
1056 1638 1178 1683 opibus
1207 1650 1249 1672 ea
1271 1639 1394 1673 clausis
1416 1639 1598 1674 munitione

141 1679 270 1722 potitus
291 1679 471 1724 praedives
492 1680 572 1714 inde
596 1687 650 1715 est
671 1682 822 1715 habitus:
855 1682 944 1716 arcis
973 1683 1099 1729 quippe
1121 1683 1211 1718 illius
1234 1685 1447 1719 munimentis
1471 1686 1537 1718 situ
1562 1690 1598 1719 et

140 1728 218 1758 arte
239 1724 359 1759 validis
380 1726 424 1760 ad
451 1727 628 1772 quaesitae
649 1727 811 1772 pecuniae
831 1728 1016 1763 custodiam
1033 1741 1133 1771 usus,
1158 1742 1296 1775 magnos
1320 1731 1384 1765 sibi
1406 1731 1596 1773 thesauros,

140 1769 231 1804 unde
252 1770 330 1805 belli
353 1782 394 1805 ac
416 1772 625 1817 principatus
647 1773 826 1819 expediret
845 1778 1016 1819 sumptus,
1050 1787 1171 1810 secure
1203 1776 1355 1810 conditos
1387 1776 1431 1809 ad
1463 1788 1595 1810 manum

140 1814 270 1850 habuit.
317 1816 436 1851 harum
464 1829 586 1862 magna
609 1829 691 1864 pars
712 1819 938 1854 calamitatum
959 1820 995 1854 in
1018 1821 1160 1855 Prusam
1193 1821 1393 1855 redundavit
1415 1821 1464 1855 sic
1485 1823 1595 1856 nuda-

135 1863 209 1894 tam
231 1862 443 1906 possessione
464 1864 540 1907 agri
563 1864 617 1898 sui
640 1869 676 1898 et
698 1864 787 1898 intra
809 1877 979 1899 murorum
1001 1867 1160 1900 ambitum
1183 1867 1369 1907 redactam,
1391 1867 1480 1900 nullo
1496 1867 1595 1902 dein-

140 1915 222 1951 ceps
236 1909 430 1942 commercio
448 1919 524 1942 cum
539 1910 741 1944 suburbanis
763 1910 853 1945 villis
875 1916 912 1945 et
934 1911 1097 1956 praediis,
1121 1923 1209 1958 quae
1231 1923 1297 1945 non
1317 1923 1435 1957 parum
1453 1924 1594 1948 amoena

141 1954 177 1984 et
196 1956 319 1985 ornata
342 1953 379 1986 in
398 1954 570 1988 territorio
591 1955 758 1990 habuerat
778 1956 930 2000 plurima.
976 1957 1089 1991 clades
1109 1957 1195 1991 haec
1218 1958 1335 1992 eadem
1362 1957 1476 2001 Pegas
1502 1957 1594 1993 affli-

139 1995 210 2036 xit,
242 1997 358 2030 urbem
389 1998 600 2033 maritimam.
646 2012 720 2034 cum
743 2001 831 2034 enim
853 2006 932 2046 post
954 2002 1197 2044 barbarorum,
1226 2014 1327 2048 quam
1361 2002 1449 2045 dixi,
1479 2004 1592 2039 victo-

139 2041 224 2075 riam
255 2041 367 2075 cuncti
396 2054 558 2087 pagorum
587 2044 738 2087 incolae,
769 2046 829 2091 qui
861 2046 1014 2090 effugere
1045 2053 1228 2092 potuerant
1254 2047 1401 2092 gladium
1423 2049 1591 2091 hostilem,

139 2087 203 2120 sub
226 2087 390 2122 moenium
413 2094 449 2122 et
469 2090 792 2134 propugnaculorum
814 2090 887 2125 eius
910 2091 1025 2137 oppidi
1048 2093 1168 2137 cupide
1189 2094 1329 2127 tutelam
1352 2095 1591 2138 accurrissent,

54 2132 66 2142 Κ
138 2132 281 2178 contigit
306 2133 376 2167 illic
398 2133 581 2179 constipari
601 2136 734 2169 turbam
756 2136 923 2180 ingentem
945 2137 1053 2182 inopis
1069 2138 1304 2182 multitudinis,
1329 2151 1371 2173 ex
1395 2139 1489 2175 cuius
1510 2142 1591 2176 illu-

137 2178 193 2212 vie
214 2190 256 2213 ac
278 2179 367 2213 fame
389 2180 556 2223 corruptis
578 2181 775 2231 corporibus
798 2182 865 2215 cito
887 2181 960 2216 lues
984 2184 1133 2224 exarsit,
1156 2195 1223 2228 qua
1245 2191 1341 2220 totae
1361 2185 1458 2220 simul
1480 2187 1590 2222 homi-

137 2234 215 2258 nun
240 2224 414 2258 centuriae
437 2226 615 2260 cadebant.
660 2238 801 2271 quorum
823 2227 856 2260 in
876 2228 1041 2262 cumulum
1063 2229 1221 2263 malorum
1244 2232 1440 2276 supervenit
1458 2233 1589 2269 indicta

129 2270 343 2313 ‘Pegensibus
366 2271 409 2305 ab
431 2270 635 2316 imperatore
662 2272 767 2306 multa
794 2273 972 2307 multorum
995 2273 1127 2308 millium
1152 2286 1317 2310 nummum
1341 2278 1384 2311 ob
1406 2277 1587 2314 admissum

136 2314 181 2348 ab
204 2315 272 2349 illis
293 2317 384 2350 intra
405 2317 521 2350 urbem
544 2329 698 2362 magnum
720 2318 861 2360 ducem
892 2318 982 2364 quod
1003 2331 1047 2353 ne
1068 2321 1223 2356 facerent
1255 2322 1446 2358 nominatim
1468 2330 1587 2360 vetue-

136 2364 192 2394 rat
213 2361 360 2396 Michsel
380 2363 554 2406 Augustus
575 2363 688 2397 iunior
710 2367 787 2408 post
809 2374 904 2397 suum
928 2364 1007 2398 inde
1029 2365 1172 2400 reditum
1185 2394 1194 2405 ,
1216 2372 1309 2403 metu
1331 2380 1375 2403 ne
1397 2375 1433 2404 et
1453 2371 1500 2405 illi
1523 2383 1587 2417 pa-

136 2410 290 2440 terentur
310 2418 400 2452 quae
422 2409 601 2453 Cyzicenis
623 2408 847 2451 accidissent,
871 2410 970 2454 plane
991 2410 1215 2447 intolerabilia
1237 2419 1274 2448 et
1292 2414 1382 2449 omni
1404 2417 1588 2452 atrocitate

136 2449 271 2487 diriora.
315 2464 391 2487 nam
414 2459 450 2488 et
472 2465 529 2488 res
550 2454 723 2490 familiaris
754 2455 931 2501 victusque
957 2456 1160 2491 domesticus
1181 2459 1314 2494 miseris
1336 2461 1467 2496 civibus
1489 2464 1586 2497 aufe-

135 2495 284 2539 rebatur,
306 2502 343 2531 et
363 2509 429 2533 non
452 2500 549 2535 modo
571 2500 729 2535 mulieres
750 2507 811 2535 aut
832 2506 958 2547 nuptae
980 2507 1040 2535 aut
1063 2503 1198 2546 puberis
1219 2506 1353 2549 aetatis,
1375 2507 1435 2541 sed
1458 2508 1586 2543 crudae

135 2552 268 2588 quoque
297 2543 515 2588 virgunculae
545 2546 603 2580 vix
625 2558 784 2591 egressae
805 2547 977 2581 infantiam
1005 2547 1143 2583 libidine
1166 2549 1300 2586 immani
1324 2555 1586 2598 corrumpeban-

135 2590 203 2621 tur.
247 2599 289 2622 ac
309 2589 463 2625 conscius
473 2591 620 2637 'quidem
640 2604 679 2626 se
700 2592 828 2627 habere
850 2594 942 2638 quod
965 2593 1082 2635 daret,
1112 2594 1201 2630 ultro
1223 2597 1369 2643 largiens
1392 2598 1586 2643 flagitanti-

135 2631 199 2665 bus
218 2633 445 2678 spoliabatur,
474 2636 568 2672 lucro
590 2638 758 2683 imputans
779 2639 869 2684 quod
892 2639 994 2673 rebus
1017 2639 1146 2686 ereptis
1168 2641 1283 2678 vivere
1303 2643 1488 2678 sineretur:
1524 2645 1584 2690 qui

134 2686 219 2729 vero
237 2678 318 2713 nihil
339 2692 377 2715 se
399 2681 524 2717 habere
546 2683 758 2728 quantumvis
779 2695 861 2718 vere
883 2685 1091 2726 affirmaret,
1116 2693 1293 2732 suspectus
1314 2689 1478 2724 mendacii
1499 2701 1585 2735 poe-

134 2732 185 2755 ms
205 2723 445 2760 subiiciebatur
466 2728 711 2771 acerbissimis,
744 2730 856 2775 quoad
879 2730 1015 2764 condita
1040 2730 1198 2766 videlicet
1223 2740 1415 2780 promeret,
1438 2746 1583 2779 suspen-

132 2777 211 2810 sus,
227 2772 394 2814 tractus,
423 2772 650 2809 cruciabiliter
680 2779 815 2818 tortus,
847 2776 891 2810 ab
920 2777 1203 2822 exprobrantibus
1233 2780 1355 2815 merito
1384 2781 1469 2815 haec
1489 2780 1581 2816 illum
