1774 3120
238 190 267 216 x
626 173 673 216 P.
706 171 923 216 POSSINI
956 172 1280 218 PRAEFATIO.

239 303 359 346 super
388 290 526 330 favore
554 287 680 328 nimio
706 286 749 327 in
776 294 910 343 partes
938 286 1016 329 sibi
1053 286 1172 328 amici
1206 287 1376 331 senioris
1402 287 1593 333 adversus
1617 291 1683 333 iu-

239 359 397 399 niorem
421 356 616 398 declarato
644 354 938 408 Andronicum,
971 354 1106 397 studio
1132 370 1225 410 erga
1251 356 1508 400 Barlaamum
1538 360 1683 402 haere-

240 426 456 477 siarcham,
490 423 645 466 invidia
675 423 862 465 factionis
890 423 1211 478 Acyndinianae,
1256 426 1367 468 cuius
1396 436 1479 481 erat
1505 429 1683 482 signifer,

238 495 398 535 licentia
429 492 675 534 obtrectandi
701 493 943 549 principibus
970 501 1010 534 et
1034 494 1255 546 monachis,
1289 494 1571 538 indelebilibus
1590 489 1684 539 ma4

236 562 355 604 ledici
384 576 429 602 ac
457 561 663 602 mendacis
691 563 741 602 ab
778 561 906 618 ipsius
933 563 1089 618 aequali
1120 562 1394 606 Cantacuzeuo
1433 565 1684 618 stigmatibus

234 631 340 672 inuri
369 631 558 683 meritu53
593 628 764 686 denique
804 644 944 686 parum
968 631 1092 672 etiam
1119 631 1393 673 Cantacuzeno
1419 631 1686 674 deferentium

237 708 280 740 et
305 699 523 740 liberorum
551 698 664 739 omni
691 698 932 754 praeiudicio
966 700 1162 741 lectorum
1190 714 1316 757 aequa
1342 701 1540 743 sententia
1566 709 1687 743 nota-

237 768 355 820 bilis,
391 766 499 822 quod
539 766 617 808 sibi
644 769 797 807 famam
827 766 943 818 fidei,
978 782 1080 823 quae
1105 776 1168 810 est
1194 771 1329 810 anima
1357 769 1568 822 historiae,
1602 784 1686 811 non

239 836 336 878 satis
367 835 524 876 solicite
554 835 606 876 sit
640 834 761 876 tuitus
790 834 981 878 adversus
1013 836 1139 879 iustas
1178 837 1429 896 suspiciones
1458 838 1557 893 styli
1583 838 1686 881 affe-

239 904 365 946 ctibus
393 903 564 944 obnoxii
590 911 630 943 et
657 903 808 956 ingenii
833 904 1000 949 venalis.

374 971 452 1014 VI.
529 971 701 1012 Unicum
751 986 845 1024 ergo
888 970 1102 1012 Andronici
1145 980 1324 1015 actorum
1363 980 1513 1019 testem
1558 975 1689 1027 hunc,

242 1039 418 1098 prudens
456 1041 598 1092 lector,
633 1041 737 1080 habe
764 1039 955 1080 idoneum
988 1038 1307 1092 Pachymerem3
1341 1054 1416 1080 nec
1441 1050 1578 1084 metue
1594 1057 1689 1100 per.

244 1110 392 1152 niciem
425 1122 527 1165 quae
567 1123 591 1149 a
622 1108 848 1149 narratione
877 1108 1055 1148 felicium
1092 1108 1290 1148 scelerum
1327 1106 1505 1150 cavenda
1542 1110 1689 1151 merito

245 1178 468 1231 legentibus
500 1177 796 1234 praescribitur,
830 1191 882 1218 ne
911 1175 963 1217 ad
990 1175 1262 1217 imitationem
1286 1175 1468 1218 incautos
1494 1178 1691 1222 allectent.

246 1260 395 1300 magna
423 1245 488 1286 hic
519 1245 732 1287 Andronici
765 1245 958 1298 senioris,
1003 1243 1076 1286 sed
1104 1243 1303 1287 vindictae
1338 1245 1439 1286 acris
1477 1259 1552 1286 nec
1586 1243 1691 1286 dila-

248 1323 313 1356 tae
339 1314 539 1372 praesenti
573 1316 685 1357 velut
721 1313 923 1367 antidoto,
968 1315 1079 1354 nullo
1115 1313 1200 1354 iam
1237 1312 1414 1370 periculo
1443 1327 1691 1367 cognoscen-

246 1384 373 1435 tium,
405 1383 569 1423 crimina
597 1381 830 1439 produntur.
899 1383 1111 1424 exhibetur
1136 1382 1173 1422 is
1202 1381 1466 1436 foedifragus,
1502 1380 1691 1438 perduek

246 1452 298 1493 lis
340 1451 486 1493 Christi
522 1451 693 1503 vicario,
737 1459 978 1503 contumax,
1022 1450 1357 1503 contumeliosus,
1399 1449 1693 1503 ingratissimus

244 1520 436 1561 ecclesiae
467 1520 710 1576 apostolicae
746 1518 980 1565 Romanae:
1015 1518 1088 1560 sed
1118 1527 1158 1560 et
1198 1519 1386 1560 continuo
1416 1517 1528 1560 idem
1554 1525 1693 1560 osten-

244 1588 349 1629 ditur
375 1587 767 1645 imprudentissimus
782 1588 823 1628 in
843 1589 956 1629 omni
981 1587 1163 1640 consilio,
1197 1587 1498 1629 infelicissimus
1514 1586 1559 1628 in
1578 1586 1693 1628 omni

245 1664 412 1713 coept03
447 1657 546 1696 nulli
573 1656 756 1713 quamvis
785 1656 987 1697 imbecillo
1014 1671 1098 1697 non
1126 1659 1387 1698 succumbens
1422 1655 1552 1709 hosti,
1590 1653 1692 1697 nulli

244 1740 327 1766 non
372 1723 590 1767 ludibrium
642 1724 844 1767 adversari
892 1739 990 1766 auso
1042 1726 1261 1781 praebens;
1311 1724 1478 1781 impune
1529 1737 1694 1780 semper

245 1800 526 1849 contemptus,
557 1806 649 1833 cum
678 1795 787 1834 lucro
818 1793 979 1846 irrisus3
1015 1793 1125 1834 cuius
1163 1793 1299 1835 minae
1324 1793 1482 1834 nullum
1520 1791 1695 1850 pondus,

247 1863 401 1903 nullam
435 1862 696 1902 constantiam
725 1861 900 1913 decreta,
927 1863 1081 1902 nullam
1108 1859 1232 1902 fidem
1263 1862 1407 1913 verba,
1436 1861 1593 1902 nullum
1619 1859 1694 1901 de-

249 1930 395 1972 sideria
428 1943 656 1972 successum
694 1930 928 1983 habuerint3
966 1932 1108 1971 umbra
1136 1928 1413 1986 imperatoris,
1441 1929 1551 1970 larva
1578 1927 1694 1984 prin-

254 1998 379 2055 cipis,
410 2012 555 2056 scopus
581 1998 700 2040 sortis
731 1997 944 2051 adversae,
978 1996 1202 2039 foecundus
1230 1997 1274 2037 in
1306 2010 1425 2038 suum
1452 1995 1624 2037 dedecus
1646 2010 1694 2037 ac

255 2066 469 2118 damnum,
512 2068 733 2120 longaevus
763 2065 816 2108 ad
846 2066 1154 2124 perpetuitatem
1191 2065 1400 2118 miseriae3
1433 2063 1630 2120 denique,
1668 2078 1695 2104 a

255 2149 334 2191 quo
356 2134 655 2176 inclinationem
678 2135 862 2176 ultimam
885 2135 935 2176 ad
964 2135 1133 2176 exitium
1160 2133 1418 2191 irreparabile
1445 2132 1598 2186 inclyto
1619 2131 1701 2173 de·-

256 2217 345 2243 cem
376 2204 544 2244 saeculis
569 2218 700 2247 novae
727 2203 885 2246 Romae
914 2203 1085 2260 imperio
1109 2202 1244 2245 datam
1268 2201 1402 2244 omnis
1435 2200 1523 2242 iure
1550 2200 1696 2256 deplo-

254 2284 349 2313 rans
375 2279 417 2312 et
445 2270 644 2313 detestans
686 2273 896 2328 posteritas
936 2280 1130 2330 queretur.
1197 2272 1321 2324 haec,
1359 2267 1527 2311 candide
1554 2269 1694 2319 lector,

254 2347 503 2381 occurrerunt
537 2354 639 2395 quae
678 2340 720 2380 in
754 2342 831 2381 hoc
855 2341 928 2382 tibi
958 2341 1097 2383 limine
1122 2342 1336 2397 praefarer.
1401 2350 1499 2378 nam
1525 2334 1577 2377 de
1600 2349 1695 2376 mea

253 2407 538 2464 interpretandi
565 2408 739 2460 ratione,
787 2407 838 2449 de
876 2409 1016 2450 ordine
1052 2423 1096 2449 ac
1137 2406 1329 2449 methodo
1358 2403 1523 2446 notandi
1551 2403 1696 2445 eadem

253 2490 358 2532 quae
387 2477 431 2516 in
456 2478 589 2517 fronte
616 2475 762 2534 prioris
785 2476 908 2532 partis
939 2477 1155 2528 admonui,
1183 2475 1285 2516 dicta
1311 2473 1377 2514 hic
1394 2487 1552 2529 quoque
1570 2472 1696 2514 velim

252 2545 437 2598 intelligi.
509 2546 612 2588 vale.
683 2543 913 2588 scribebam
939 2543 1099 2587 Romae
1121 2542 1249 2602 pridie
1269 2541 1365 2585 Idus
1387 2540 1559 2584 Ianuarii
1587 2554 1695 2582 anno

254 2613 404 2655 Christi
438 2611 581 2657 1668.
