1858 3126
412 200 514 244 ΗΒ.
549 200 620 244 111.
691 199 1168 244 CHRONOLOGICUS.
1422 201 1518 247 805

82 310 184 349 tium
206 322 325 361 super
342 308 510 359 Scythas
525 307 742 357 Asiaticos,
781 308 831 346 ad
848 315 1020 347 montem
1037 309 1187 346 Imaum
1201 337 1212 357 ‚
1241 308 1339 346 adeo
1356 314 1402 347 ut
1418 309 1519 360 qui-

81 366 173 404 dam
202 365 376 403 scribant
402 365 502 402 duos
523 370 562 402 et
581 365 823 416 septuaginta
848 378 958 415 reges
979 365 1075 417 ipsis
1095 364 1304 415 aliquando
1321 364 1439 402 fuisse
1453 377 1519 404 ve-

83 421 253 470 ctigales.
308 419 567 458 Christianam
589 427 714 459 auten·
734 420 959 470 religionem
972 450 984 470 ,
1015 421 1082 458 sed
1106 422 1219 458 iuxta
1238 420 1405 458 Nestorii
1422 419 1520 459 hae—

79 478 219 524 resim,
250 475 453 524 colebant,
485 489 718 527 crucemque
739 477 780 514 in
798 476 909 514 bellis
927 489 1023 528 prae
1050 489 1091 513 se
1110 476 1308 527 duplicem
1330 475 1519 526 serebant,

81 533 243 570 alteram
272 545 426 570 auream
459 532 618 569 alteram
646 545 868 581 gemmeam.
933 531 1027 569 huic
1059 531 1226 584 imperio
1257 531 1326 582 qui
1358 531 1521 570 ultimus

39 624 42 627 .
78 587 275 639 praefuit,
303 594 345 624 ut
370 587 487 624 docet
507 587 818 638 Abulpharsgius
833 616 846 637 ,
875 594 1029 638 praeter
1047 600 1255 625 commune
1276 587 1431 625 loannis
1448 601 1522 625 no·
1571 615 1573 617 ·

79 656 168 681 men
187 642 349 694 proprie
378 643 467 694 Ung
497 643 611 680 Clam
630 649 813 690 vocatus,
843 656 932 680 cum
964 643 1160 694 quendam
1179 643 1430 682 Tamuiinum
1450 657 1522 680 no-

79 699 206 747 mine,
235 711 311 749 quo
332 699 459 736 fuerat
479 711 570 737 usus
595 698 686 744 diu,
715 700 758 736 in
776 699 888 736 bellis
910 699 1158 750 praesertim,
1194 705 1356 736 strenuo
1374 705 1413 736 et
1429 699 1521 736 seli-

79 754 235 792 cissimo
257 754 436 791 ministro
449 785 459 802 ,
491 754 693 792 calumniis
712 755 952 793 aemulorum
966 754 1137 793 invisum
1153 753 1227 792 sibi
1245 755 1390 791 sactum
1409 768 1519 795 com-

78 809 324 862 prehendere
343 809 629 860 aggrederetur,
657 810 704 847 ab
723 824 768 848 eo
793 810 1004 848 fortissime
1021 816 1265 862 repugnante
1286 810 1416 847 victus
1438 811 1520 861 ipse

80 865 311 915 occisusque
339 872 411 904 est.
467 878 546 916 quo
575 872 750 918 tempore
778 866 936 916 quidam
958 866 1062 903 inter
1087 865 1330 915 Mogulenses
1357 878 1518 916 magnae

80 920 349 969 auctoritatis,
385 922 610 972 apparuisse
644 922 717 960 sibi
739 921 855 960 deum
884 921 1098 966 affirmans,
1130 927 1169 959 et
1190 920 1407 962 declarasse
1435 922 1517 959 ele-

80 978 189 1014 ctum
207 990 228 1013 a
253 989 294 1014 se
320 972 571 1015 Tamuiinum
602 977 645 1014 in
670 990 786 1028 quem
819 977 924 1015 orbis
946 984 1141 1014 terrarum
1168 976 1373 1027 imperium
1401 983 1518 1027 atque

78 1032 122 1069 iu
142 1032 223 1069 eius
243 1038 420 1083 posteros
435 1032 647 1070 transferre
678 1032 934 1081 decrevisset,
963 1032 1182 1073 universam
1210 1031 1271 1071 illi
1290 1033 1518 1071 conciliavit

77 1087 342 1138 Muguliorum
374 1095 548 1137 gentem3
579 1089 690 1126 cuius
719 1102 914 1126 consensu
947 1094 1099 1126 creatus
1125 1088 1369 1138 imperator,
1399 1102 1422 1125 a
1441 1088 1516 1126 deo

75 1142 185 1194 ipso,
211 1148 259 1180 ut
282 1143 350 1181 ille
369 1156 483 1194 quem
516 1143 601 1181 dixi
630 1144 823 1182 fanaticus
857 1144 1002 1193 aiebat,
1039 1143 1268 1194 impositum
1298 1143 1376 1195 ipsi
1396 1156 1512 1183 acce-
1534 1145 1563 1179 Ρ
1588 1146 1654 1180 584

74 1199 139 1250 pit
170 1198 458 1250 Gingizclzanis
487 1213 642 1237 nomen.
698 1199 885 1238 hactenus
926 1199 1265 1251 abulpharagius,
1315 1199 1381 1240 cui
1421 1200 1515 1240 satis

77 1261 334 1292 consentanee
351 1261 485 1293 noster
502 1254 760 1306 Pachymeres
778 1256 912 1306 priore
931 1262 1037 1293 tomo
1058 1269 1095 1296 c.
1122 1254 1150 1294 4
1167 1254 1193 1291 l.
1214 1256 1239 1296 5
1255 1254 1514 1305 legislatorem

75 1309 367 1359 Tocharorum,
398 1311 465 1361 qui
492 1324 534 1348 se
561 1310 637 1363 ipsi
667 1311 861 1361 Mugulios
891 1312 1115 1358 nominant,
1160 1323 1304 1347 nomen
1334 1310 1514 1351 habuisse

79 1366 355 1403 stinciwauis
370 1365 529 1416 asserit,
561 1365 708 1404 addens
732 1380 821 1405 eum
841 1379 888 1404 ex
914 1367 1024 1406 fabro
1054 1365 1217 1404 ferrario
1235 1365 1286 1404 ad
1303 1365 1514 1417 imperium

75 1427 268 1461 evectum.
323 1427 410 1459 tum
429 1435 565 1459 eorum
595 1421 775 1460 instituta
791 1435 919 1460 mores
938 1428 978 1459 et
996 1428 1082 1459 acta
1104 1422 1188 1458 fuse
1210 1428 1422 1470 memorat,
1451 1435 1512 1460 ee-

75 1476 163 1514 dem
185 1477 300 1514 etiam
319 1479 411 1514 novi
432 1477 549 1514 huius
577 1477 731 1529 imperii
761 1478 962 1526 indicans,
994 1478 1129 1520 Portas
1150 1477 1304 1528 Caspias
1318 1505 1330 1524 ,
1360 1477 1428 1528 qui
1445 1478 1513 1517 lo-‚·

75 1545 147 1570 cus
164 1532 206 1570 in
225 1531 373 1570 Mediae
397 1546 443 1574 ac
462 1532 638 1572 Parthiae
656 1533 835 1571 confiniis
856 1534 953 1575 situs
975 1540 1044 1572 est.

185 1587 254 1625 Ill.
312 1588 443 1638 Pergit
486 1588 819 1640 Abulpharagius‚
863 1590 1034 1629 reserens
1079 1603 1182 1630 anuo
1219 1587 1383 1638 Hegirae
1427 1590 1509 1632 600

73 1649 227 1694 captam
255 1657 278 1680 a
303 1644 452 1681 Latinis
480 1645 869 1696 Constantinopolim.
934 1651 993 1682 est
1021 1658 1147 1685 annus
1170 1645 1334 1694 Hegirae
1366 1647 1448 1684 600
1466 1643 1509 1685 in

74 1710 163 1736 aera
182 1698 329 1737 Christi
350 1703 469 1749 1203,
498 1700 568 1738 sed
586 1714 608 1736 a
627 1700 689 1738 die
706 1701 913 1738 dumtaxat
933 1701 1084 1739 decima
1104 1701 1244 1740 mensis
1266 1698 1506 1749 Septembris

72 1753 234 1803 Iuliani,
261 1768 376 1805 quam
397 1755 439 1792 in
461 1755 564 1795 diem
590 1757 789 1794 neomenia
806 1756 1027 1797 Muharram
1058 1756 1176 1807 primi
1204 1754 1376 1797 Arabum
1394 1766 1507 1789 men-

72 1809 128 1847 sis
149 1810 302 1848 incidit.
358 1823 446 1847 eum
469 1818 596 1849 autem
622 1825 695 1850 nos
730 1812 1126 1852 demonstraverimus
1164 1818 1271 1850 tomo
1304 1808 1508 1859 superiore

73 1871 306 1915 occupatam
325 1879 347 1901 a
376 1866 522 1904 Latinis
539 1867 921 1918 Constantinopolim
949 1868 1065 1905 fuisse
1085 1867 1148 1903 die
1171 1870 1224 1906 12
1246 1863 1394 1914 Aprilis
1411 1863 1507 1901 anui

73 1919 220 1957 Clu-isti
240 1922 361 1967 1203,
380 1933 463 1958 eam
486 1922 674 1972 epocham
698 1930 802 1960 retro
826 1922 980 1960 trahere
1008 1923 1157 1971 aliquot
1175 1919 1371 1958 mensibus
1401 1918 1507 1968 cogi-

71 1988 182 2023 mur,
211 1980 251 2012 et
267 1974 317 2011 ad
338 1976 620 2025 quadrimestre
639 1978 820 2015 ultimum
838 1978 929 2015 anni
950 1977 1114 2026 Hegirae
1130 1975 1212 2016 599
1230 1975 1407 2018 conferre
1419 2003 1432 2022 ‚
1461 1979 1506 2012 ut

72 2043 233 2080 magnae
250 2028 342 2068 illae
369 2033 643 2070 conversiones
662 2033 782 2079 duae,
817 2032 969 2083 imperii
991 2047 1011 2068 a
1029 2028 1433 2068 Praesteiannensibus
1452 2028 1504 2066 ad

72 2085 265 2136 Mugulios
284 2086 462 2123 translati
478 2093 516 2124 et
536 2087 716 2124 redactae
734 2087 775 2124 in
798 2087 1023 2124 Latinorum
1041 2091 1271 2137 potestatem
1293 2090 1503 2139 metropoff·

71 2141 120 2178 lis
154 2139 308 2190 imperii
340 2141 598 2193 Graecorum,
640 2142 684 2180 in
723 2155 846 2180 unum
882 2142 1124 2192 eundemque
1157 2154 1269 2181 aerae
1300 2139 1500 2188 Arabicae,

71 2209 187 2248 quam
209 2198 384 2247 Hegirae
403 2204 548 2235 vocant
557 2228 568 2247 ‚
597 2211 743 2235 annum
775 2197 1206 2236 undesexcentesimum
1234 2194 1500 2237 convenerint.

71 2266 172 2290 anno
189 2252 281 2289 inde
298 2255 379 2294 606
397 2253 578 2303 Hegirae,
607 2253 675 2302 qui
695 2253 784 2290 iniit
809 2257 834 2294 6
857 2253 948 2290 Iulii
968 2252 1059 2289 anni
1086 2251 1177 2290 chr.
1198 2255 1317 2300 1209,
1336 2251 1501 2299 Gingiz-

72 2308 215 2346 chanes
235 2307 398 2358 imperio
418 2322 490 2346 suo
506 2308 709 2346 subiunxit
724 2309 900 2358 regiones
916 2307 1186 2346 Caracathaiae
1196 2335 1207 2354 ,
1235 2320 1334 2357 quae
1351 2305 1499 2344 viden-

71 2370 139 2402 tur
157 2363 407 2401 'tartarorum
431 2363 584 2402 Sinensi
598 2377 719 2414 regno
738 2364 965 2405 confinium.
1021 2376 1122 2401 anno
1141 2362 1236 2412 Heg.
1253 2364 1349 2410 610,
1386 2361 1498 2402 cuius

71 2425 131 2457 est
144 2419 299 2457 initium
318 2433 339 2455 a
356 2420 448 2458 Maii
466 2423 520 2461 23
541 2420 633 2457 anni
659 2419 802 2458 Christi
835 2421 965 2467 1213,
991 2418 1272 2468 Gingizchanes
1299 2417 1402 2457 bello
1423 2417 1497 2456 in·-

72 2474 179 2512 dicto
201 2475 357 2512 Sultani
383 2475 601 2519 Mohamedi
613 2507 625 2524 ,
661 2475 703 2512 in
722 2475 911 2513 ultionem
930 2474 1095 2511 iniustae
1113 2474 1217 2511 necis
1235 2472 1496 2524 quorumdam

71 2537 355 2579 mercatorum,
392 2532 527 2570 urbem
557 2531 763 2569 maximam
790 2531 969 2568 Otraram
991 2535 1079 2580 post
1106 2530 1276 2580 quinque
1305 2527 1495 2569 mensium

72 2584 314 2623 obsidionem
330 2587 373 2625 vi
390 2588 494 2639 cepit
512 2600 603 2627 cum
617 2587 772 2624 infinita
783 2586 984 2623 hominum
1005 2585 1133 2631 caede,
1159 2591 1205 2624 ut
1222 2591 1262 2623 et
1278 2597 1380 2620 anno
1398 2584 1494 2629 617,

73 2640 186 2677 cuius
210 2641 400 2679 kalendae
425 2643 466 2680 in
493 2645 520 2684 8
548 2642 677 2680 Martii
706 2642 906 2690 incidunt,
956 2640 1170 2678 Bocharam
1199 2646 1239 2677 et
1262 2638 1494 2678 Samarkau-

74 2694 163 2731 dam
177 2695 292 2733 urbes
306 2698 420 2748 longe
441 2698 716 2748 amplissimas,
744 2710 910 2749 quarum
938 2695 1245 2746 huic-praesidio
1272 2694 1393 2732 fuisse
1417 2693 1495 2730 im·-

74 2751 198 2799 posita
216 2763 240 2787 a
254 2752 413 2790 Sultane
435 2753 662 2792 Mohamede
690 2761 848 2792 centum
873 2752 1011 2802 viginti
1041 2751 1216 2801 equitum
1233 2749 1355 2791 millia
1372 2747 1495 2789 tradit

74 2803 395 2857 Abulphmgius.
451 2808 520 2846 sed
547 2808 612 2847 his
638 2809 786 2861 praelio
820 2807 1092 2847 cruentissimo
1118 2805 1335 2859 profligatis
1363 2803 1494 2843 dedita
