1858 3126
468 202 569 245 LlB.
597 200 671 246 111.
735 198 1215 244 cnnoNomGlcUS.
1470 190 1569 250 789

117 325 182 362 en,
202 307 280 350 hoc
296 318 367 362 est,
402 313 520 350 modo
537 310 721 363 loquendi
736 311 829 350 huic
845 311 997 351 auctori
1012 313 1169 362 usitato,
1192 312 1241 350 'in
1264 308 1402 351 seriani
1415 311 1569 352 hebdo-

115 369 242 407 madis
272 375 423 406 sextam
451 369 644 411 inciderit.
702 369 1063 407 Maemacterionem
1091 369 1181 407 alibi
1199 369 1454 420 Pachymeres
1472 383 1570 408 con-

114 431 277 471 stanter,
305 431 352 462 ut
371 425 411 462 in
431 425 552 476 priori
575 425 867 463 observavimus
886 424 1095 474 monario,
1124 425 1277 464 Iunium
1300 438 1470 463 mensem
1493 439 1568 464 vo-

114 487 191 519 cat.
219 479 283 517 hic
303 486 432 518 autem
451 494 532 518 non
552 481 611 518 uti
633 494 722 519 eum
738 480 924 518 hactenus
943 487 1126 518 consueta
1142 481 1303 519 notione
1322 481 1420 521 illud
1438 481 1565 532 ipsum

113 536 346 584 subindicat,
361 537 467 586 quod
489 550 567 574 non
589 535 723 584 ἅπλῶς
743 543 783 574 et
804 536 993 583 absolute,
1008 537 1075 573 sed
1095 533 1178 576 ιιεειντ1
1187 533 1430 588 Ἀθηναίους
1449 539 1568 580 iuxta

112 592 371 630 Athenienses
387 593 503 630 istum
525 593 574 629 de
597 607 676 642 quo
696 593 773 642 agit
795 605 964 630 mensem
986 593 1101 630 fuisse
1124 591 1487 631 Maema'cterionem
1503 607 1567 630 as-

112 648 218 689 serit.
275 661 368 686 sane
386 648 419 685 is
440 661 521 685 esse
534 648 610 685 hoc
627 649 712 686 loco
730 648 862 686 lunius
882 662 960 686 non
979 654 1119 699 potest,
1140 650 1336 698 quoniam,
1370 663 1450 699 quo
1470 649 1568 687 haec

111 710 216 755 gesta
234 716 315 741 esse
333 717 436 741 anno
456 705 571 742 series
587 704 821 742 narrationis
840 704 952 742 fater-i
967 705 1081 755 cogit,
1101 704 1243 742 Christi
1262 705 1461 743 millesimo
1479 712 1563 743 tre-
1586 707 1613 741 P
1636 709 1700 744 571

112 759 321 798 centesimo
339 767 496 810 quarto.
528 774 616 798 cum
636 761 769 812 cyclus
790 760 881 797 solis
901 767 1174 800 numeraretur
1195 761 1268 809 25,
1297 761 1359 798 cui
1380 762 1569 812 competit

110 828 186 868 pro
215 816 410 854 mensibus
435 816 688 854 februarium
719 816 967 866 sequentibus
997 816 1110 854 litera
1138 816 1258 854 index
1282 816 1497 854 dominicae
1520 819 1565 867 D,

111 871 318 910 vicesimus
341 872 489 923 primus
514 872 614 909 Iunii
640 872 721 910 dies
742 872 956 919 dominica,
984 885 1064 909 non
1085 878 1215 910 autem
1235 873 1331 910 seria
1350 880 1459 910 sexta
1477 874 1563 913 suit.

112 939 184 965 nec
198 927 379 966 medetur
401 927 494 965 huic
511 927 779 975 incommodo,
806 933 1013 979 postquam
1037 927 1135 965 illud
1160 928 1479 967 animadvertisse
1497 930 1562 968 vi—

111 996 177 1022 sus
206 989 285 1031 est,
326 983 600 1035 paraphrastes
622 983 849 1029 Vaticanus,
880 983 973 1021 dum
1003 984 1140 1021 solitus
1173 996 1324 1035 semper
1339 985 1430 1022 alias
1448 985 1558 1022 Mae-

110 1039 386 1077 macterionem
407 1039 654 1090 Pachymeris
671 1035 834 1079 Ἰούνιον
850 1040 1012 1077 Iunium
1037 1039 1288 1090 interpretari
1300 1070 1311 1088 ,
1341 1039 1418 1078 hoc
1440 1041 1559 1078 dum-

111 1100 224 1133 taxat
244 1095 332 1133 loco
357 1091 523 1135 Ἰούλιον
546 1095 703 1132 lulium
719 1095 911 1132 reddidit:
943 1109 1030 1132 nam
1058 1108 1182 1145 neque
1203 1095 1288 1133 Iulii
1310 1096 1451 1134 mensis
1477 1097 1559 1137 dies

110 1151 317 1190 vicesimus
339 1151 488 1202 primus
507 1151 665 1188 affixam
690 1151 803 1188 lateri
829 1151 978 1189 literam
999 1153 1029 1188 B
1047 1150 1165 1188 habet
1185 1151 1226 1188 in
1246 1152 1396 1201 vulgari
1423 1153 1562 1198 kalen-

111 1207 244 1255 dario,
271 1214 392 1257 prout
410 1212 638 1257 oportuerat
658 1212 704 1244 ut
728 1207 823 1244 seria
846 1214 955 1244 sexta
977 1207 1122 1244 censeri
1140 1213 1288 1257 posset,
1318 1208 1387 1244 sed
1406 1208 1561 1246 literam

108 1262 155 1311 F,
165 1262 281 1301 seriae
295 1263 432 1301 tertiae
449 1263 614 1301 indicem
626 1262 783 1312 quando
794 1263 827 1299 D
845 1263 980 1301 seriam
997 1263 1161 1314 primam
1175 1263 1257 1302 sive
1272 1263 1375 1303 diem
1387 1263 1559 1301 domini-

111 1331 196 1356 cam
213 1318 396 1370 designat.
426 1319 585 1356 omnino
604 1331 706 1356 unus
722 1319 764 1356 in
782 1325 867 1356 toto
889 1333 991 1356 auno
1007 1325 1066 1356 est
1077 1319 1217 1356 mensis
1228 1318 1564 1370 Augustus.euius‘

112 1374 190 1412 diei
207 1375 410 1412 vicesimae
430 1374 576 1425 primae
590 1374 704 1411 litera
726 1375 758 1411 B
778 1388 881 1412 anno
905 1375 974 1412 tali
991 1375 1123 1412 seriam
1144 1380 1295 1412 sextam
1315 1375 1491 1412 indicans
1505 1375 1565 1412 ad·

109 1430 212 1468 latus
233 1431 386 1482 appicta
412 1430 597 1468 cernitur.
653 1430 731 1467 hoc
756 1430 876 1480 igitur
896 1431 981 1480 ipso
1005 1443 1133 1468 mense
1158 1431 1360 1480 contigisse
1381 1432 1558 1481 oportuit

111 1493 364 1524 memoratam
383 1499 422 1536 p.
441 1486 522 1528 384
548 1500 584 1523 v.
605 1488 622 1525 1
648 1500 669 1522 a
689 1485 925 1536 Pachymere
942 1487 1225 1536 promotionem
1242 1485 1454 1523 Athanasii.
1511 1499 1560 1524 ac

109 1554 202 1580 sane
225 1542 361 1579 suadet
386 1542 489 1579 idem
510 1542 573 1578 ille
592 1541 799 1579 vehemens
821 1542 911 1579 solis
931 1542 1134 1593 flagrantis
1153 1547 1282 1580 aestus
1296 1571 1307 1589 ‚
1336 1555 1415 1591 quo
1436 1555 1557 1579 exco-

111 1603 219 1636 ctum
236 1598 352 1636 fuisse
369 1597 637 1635 Andronicum
655 1598 748 1635 dum
769 1596 846 1634 hoc
864 1604 993 1648 ageret
1013 1597 1265 1649 pachymeres
1281 1598 1410 1635 innuit
1428 1597 1559 1637 verbis

109 1653 196 1702 illis,
223 1650 396 1706 ὑπ”ἆέρι
414 1656 494 1705 πῦρ
512 1652 672 1693 πνέοντι
690 1652 757 1692 ’καὶ
772 1657 933 1707 καιρικῴ
951 1655 1092 1706 πνίγει,
1120 1653 1196 1691 sub
1216 1659 1305 1690 ae're
1320 1655 1451 1703 ignem
1471 1648 1557 1702 εμὲ-ζ

109 1716 248 1750 rante.
275 1723 327 1747 ac
342 1718 467 1760 prout
486 1710 565 1747 tali
591 1716 815 1760 tempestate
835 1711 932 1747 solet
950 1711 1054 1758 ficri.
1076 1724 1205 1760 paene
1224 1709 1446 1760 suffocante
1466 1715 1556 1751 ira-2

110 1765 242 1803 lzentes
267 1766 458 1806 halitum.
514 1778 612 1828 quae
641 1778 755 1802 nemo
781 1779 861 1803 non
895 1766 1081 1803 fatebitur
1107 1765 1247 1803 Sextili
1275 1765 1357 1800 sive
1379 1765 1555 1812 Augusto

110 1821 255 1870 mensi,
284 1822 356 1859 sub
374 1821 512 1859 Leonis
532 1821 639 1872 signo
659 1827 697 1859 et
716 1821 920 1860 Caniculae
942 1821 1067 1859 sidere
1087 1821 1199 1871 longe
1216 1819 1388 1862 omnium
1410 1818 1555 1855 arden-

111 1876 280 1923 tisdmo,
308 1877 445 1914 eximie
466 1877 686 1914 convenire.

222 1931 288 1970 Vl.
348 1931 454 1968 Idem
468 1931 634 1968 adstruit
651 1932 749 1969 ordo
765 1937 957 1980 gestarum
977 1937 1014 1968 et
1030 1945 1052 1967 a
1068 1930 1303 1981 Pachymere
1319 1935 1556 1966 memorata-

110 1999 201 2025 rum
215 2000 372 2033 rerum,
401 1999 499 2036 quae
520 1993 653 2023 exacte
673 1991 799 2023 totum
820 1987 987 2036 spatium
1007 1987 1110 2022 inter
1131 1985 1232 2022 diem
1253 1987 1304 2025 19
1324 1984 1491 2021 Ianuarii
1514 1990 1555 2021 et

112 2042 252 2080 mensis
271 2042 435 2092 Augusti
451 2045 501 2082 21
526 2042 729 2092 complent,
744 2047 792 2078 ut
806 2042 978 2079 breviter
996 2041 1231 2078 demonstro.
1287 2040 1407 2077 refert
1426 2039 1556 2077 histo-

112 2098 219 2136 ricus
249 2098 277 2136 l.
302 2097 329 2138 5
360 2110 392 2135 c.
412 2101 440 2139 2
470 2097 602 2134 statim
620 2097 656 2132 ‘a
689 2096 916 2146 refrigerato
949 2097 1074 2146 primo
1103 2095 1169 2133 illo
1203 2094 1367 2144 ardore,
1405 2107 1483 2144 quo
1511 2094 1555 2132 in

113 2152 318 2191 Athanasii
338 2153 611 2203 repositionem
633 2152 674 2189 in
700 2151 790 2188 sede
818 2152 879 2189 die
899 2154 950 2192 19
969 2151 1134 2188 Ianuarii
1161 2151 1301 2202 passim
1329 2163 1460 2188 omnes
1479 2151 1554 2187 ab-

112 2209 215 2260 repti
235 2209 403 2256 fuerant,
431 2221 510 2245 non
532 2220 675 2258 paucos
694 2206 911 2244 antistitum
930 2206 1091 2244 adversa
1113 2207 1145 2242 ei
1166 2206 1403 2257 promotioni
1421 2205 1552 2244 studia

114 2271 360 2303 monstrasse.
416 2277 492 2313 qua
517 2263 765 2300 contentione
784 2263 967 2309 durante,
998 2262 1108 2298 addit
1127 2261 1380 2311 Pachymeres
1398 2274 1494 2299 mox
1510 2274 1551 2313 p.

116 2323 197 2362 376
219 2334 259 2358 v.
285 2325 312 2362 2
334 2319 601 2356 Andronicum
624 2318 759 2355 diebus
780 2317 1064 2368 Tyrophagiae,
1092 2317 1156 2367 qui
1183 2317 1361 2368 proxime
1379 2317 1552 2366 quadra-

114 2377 311 2426 genarium
324 2375 509 2413 ieiunium
526 2374 777 2424 praecedunt,
795 2374 930 2410 adiisse
946 2373 1128 2411 Ioannem
1143 2374 1333 2410 Cosmam.
1390 2373 1467 2410 suit
1481 2372 1550 2410 illo

116 2445 219 2469 anno
235 2432 330 2470 feria
349 2437 487 2481 quarta
499 2430 680 2467 Cinerum
697 2429 778 2466 dies
792 2429 994 2466 undecima
1010 2428 1208 2466 Februarii
1217 2443 1228 2477 ;
1254 2428 1360 2466 unde
1374 2427 1440 2465 illa
1454 2441 1552 2478 pro-

115 2487 231 2524 fectio
254 2487 498 2554 imperatoris
526 2486 576 2523 ad
603 2486 783 2523 Ioannem
808 2485 936 2534 aliquo
957 2489 1103 2547 septem
1129 2483 1279 2522 dierum
1307 2483 1552 2522 undecimam

117 2542 316 2580 Februarii
342 2542 443 2580 diem
472 2538 624 2593 ἆμέσως
647 2540 959 2592 praecedentium
986 2539 1187 2590 contigisse
1212 2539 1359 2577 debuit.
1414 2543 1554 2576 narrat

117 2603 246 2647 postea
259 2597 468 2635 historicus
481 2597 699 2648 perculsum
711 2596 976 2634 Andronicum
991 2595 1387 2633 excommunicatione
1402 2607 1423 2629 a
1437 2593 1552 2630 Ioan-

117 2665 187 2698 ne,
214 2659 420 2702 postquam
435 2653 576 2690 illum
564 2666 645 2703 ipse
664 2665 801 2690 verum
823 2651 952 2689 adhuc
962 2649 1229 2714 patriarcham
1247 2654 1478 2700 agnoverat,
1505 2647 1548 2685 in

117 2720 181 2743 eos
197 2707 386 2746 intentata
400 2708 468 2756 qui
488 2708 740 2745 Athanasium
758 2720 943 2759 reponere
958 2708 1001 2744 in
1018 2706 1107 2743 sede
1124 2706 1363 2751 molirentur,
1384 2703 1549 2740 multum

119 2762 304 2799 remisisse
321 2763 370 2800 de
386 2763 544 2800 studio'
533 2777 576 2800 ιιι
596 2777 679 2800 eam
694 2764 981 2801 restitutionem
997 2775 1079 2802 suo.
1124 2761 1347 2812 supervenit
1363 2759 1424 2796 his
1440 2770 1551 2796 mor-

123 2817 194 2853 bus
211 2823 253 2855 et
273 2824 377 2857 mors
392 2817 619 2857 Theodorus
629 2818 824 2870 Augustae
841 2819 973 2857 matris
992 2817 1219 2868 Andronici,
1240 2816 1357 2856 rebus
1372 2814 1552 2853 humanis
