1858 3126
594 153 698 200 ΗΒ.
731 153 768 197 1.
838 152 1194 198 GLOSSARIUM.
1509 150 1607 196 669

173 277 226 304 ex
242 263 506 304 maiorum
522 275 662 313 genere
682 262 823 312 fuisse,
851 261 920 313 qui
934 261 1073 309 multi,
1102 266 1223 313 prout
1242 258 1482 300 ostendimus
1500 260 1544 300 in
1562 273 1607 301 ea

172 333 269 360 voce
294 320 424 372 primo
454 325 591 357 nostro
616 318 837 368 Glossario,
865 323 990 355 castra
1015 317 1111 355 olim
1134 317 1307 354 Romana
1335 316 1608 367 sequebantur.

172 390 219 414 ac
245 376 354 427 quod
378 374 435 412 ibi
458 374 632 412 diximus
660 374 829 412 medicos
852 385 1029 424 quoque,
1065 372 1268 423 chirurgos
1293 377 1333 410 et
1364 368 1608 425 νοσοκόμους

171 431 375 471 universos
392 443 438 468 eo
457 430 648 469 vocabulo
672 430 820 482 pariter
833 429 1002 477 censeri,
1031 427 1235 466 confirmat
1253 428 1331 466 Leo
1351 427 1453 465 idem
1477 429 1607 479 Angu-

171 493 258 526 stus
276 487 412 526 Const.
432 489 458 527 3
485 484 508 538 §
529 485 601 534 15,
630 485 724 524 dum
750 484 812 523 his
832 480 1059 531 δεποτᾶτοις
1080 484 1319 522 medicorum
1338 490 1471 535 partes
1500 485 1607 524 clam

170 542 331 590 tribuit,
359 540 483 580 sic—de
501 540 582 579 illis
600 541 795 579 scribens:
822 540 963 588 οἵτινες
987 542 1383 591 παρακολουθοῦντες
1409 541 1460 594 τῇ
1481 555 1607 592 παρα-

169 594 277 646 τάξει
296 594 397 644 παῦς’
411 595 455 636 ἐν
473 598 525 650 τῇ
543 593 648 652 μάχῃ
669 597 906 650 τραυματίας
927 595 1158 648 γινομένους
1181 590 1526 646 ἆναλαμβοὶνονται
1549 594 1606 645 οἷς

170 652 301 705 ἰατροὶ
318 651 388 692 καὶ
412 655 722 703 περιποιοῦνται.
774 651 867 690 hinc
890 651 986 689 istos
1012 650 1088 688 boc
1114 650 1202 688 loco
1221 657 1357 688 noster
1375 657 1492 689 vocat
1516 652 1605 692 διω-

169 704 325 756 σωστοὶς
342 715 581 756 servatores,
613 721 682 747 seu
701 704 926 748 δεποτάτων
946 720 1079 745 vocem
1098 706 1274 744 usitatam
1286 734 1297 755 ,
1327 706 1431 756 quod
1457 706 1604 746 alienae

170 770 271 802 esset
289 763 466 814 originis,
477 777 567 802 vere
578 764 722 801 Graeca
738 770 907 814 mutans,
926 769 973 801 ut
988 763 1089 800 solet
1102 762 1146 799 in
1164 761 1387 800 nominibus
1407 763 1604 802 mensium

170 825 212 858 et
238 819 504 857 occasionibus
528 819 719 858 similibus
750 822 865 866 (nam
897 824 936 857 et
962 831 1060 870 quas
1090 813 1236 865 σκᾶλας
1260 817 1377 855 modo
1402 817 1603 870 descripto

166 875 256 913 loco
274 876 352 912 Leo
370 874 582 926 imperator
599 875 722 923 dixit,
749 875 927 926 stapedas
953 874 1180 925 designans,
1207 873 1462 924 pachymeres
1482 875 1563 914 vol.
1583 875 1604 912 Ι

168 944 213 982 p·
233 929 312 972 411
342 943 382 970 v.
402 933 453 971 16
480 931 669 983 κλίμακας
694 931 834 969 maluit
858 931 1034 980 dicere),
1059 930 1142 967 sive
1161 929 1270 980 quod
1294 930 1400 968 sorte
1424 934 1520 968 tunc
1547 931 1602 968 sic

166 999 263 1024 usus
286 985 534 1032 invaluisset,
564 995 611 1024 ut
635 987 703 1038 qui
730 983 937 1027 δεποτᾶτοι
960 985 1145 1037 appellati
1174 985 1349 1034 fuerant,
1376 991 1461 1023 tum
1477 986 1601 1036 vulgo

166 1041 347 1080 audirent
367 1042 588 1083 διασωσταί.
643 1047 840 1081 caeterum
866 1041 939 1080 hos
957 1037 1175 1088 διασωστᾰς
1193 1041 1329 1079 solitos
1347 1040 1488 1090 fuisse,
1519 1042 1601 1079 sal-

163 1103 246 1135 tem
265 1095 511 1148 Pachymeris
532 1104 721 1149 tempore,
747 1098 948 1137 interdum
968 1097 1111 1135 armari
1129 1103 1167 1134 et
1184 1097 1391 1135 militarem
1405 1103 1601 1147 praestare

165 1165 323 1204 operam
340 1157 427 1190 tuto
446 1153 682 1192 deducendis
699 1167 771 1205 per
786 1155 868 1192 vias
884 1153 1043 1191 infestas
1060 1152 1289 1201 viatoribus,
1317 1152 1432 1190 docet
1450 1166 1523 1190 nos
1538 1153 1603 1191 lo-

165 1221 235 1246 cus
252 1221 304 1246 ex
317 1221 358 1259 p.
377 1208 459 1251 429
476 1222 519 1251 v,
534 1212 587 1252 16
611 1209 729 1247 huius
742 1209 941 1258 historiae,
970 1209 1039 1247 nbi
1055 1209 1222 1247 refertur
1240 1208 1494 1246 Rontzerium
1517 1222 1602 1246 mn-

162 1276 286 1314 guum
320 1263 456 1301 ducem
469 1292 482 1312 ,
532 1277 621 1302 cum
660 1266 856 1315 Magnesia
892 1264 1273 1315 Constantinopolim
1311 1263 1601 1303 Cannaburium

167 1319 361 1370 quendam
389 1319 582 1368 mitteret,
610 1320 810 1369 Nostongo
837 1321 1064 1372 provinciae
1087 1320 1170 1357 iilic
1187 1320 1383 1370 praesecto
1400 1319 1603 1359 mandasse

165 1380 214 1411 ut
229 1373 267 1412 ei
283 1370 502 1421 διασωστᾶς
527 1387 549 1413 e
566 1376 647 1413 suis
665 1376 788 1427 copiis
804 1376 961 1414 comites
978 1376 1107 1424 daret,
1138 1388 1307 1426 quorum
1325 1380 1433 1412 tutus
1447 1375 1601 1425 praesi—

164 1429 234 1467 dio
275 1442 409 1468 secure
446 1429 525 1474 iter
554 1429 658 1468 istud
699 1431 927 1470 conficeret:
970 1430 1114 1483 πέμπει
1145 1428 1241 1483 πρὸς
1275 1427 1347 1471 τᾶν
1376 1427 1603 1484 Νόστογγον

163 1487 396 1538 παρεγγυῶν
416 1485 608 1526 ἱκανῶσαι
627 1487 860 1535 διασωσταῖς
878 1487 922 1528 ἐκ
938 1489 1011 1526 τοῦ
1031 1488 1308 1539 στρατιωτικοῦ
1324 1484 1394 1526 τόν
1415 1481 1602 1527 α’ποστελ-

162 1537 346 1592 λόμενον.
389 1540 573 1591 additque
590 1556 684 1580 mox
701 1541 911 1582 historicus
932 1542 1172 1592 Nostongum
1193 1541 1394 1580 ostendere
1415 1541 1602 1580 affectan—

162 1600 244 1634 tem
256 1595 462 1634 abundans
479 1597 719 1646 gratificandi
737 1598 828 1636 duci
847 1611 984 1649 magno
997 1599 1182 1646 studium,
1193 1598 1283 1649 plus
1301 1610 1418 1648 quam
1436 1597 1602 1647 rogaba-

161 1656 231 1690 tur
246 1651 400 1697 secisseg
418 1652 584 1691 obivisse
603 1653 707 1692 enim
723 1654 852 1706 ipsum
870 1668 959 1692 cum
976 1654 1057 1692 suis
1075 1653 1331 1706 praetorianis
1347 1653 1389 1690 id
1410 1652 1599 1702 officium,

161 1712 205 1746 et
221 1707 506 1745 Cannaburium
528 1709 572 1746 in
589 1710 722 1748 urbem
742 1710 982 1761 perduxisse.

274 1758 603 1814 διβᾶμβουλο
618 1780 640 1805 ν
677 1779 718 1817 p.
739 1769 818 1808 186
851 1779 894 1805 v.
914 1768 955 1806 8.
1011 1764 1107 1816 quid
1135 1763 1289 1802 dicatur
1312 1761 1389 1799 hoc
1415 1760 1503 1799 loco
1534 1762 1597 1801 δι-

162 1812 389 1868 βᾶμβουλον
413 1817 697 1869 ᾱίὀαηιόιιῖιιηι,
717 1834 762 1859 eo
779 1821 876 1859 mihi
893 1820 1117 1871 diligentius
1137 1825 1194 1856 est
1215 1816 1490 1869 quaerendum,
1517 1829 1598 1866 quo

163 1871 475 1910 doctissimorum
494 1874 695 1913 hominum
714 1877 838 1914 editae
855 1876 1040 1914 hactenus
1062 1876 1111 1912 de
1126 1874 1242 1911 huius
1265 1871 1445 1911 vocabuli
1461 1871 1595 1910 notio-

162 1939 213 1964 ne
232 1927 442 1965 sententiae
466 1941 488 1964 a
504 1942 598 1967 vero
623 1931 802 1970 aberrare
821 1932 887 1970 vel
906 1945 957 1970 ex
975 1931 1053 1968 hoc
1076 1931 1160 1981 ipso
1179 1927 1358 1966 historici
1378 1926 1505 1965 nostri
1530 1932 1593 1965 te·

161 1982 347 2019 stimonio
369 1983 569 2021 manifeste
588 1985 946 2036 deprehenduntur.
1001 1983 1281 2023 eruditissimus
1298 1982 1458 2020 Iacobus
1477 1982 1590 2020 Pon-

163 2042 277 2074 tanus
297 2043 428 2074 noster
444 2037 487 2074 in
506 2039 658 2087 Latina,
689 2054 805 2091 quam
827 2042 910 2078 sine
931 2041 1076 2078 Graeco
1104 2044 1292 2076 contextu
1310 2039 1433 2076 solam
1452 2038 1589 2085 edidit,

161 2092 481 2142 interpretatione
513 2093 695 2132 Chronici
729 2096 883 2145 Georgii
911 2094 1118 2133 Phrantzis
1154 2093 1463 2145 protovestiarii,
1496 2093 1534 2131 1.
1560 2097 1588 2134 3

157 2160 196 2186 Δ(ι.
214 2149 266 2188 19
285 2161 321 2198 p.
346 2150 423 2188 197
447 2147 507 2186 ed.
528 2149 735 2199 ingolstad.
754 2162 816 2190 an.
842 2151 968 2198 1604,
995 2151 1166 2188 reserens
1184 2149 1305 2187 ritum
1326 2162 1404 2200 quo
1419 2148 1588 2200 patriar-

159 2201 234 2239 cha
259 2204 709 2254 Constantinopolitanus
736 2206 820 2243 eius
844 2202 1044 2255 dignitatis
1070 2205 1170 2242 inire
1196 2204 1477 2256 possessionem
1506 2209 1589 2242 erat

160 2257 318 2305 solitus,
347 2258 450 2296 inter
474 2260 549 2296 alia
575 2259 671 2298 haec
694 2260 827 2299 habet:
866 2260 1084 2298 secundum
1110 2260 1208 2297 haec
1228 2259 1467 2310 patriarcha
1497 2273 1588 2296 cum

158 2313 419 2364 lampadibus
435 2313 494 2351 ad
510 2314 735 2354 diababula
752 2319 834 2354 sive
852 2318 1003 2353 atrium
1023 2314 1286 2356 descendebat.
1316 2315 1372 2352 ita
1391 2314 1457 2354 ibi.
1486 2321 1592 2353 recte

158 2381 292 2419 porro,
322 2375 367 2407 ut
386 2370 540 2421 opinor,
570 2371 759 2410 Meursius
776 2372 820 2409 in
840 2372 1037 2410 Glossario
1054 2371 1175 2409 verbo
1192 2368 1460 2422 Διβάμβυλον,
1486 2377 1523 2408 et
1541 2383 1590 2409 ΒΧ

157 2435 205 2461 eo
224 2423 342 2462 verba
370 2425 456 2476 ipsa
481 2426 698 2465 describens
717 2427 884 2465 Mathias
903 2426 1110 2465 martinius
1135 2426 1180 2463 in
1205 2440 1275 2465 suo
1298 2427 1437 2464 Lexico
1456 2425 1590 2464 Philo-

157 2477 283 2528 logico
325 2481 446 2518 verbo
479 2483 854 2532 Monobambulum,
895 2497 971 2535 pro
1004 2481 1226 2519 diabobula
1262 2481 1483 2521 dibambula
1517 2481 1588 2518 illo

156 2532 372 2574 Phrantzae
402 2536 490 2574 loco
521 2538 684 2577 rescribi
718 2539 856 2578 debere
886 2543 1136 2590 putaverunt.
1197 2551 1281 2576 non
1306 2543 1411 2577 recte
1446 2542 1585 2582 autem,
1612 2536 1640 2570 P
1660 2535 1727 2573 470

159 2595 348 2637 quantum
377 2591 569 2643 arbitror,
597 2595 786 2644 glossema
805 2595 926 2643 illud,
954 2596 1035 2632 sive
1059 2594 1232 2642 atrium,
1258 2607 1331 2644 pro
1360 2605 1451 2631 vera
1478 2590 1587 2629 vocis

156 2641 239 2681 eius
257 2647 499 2697 expositione
516 2657 757 2701 receperunt.
813 2650 870 2688 sic
888 2651 988 2687 enim
1007 2655 1171 2698 uterque
1187 2649 1341 2698 scribiq
1370 2642 1590 2699 Μονοβᾶμ·

157 2697 279 2746 βυλον
299 2702 463 2752 simplex
486 2705 667 2743 conclave
679 2707 836 2757 palatii
855 2707 1060 2753 secretius,
1101 2705 1244 2755 inquo
1270 2702 1588 2754 congregabatur

155 2751 285 2791 ‘'hm‘'
302 2758 578 2805 Patriarcham
606 2775 752 2800 novum
769 2762 974 2810 electurus.
1033 2758 1211 2799 Codinus
1227 2761 1313 2799 eius
1336 2759 1536 2798 meminit:
1562 2756 1589 2799 o‘
