1858 3126
462 154 563 199 LIB.
590 154 662 200 111.
729 154 1201 202 CHRONOLOGICUS.
1411 224 1417 228 .
1442 156 1544 204 833

117 263 160 302 in
178 262 380 313 Rescripto
401 261 451 300 ad
470 261 675 302 Eusebium
696 275 731 303 c.
748 260 803 305 45
827 262 1045 314 descripto,
1072 276 1150 315 quo
1168 263 1384 315 imperatur
1403 271 1450 303 ut
1466 278 1534 303 ec-

116 319 254 358 clesiae
275 316 582 357 Christianorum
599 317 741 368 ubique
758 324 915 368 sumptu
934 318 1091 369 publico
1109 319 1381 369 aedificentur,
1409 319 1453 358 fit
1471 321 1533 358 di-

115 374 256 411 stincta
280 373 424 411 mentio
440 373 617 411 draconis
628 402 640 422 ,
668 386 780 424 quem
800 371 865 411 hio
880 374 1041 412 Ioannes
1057 374 1215 441 ligatum
1230 381 1430 415 memorat.
1475 376 1534 414 sic

113 429 216 466 enim
249 429 334 466 illic
361 428 637 466 Constantinus
662 428 860 479 loquitur:
887 428 976 468 νυνὶ
998 426 1043 469 δὲ
1059 432 1131 480 τῆς
1149 429 1373 483 ἐλευθεριας
1389 425 1536 471 ‹inodo-

111 484 272 534 θείσης,
299 483 366 524 καὶ
389 486 461 523 τοῦ
493 481 704 535 δράκοντος
735 482 886 523 ἐκείνου
915 478 994 524 ἆπὸ
1015 486 1084 534 τῆς
1107 487 1187 524 τῶν
1208 489 1354 526 κοινῶν
1385 482 1534 538 danem}-

58 588 62 592 ᾗ
113 551 209 586 σεως
241 553 310 578 του
346 541 450 578 θεου
472 542 542 578 τοῦ
570 539 749 591 μεγίστου
771 539 958 594 προνοίᾳ,
993 538 1159 594 ἡμετέρα
1185 535 1227 580 δ’
1253 539 1447 596 ὑπηρεσίᾳ
1475 541 1534 581 ἐκ·

111 593 372 645 διωχθέντας,
418 607 526 630 nunc
564 601 697 631 autem
737 580 925 631 libertate
951 593 1138 643 reddita,
1177 603 1215 632 et
1255 582 1435 634 dracone
1458 597 1530 634 illo

110 648 329 699 (Licinium
359 647 489 686 innuit
511 649 756 687 idololatriae
781 647 1067 702 promotorem)
1107 650 1159 687 ab
1185 649 1528 689 administrmmne

109 716 242 741 rerum
259 702 323 740 dei
336 706 499 741 maximz
494 703 766 755 'providentia
784 711 819 741 et
835 711 966 742 nostro
982 706 1200 743 ministerio
1218 705 1374 744 deiecto.
1431 720 1530 744 con-

109 758 280 808 tigerunt
300 759 373 796 ista
393 759 495 797 circa
518 759 662 797 Christi
679 773 822 797 annum
843 762 936 800 320.
992 760 1083 798 inde
1108 773 1179 812 per
1206 761 1314 799 mille
1341 775 1463 799 annos
1484 762 1528 800 in

108 814 222 866 plena
250 815 489 866 possessione
516 815 656 852 liberae
686 815 793 866 pacis
817 815 918 852 intra
944 815 1147 867 imperium
1176 817 1392 855 Romanum
1418 817 1529 856 Chri-

109 869 232 907 stiana
257 870 393 919 religio
423 870 657 922 permansit,
684 883 822 921 nempe
848 883 967 920 usque
992 871 1041 908 ad
1070 883 1214 908 annum
1239 871 1384 911 Christi
1407 875 1526 922 1320,

109 937 187 975 quo
221 928 413 976 tempore,
451 932 498 963 ut
526 925 717 973 vidimus,
757 925 967 963 Othmanes
997 925 1151 964 exitiale
1177 925 1320 964 Christi
1346 927 1527 978 religioni

108 979 291 1018 fundavit
315 980 537 1031 imperium,
566 980 823 1018 foedissimam
842 979 1072 1018 mahumetis
1097 981 1408 1031 superstitionem
1433 983 1527 1021 orbe

107 1035 229 1073 ferme
253 1040 340 1073 toto
370 1042 692 1087 propagaturum,
722 1048 770 1072 ex
791 1048 865 1086 qna
890 1049 968 1074 non
990 1036 1118 1073 minus
1138 1037 1219 1075 fere
1237 1037 1299 1074 dei
1316 1050 1434 1087 regno
1451 1038 1524 1076 de—

107 1089 332 1128 trimentum
359 1103 474 1141 quam
501 1104 550 1129 ex
577 1090 837 1129 invalescente
863 1105 909 1128 ac
935 1091 1099 1129 subnixa
1118 1091 1211 1129 olim
1229 1105 1363 1143 regum
1385 1093 1525 1143 opibus

106 1145 330 1183 idololatria
362 1145 516 1184 illatum
552 1151 620 1186 est.
678 1146 840 1184 accessit
879 1146 982 1184 cirea
1011 1147 1117 1184 idem
1149 1152 1303 1198 tempus
1329 1160 1524 1198 emergens
1582 1190 1588 1197 ¹

107 1199 259 1238 Wiclefi
275 1200 461 1249 haeresis,
489 1201 531 1238 in
553 1201 732 1239 loannem
759 1201 897 1238 deinde
926 1202 1026 1250 Hus,
1055 1201 1289 1251 Lutherum,
1319 1202 1523 1241 Calvinum

106 1255 279 1306 aliosque
295 1262 512 1306 propagata.
554 1257 720 1306 denique
739 1257 840 1294 circa
858 1257 959 1293 idem
979 1263 1131 1308 tempus
1151 1258 1295 1295 semina
1314 1264 1404 1295 sunt
1421 1258 1523 1296 iacta

105 1310 212 1361 longi
239 1309 455 1349 schismatis
480 1317 568 1362 post
590 1311 739 1348 obitum
769 1312 947 1362 Gregorii
966 1312 1020 1349 X1
1046 1325 1115 1363 per
1132 1325 1253 1350 annos
1274 1325 1390 1364 supra
1411 1326 1523 1351 sexa-

106 1365 211 1415 ginta
245 1365 436 1403 Romanae
470 1366 571 1404 sedis
609 1366 874 1404 auctoritatem
887 1395 898 1414 ,
942 1380 1017 1416 qua
1049 1373 1205 1405 eatenus
1241 1368 1521 1406 ecclesiasticae

105 1419 353 1458 monarchiae
384 1421 487 1459 salus
517 1427 695 1470 steterat,
732 1421 1055 1472 perniciosissime
1085 1422 1369 1462 labefactaturi.
1424 1423 1523 1461 haec

105 1475 223 1513 simul
243 1476 318 1513 tria
339 1476 437 1514 mala
457 1475 663 1514 millesimo
678 1482 855 1515 vertente
873 1483 964 1528 post
979 1490 1111 1528 pacem
1132 1491 1154 1514 a
1176 1478 1431 1516 Constantino
1451 1478 1520 1515 da-

103 1536 184 1568 tam
205 1544 307 1568 anno
326 1532 541 1569 exorientia
553 1560 564 1579 ,
590 1532 783 1570 solutione
802 1532 910 1583 prius
928 1532 1034 1582 ligati
1050 1534 1212 1570 Satanae
1228 1546 1250 1570 a
1269 1539 1404 1571 sancto
1428 1539 1520 1571 vste

104 1585 364 1636 designantur.
418 1586 462 1624 id
497 1599 614 1635 vero,
653 1587 758 1638 quod
788 1587 837 1624 ad
866 1594 1036 1626 nostram
1070 1588 1230 1639 proprie
1255 1601 1339 1626 rem
1368 1588 1520 1635 attinet,

103 1641 317 1679 adstruitur
356 1654 406 1679 ex
434 1654 482 1679 eo
505 1642 609 1692 quod
637 1642 754 1680 Turci
778 1642 1012 1680 Ottomanici
1039 1643 1087 1680 ab
1117 1642 1295 1681 omnibus
1326 1643 1521 1680 habentur

103 1696 263 1746 originis
278 1696 491 1748 Scythicae.
544 1696 711 1748 Scythae
726 1704 853 1735 autem
871 1711 920 1736 ex
936 1698 1069 1748 Magog
1083 1699 1254 1736 secundo
1269 1698 1351 1735 filio
1368 1697 1517 1748 Iapheti

102 1757 313 1789 memorato
331 1752 430 1790 Gen.
441 1755 491 1793 10
509 1751 536 1792 4
553 1753 752 1803 propagati
766 1751 870 1790 haud
888 1753 1005 1791 dubie
1024 1754 1248 1793 creduntur.
1274 1753 1376 1790 idem
1395 1766 1515 1803 porro

100 1806 237 1856 Magog
255 1807 339 1855 Gog
359 1819 510 1856 qnoque
530 1807 656 1845 dictus
675 1821 747 1858 per
764 1821 976 1859 apocopen,
999 1814 1186 1858 occupata
1201 1807 1364 1844 coloniis
1381 1807 1515 1857 Lydia,

103 1861 230 1910 Gyges
247 1861 479 1898 Graecorum
497 1862 620 1899 literis
638 1863 850 1912 appellatus
868 1864 999 1902 fuerit.
1037 1863 1130 1900 hinc
1147 1862 1293 1899 Plinius
1310 1863 1338 1899 l.
1356 1862 1384 1902 5
1406 1875 1440 1899 c.
1457 1865 1514 1903 28

101 1915 341 1966 Hierapolim
375 1916 507 1966 Syriae
542 1917 683 1954 dictam
724 1930 746 1952 a
780 1918 890 1967 Syris
919 1919 1072 1967 Magog
1105 1922 1292 1964 testatur,
1327 1916 1512 1954 nimirum

102 1971 283 2020 quoniam
311 1982 354 2007 ea
383 1970 540 2018 civitas,
577 1977 624 2008 ut
654 1971 767 2008 docet
790 1970 979 2008 Lucianus
1013 1972 1113 2008 libro
1144 1971 1191 2008 de
1218 1972 1287 2008 dea
1317 1971 1450 2021 Syria,
1489 1985 1512 2008 a

100 2025 334 2063 Deucalione
355 2025 569 2062 Promethei
585 2026 666 2063 sive
687 2026 836 2075 Magogi
856 2032 922 2063 aut
940 2026 1039 2074 Gogi
1061 2025 1166 2074 filio,
1194 2024 1422 2076 Scytharum
1440 2039 1512 2063 au·-

101 2086 228 2128 ctore,
257 2080 309 2117 sit
339 2080 506 2118 condita.
561 2093 658 2130 quae
685 2079 745 2117 his
772 2081 948 2130 adiungit
972 2081 1133 2117 Ioannes
1154 2056 1206 2117 ’de
1234 2081 1330 2118 actis
1351 2081 1442 2131 Gog
1472 2087 1511 2118 et

99 2135 236 2198 Magog
261 2148 435 2185 magnam
464 2134 607 2172 habent
630 2148 719 2172 cum
755 2137 919 2172 narratis
948 2136 995 2172 de
1022 2135 1137 2184 gestis
1173 2135 1510 2174 ottomanicorum

97 2190 322 2242 principum
341 2190 640 2227 similitudinem.
680 2189 845 2240 primum
866 2190 918 2226 ait
933 2189 1225 2240 congregandos
1243 2204 1286 2228 ιη
1293 2191 1508 2241 praelium

100 2259 268 2296 qaorum
294 2259 480 2282 numerus
505 2248 607 2282 sicut
635 2259 774 2281 arenae
801 2246 947 2292 maris,
985 2258 1130 2282 morem
1159 2245 1321 2283 istorum
1341 2245 1506 2283 innuens

98 2300 429 2338 numerosissimos
458 2300 631 2337 armandi
658 2299 861 2337 exercitus.
916 2299 1024 2336 addit
1050 2306 1086 2336 et
1114 2296 1369 2337 ascenderunt
1390 2314 1507 2352 super

99 2355 353 2392 latitudinem
370 2363 506 2393 terrae.
560 2355 715 2406 Europa
733 2354 891 2404 originis
910 2355 1077 2392 Graecae
1092 2367 1231 2392 nomen
1251 2362 1308 2393 est
1327 2368 1375 2393 ex
1392 2351 1514 2408 εὖρος

99 2410 271 2447 latitudo
295 2416 333 2447 et
355 2408 411 2458 ὅψ
434 2406 530 2456 ὀπός
548 2417 677 2446 terra:
706 2423 793 2447 nam
814 2408 889 2446 hoc
910 2408 1102 2447 vocabulo
1121 2409 1353 2460 designatam
1378 2411 1504 2462 Cybe-

98 2463 184 2510 len,
212 2479 308 2515 quae
326 2467 455 2502 eadem
483 2465 611 2502 Tellus
628 2471 666 2502 et
684 2471 805 2502 mater
823 2477 978 2514 magna,
1007 2463 1110 2515 apud
1137 2470 1285 2503 veteres
1309 2465 1501 2503 videmus.

98 2519 202 2557 unde
229 2522 362 2570 inopes
390 2521 592 2558 defunctos
616 2520 846 2572 insepultos,
875 2519 943 2570 qui
960 2525 1064 2557 terra
1083 2525 1233 2571 carent,
1259 2520 1473 2570 Virgilius
1460 2533 1503 2556 m
1544 2570 1547 2573 Δ

98 2575 125 2613 6
145 2573 235 2611 Aen.
253 2581 369 2613 vocat
386 2575 454 2612 illo
474 2587 591 2612 versu

305 2629 402 2666 lzaec
415 2632 542 2666 omnis
560 2643 677 2680 quam
695 2630 820 2667 cemis
837 2631 950 2679 inops
967 2627 1248 2679 inhumataque
1264 2628 1381 2666 turba
1398 2634 1464 2666 est

96 2685 134 2716 et
158 2679 351 2720 Ausonius
379 2684 422 2720 in
445 2684 602 2723 Mosella
630 2685 677 2723 de
699 2684 844 2723 ossibus
860 2683 1165 2734 insepultorum
1153 2697 1195 2722 ιιι
1215 2684 1340 2734 campi
1355 2695 1501 2735 super-

95 2733 179 2771 flcie
195 2736 399 2775 iacentium
1289 2786 1296 2791 .

148 2793 318 2838 Georgius
347 2795 562 2840 Pachymeres
591 2797 640 2831 Π.
1184 2793 1237 2835 53
