<?xml version="1.0" encoding="UTF-8"?>
<!DOCTYPE html PUBLIC "-//W3C//DTD XHTML 1.0 Transitional//EN"
    "http://www.w3.org/TR/xhtml1/DTD/xhtml1-transitional.dtd">
<html xmlns="http://www.w3.org/1999/xhtml" xml:lang="en" lang="en">
 <head>
  <title>
</title>
<meta http-equiv="Content-Type" content="text/html;charset=utf-8" />
  <meta name='ocr-system' content='tesseract 3.04.00' />
  <meta name='ocr-capabilities' content='ocr_page ocr_carea ocr_par ocr_line ocrx_word'/>
</head>
<body>
  <div class='ocr_page' id='page_1' title='image "./corpusscriptorum18niebuoft_0205.png"; bbox 0 0 1820 3112; ppageno 0'>
   <div class='ocr_carea' id='block_1_1' title="bbox 370 101 1594 166">
    <p class='ocr_par' dir='ltr' id='par_1_1' title="bbox 370 101 1594 166">
     <span class='ocr_line' id='line_1_1' title="bbox 370 101 1594 166; baseline -0.015 0"><span class='ocrx_word' id='word_1_1' title='bbox 370 123 445 166; x_wconf 88' lang='lat' dir='ltr'><strong>DE</strong></span> <span class='ocrx_word' id='word_1_2' title='bbox 474 117 800 164; x_wconf 88' lang='lat' dir='ltr'><strong>ANDRONICO</strong></span> <span class='ocrx_word' id='word_1_3' title='bbox 830 109 1203 158; x_wconf 82' lang='lat' dir='ltr'>PALAEOLOGO</span> <span class='ocrx_word' id='word_1_4' title='bbox 1239 109 1285 151; x_wconf 92' lang='lat' dir='ltr'><strong>L.</strong></span> <span class='ocrx_word' id='word_1_5' title='bbox 1320 105 1376 148; x_wconf 91' lang='lat'><strong>11.</strong></span> <span class='ocrx_word' id='word_1_6' title='bbox 1499 101 1594 150; x_wconf 88' lang='grc'><strong>189</strong></span> 
     </span>
    </p>
   </div>
   <div class='ocr_carea' id='block_1_2' title="bbox 83 214 1739 1383">
    <p class='ocr_par' dir='ltr' id='par_1_2' title="bbox 83 214 1739 1383">
     <span class='ocr_line' id='line_1_2' title="bbox 141 214 1595 289; baseline -0.015 -8"><span class='ocrx_word' id='word_1_7' title='bbox 141 237 248 287; x_wconf 71' lang='grc' dir='ltr'><strong><em>ἰδίας</em></strong></span> <span class='ocrx_word' id='word_1_8' title='bbox 275 235 527 289; x_wconf 75' lang='grc' dir='ltr'><em>αὐτανεψίοις</em></span> <span class='ocrx_word' id='word_1_9' title='bbox 556 232 753 287; x_wconf 87' lang='grc' dir='ltr'><strong><em>Μαρίας,</em></strong></span> <span class='ocrx_word' id='word_1_10' title='bbox 797 233 871 284; x_wconf 84' lang='grc' dir='ltr'><strong>τῆς</strong></span> <span class='ocrx_word' id='word_1_11' title='bbox 899 228 965 270; x_wconf 79' lang='grc' dir='ltr'><strong><em>καὶ</em></strong></span> <span class='ocrx_word' id='word_1_12' title='bbox 996 229 1055 284; x_wconf 81' lang='grc' dir='ltr'><strong><em>τῷ</em></strong></span> <span class='ocrx_word' id='word_1_13' title='bbox 1086 226 1269 282; x_wconf 83' lang='grc' dir='ltr'><strong><em>Λαχανᾷ</em></strong></span> <span class='ocrx_word' id='word_1_14' title='bbox 1297 214 1595 274; x_wconf 77' lang='grc' dir='ltr'>συνοικησάσης</span> 
     </span>
     <span class='ocr_line' id='line_1_3' title="bbox 140 285 1593 364; baseline -0.014 -15"><span class='ocrx_word' id='word_1_15' title='bbox 140 304 291 358; x_wconf 79' lang='grc' dir='ltr'><strong><em>πάλαι,</em></strong></span> <span class='ocrx_word' id='word_1_16' title='bbox 329 298 362 364; x_wconf 78' lang='grc' dir='ltr'><em>ᾧ</em></span> <span class='ocrx_word' id='word_1_17' title='bbox 392 304 440 358; x_wconf 86' lang='grc' dir='ltr'><strong>δὴ</strong></span> <span class='ocrx_word' id='word_1_18' title='bbox 469 304 536 345; x_wconf 80' lang='grc' dir='ltr'><strong><em>καὶ</em></strong></span> <span class='ocrx_word' id='word_1_19' title='bbox 562 302 722 344; x_wconf 75' lang='grc' dir='ltr'><strong><em>παιδίον</em></strong></span> <span class='ocrx_word' id='word_1_20' title='bbox 749 302 862 352; x_wconf 75' lang='grc' dir='ltr'><strong><em>θῆλυ</em></strong></span> <span class='ocrx_word' id='word_1_21' title='bbox 896 295 1106 345; x_wconf 73' lang='grc' dir='ltr'><em>ἀπέτεκεν,</em></span> <span class='ocrx_word' id='word_1_22' title='bbox 1162 291 1316 340; x_wconf 75' lang='grc' dir='ltr'><strong><em>δεικνὺς</em></strong></span> <span class='ocrx_word' id='word_1_23' title='bbox 1356 290 1397 340; x_wconf 72' lang='grc' dir='ltr'><strong>ἐξ</strong></span> <span class='ocrx_word' id='word_1_24' title='bbox 1435 285 1593 343; x_wconf 76' lang='grc' dir='ltr'><strong><em>ἀδήλου</em></strong></span> 
     </span>
     <span class='ocr_line' id='line_1_4' title="bbox 141 354 1596 423; baseline -0.015 -5"><span class='ocrx_word' id='word_1_25' title='bbox 141 371 392 417; x_wconf 72' lang='grc' dir='ltr'><strong><em>ἐπυνθάνετο</em></strong></span> <span class='ocrx_word' id='word_1_26' title='bbox 420 373 453 414; x_wconf 76' lang='grc' dir='ltr'><strong>εἴ</strong></span> <span class='ocrx_word' id='word_1_27' title='bbox 482 370 605 419; x_wconf 79' lang='grc' dir='ltr'><strong><em>αὐτὸς</em></strong></span> <span class='ocrx_word' id='word_1_28' title='bbox 626 369 684 423; x_wconf 73' lang='grc' dir='ltr'><strong>εἴη</strong></span> <span class='ocrx_word' id='word_1_29' title='bbox 704 374 792 416; x_wconf 86' lang='grc' dir='ltr'><strong><em>ταῖς</em></strong></span> <span class='ocrx_word' id='word_1_30' title='bbox 813 366 1026 419; x_wconf 73' lang='grc' dir='ltr'><strong><em>ἀληθείαις</em></strong></span> <span class='ocrx_word' id='word_1_31' title='bbox 1057 360 1076 404; x_wconf 84' lang='grc' dir='ltr'>ὅ</span> <span class='ocrx_word' id='word_1_32' title='bbox 1095 364 1314 415; x_wconf 78' lang='grc' dir='ltr'><strong><em>Λαχανᾶς.</em></strong></span> <span class='ocrx_word' id='word_1_33' title='bbox 1382 361 1456 412; x_wconf 86' lang='grc' dir='ltr'><strong>τῆς</strong></span> <span class='ocrx_word' id='word_1_34' title='bbox 1477 357 1521 398; x_wconf 72' lang='grc' dir='ltr'><strong>δὲ</strong></span> <span class='ocrx_word' id='word_1_35' title='bbox 1537 354 1596 409; x_wconf 86' lang='grc' dir='ltr'><strong>μὴ</strong></span> 
     </span>
     <span class='ocr_line' id='line_1_5' title="bbox 140 426 1739 492; baseline -0.014 -6"><span class='ocrx_word' id='word_1_36' title='bbox 140 442 253 492; x_wconf 78' lang='grc' dir='ltr'><strong><em>ὅπως</em></strong></span> <span class='ocrx_word' id='word_1_37' title='bbox 281 443 428 484; x_wconf 79' lang='grc' dir='ltr'><strong><em>ἐκεῖνον</em></strong></span> <span class='ocrx_word' id='word_1_38' title='bbox 465 438 586 490; x_wconf 71' lang='grc' dir='ltr'><strong><em>εἶναι,</em></strong></span> <span class='ocrx_word' id='word_1_39' title='bbox 633 435 729 479; x_wconf 79' lang='grc' dir='ltr'><strong><em>ἀλλ’</em></strong></span> <span class='ocrx_word' id='word_1_40' title='bbox 766 434 861 477; x_wconf 79' lang='grc' dir='ltr'><strong><em>οὐδὲ</em></strong></span> <span class='ocrx_word' id='word_1_41' title='bbox 886 433 931 475; x_wconf 79' lang='grc' dir='ltr'><strong><em>τὰ</em></strong></span> <span class='ocrx_word' id='word_1_42' title='bbox 960 428 1154 486; x_wconf 78' lang='grc' dir='ltr'><strong><em>παράπαν</em></strong></span> <span class='ocrx_word' id='word_1_43' title='bbox 1183 428 1351 471; x_wconf 72' lang='grc' dir='ltr'><strong><em>ἐοικέναι</em></strong></span> <span class='ocrx_word' id='word_1_44' title='bbox 1387 426 1425 469; x_wconf 75' lang='grc' dir='ltr'><strong>οἳ</strong></span> <span class='ocrx_word' id='word_1_45' title='bbox 1455 426 1596 477; x_wconf 83' lang='grc' dir='ltr'><strong><em>διαβε-</em></strong></span> <span class='ocrx_word' id='word_1_46' title='bbox 1622 426 1648 461; x_wconf 83' lang='grc' dir='ltr'>Ρ</span> <span class='ocrx_word' id='word_1_47' title='bbox 1672 429 1739 464; x_wconf 70' lang='lat'><strong>126</strong></span> 
     </span>
     <span class='ocr_line' id='line_1_6' title="bbox 108 489 1596 565; baseline -0.013 -11"><span class='ocrx_word' id='word_1_48' title='bbox 108 510 410 565; x_wconf 71' lang='grc' dir='ltr'><strong><em>ὄβαιουμένης,</em></strong></span> <span class='ocrx_word' id='word_1_49' title='bbox 447 509 488 550; x_wconf 79' lang='grc' dir='ltr'><strong>ἓν</strong></span> <span class='ocrx_word' id='word_1_50' title='bbox 516 506 563 550; x_wconf 81' lang='grc' dir='ltr'><strong>οὗ</strong></span> <span class='ocrx_word' id='word_1_51' title='bbox 596 509 738 553; x_wconf 82' lang='grc' dir='ltr'><strong><em>καλαῖς</em></strong></span> <span class='ocrx_word' id='word_1_52' title='bbox 763 501 971 550; x_wconf 72' lang='grc' dir='ltr'><strong><em>ὑπονοίαις</em></strong></span> <span class='ocrx_word' id='word_1_53' title='bbox 998 497 1102 553; x_wconf 70' lang='grc' dir='ltr'><strong><em>εἶχον</em></strong></span> <span class='ocrx_word' id='word_1_54' title='bbox 1138 497 1209 540; x_wconf 78' lang='grc' dir='ltr'><strong>τὸν</strong></span> <span class='ocrx_word' id='word_1_55' title='bbox 1238 494 1469 551; x_wconf 78' lang='grc' dir='ltr'><strong><em>βάρβαρον.</em></strong></span> <span class='ocrx_word' id='word_1_56' title='bbox 1541 489 1596 541; x_wconf 80' lang='grc' dir='ltr'><strong><em>ὥς</em></strong></span> 
     </span>
     <span class='ocr_line' id='line_1_7' title="bbox 141 558 1595 628; baseline -0.014 -6"><span class='ocrx_word' id='word_1_57' title='bbox 141 580 186 622; x_wconf 77' lang='grc' dir='ltr'><strong>δὲ</strong></span> <span class='ocrx_word' id='word_1_58' title='bbox 213 580 279 621; x_wconf 79' lang='grc' dir='ltr'><strong><em>καὶ</em></strong></span> <span class='ocrx_word' id='word_1_59' title='bbox 310 577 434 625; x_wconf 80' lang='grc' dir='ltr'><strong><em>αὐτὸς</em></strong></span> <span class='ocrx_word' id='word_1_60' title='bbox 463 572 629 628; x_wconf 79' lang='grc' dir='ltr'><strong><em>ζάκοτός</em></strong></span> <span class='ocrx_word' id='word_1_61' title='bbox 658 589 718 621; x_wconf 85' lang='grc' dir='ltr'><strong>τις</strong></span> <span class='ocrx_word' id='word_1_62' title='bbox 748 568 991 627; x_wconf 80' lang='grc' dir='ltr'><strong><em>φαινόμενος</em></strong></span> <span class='ocrx_word' id='word_1_63' title='bbox 1018 567 1093 610; x_wconf 74' lang='grc' dir='ltr'><strong>οὐκ</strong></span> <span class='ocrx_word' id='word_1_64' title='bbox 1123 565 1312 620; x_wconf 72' lang='grc' dir='ltr'><strong><em>ἄντικρυς</em></strong></span> <span class='ocrx_word' id='word_1_65' title='bbox 1346 562 1439 605; x_wconf 79' lang='grc' dir='ltr'><strong><em>οὐδ’</em></strong></span> <span class='ocrx_word' id='word_1_66' title='bbox 1464 558 1595 610; x_wconf 74' lang='grc' dir='ltr'><strong><em>οὕτως</em></strong></span> 
     </span>
     <span class='ocr_line' id='line_1_8' title="bbox 139 628 1595 705; baseline -0.014 -15"><span class='ocrx_word' id='word_1_67' title='bbox 139 645 272 705; x_wconf 69' lang='grc' dir='ltr'><strong><em>ἑαυτῷ</em></strong></span> <span class='ocrx_word' id='word_1_68' title='bbox 304 645 520 702; x_wconf 73' lang='grc' dir='ltr'><strong><em>περιετίθει</em></strong></span> <span class='ocrx_word' id='word_1_69' title='bbox 544 642 614 685; x_wconf 83' lang='grc' dir='ltr'><strong>τὸν</strong></span> <span class='ocrx_word' id='word_1_70' title='bbox 638 644 871 694; x_wconf 83' lang='grc' dir='ltr'><strong><em>Λαχανᾶν,</em></strong></span> <span class='ocrx_word' id='word_1_71' title='bbox 919 638 1036 680; x_wconf 80' lang='grc' dir='ltr'><strong><em>εἶκαὶ</em></strong></span> <span class='ocrx_word' id='word_1_72' title='bbox 1056 635 1235 690; x_wconf 69' lang='grc' dir='ltr'><strong><em>λέγοιτο,</em></strong></span> <span class='ocrx_word' id='word_1_73' title='bbox 1273 631 1366 675; x_wconf 78' lang='grc' dir='ltr'><strong><em>ἀλλ’</em></strong></span> <span class='ocrx_word' id='word_1_74' title='bbox 1390 629 1502 683; x_wconf 81' lang='grc' dir='ltr'><strong><em>ὅμως</em></strong></span> <span class='ocrx_word' id='word_1_75' title='bbox 1526 628 1595 671; x_wconf 76' lang='grc' dir='ltr'><strong>εὖ-</strong></span> 
     </span>
     <span class='ocr_line' id='line_1_9' title="bbox 140 697 1593 769; baseline -0.013 -11"><span class='ocrx_word' id='word_1_76' title='bbox 140 712 306 769; x_wconf 76' lang='grc' dir='ltr'><strong><em>λάβειάν</em></strong></span> <span class='ocrx_word' id='word_1_77' title='bbox 328 731 418 756; x_wconf 87' lang='grc' dir='ltr'><strong><em>τινα</em></strong></span> <span class='ocrx_word' id='word_1_78' title='bbox 440 714 530 767; x_wconf 79' lang='grc' dir='ltr'><strong><em>περὶ</em></strong></span> <span class='ocrx_word' id='word_1_79' title='bbox 558 710 603 753; x_wconf 83' lang='grc' dir='ltr'><strong><em>τὸ</em></strong></span> <span class='ocrx_word' id='word_1_80' title='bbox 626 715 740 752; x_wconf 69' lang='grc' dir='ltr'><strong><em>θεῖον</em></strong></span> <span class='ocrx_word' id='word_1_81' title='bbox 768 703 1083 762; x_wconf 73' lang='grc' dir='ltr'><strong><em>ὑποκρινόμενος</em></strong></span> <span class='ocrx_word' id='word_1_82' title='bbox 1112 704 1247 745; x_wconf 68' lang='grc' dir='ltr'><strong><em>ἐδίδου</em></strong></span> <span class='ocrx_word' id='word_1_83' title='bbox 1269 702 1373 744; x_wconf 78' lang='grc' dir='ltr'><strong><em>τισὶν</em></strong></span> <span class='ocrx_word' id='word_1_84' title='bbox 1393 697 1518 754; x_wconf 76' lang='grc' dir='ltr'><strong><em>δρῶσι</em></strong></span> <span class='ocrx_word' id='word_1_85' title='bbox 1540 697 1593 739; x_wconf 77' lang='grc' dir='ltr'><strong><em>τοὶ</em></strong></span> 
     </span>
     <span class='ocr_line' id='line_1_10' title="bbox 138 764 1594 839; baseline -0.012 -13"><span class='ocrx_word' id='word_1_86' title='bbox 138 784 307 839; x_wconf 84' lang='grc' dir='ltr'><strong><em>με’γιστα</em></strong></span> <span class='ocrx_word' id='word_1_87' title='bbox 335 783 424 838; x_wconf 80' lang='grc' dir='ltr'><strong><em>περὶ</em></strong></span> <span class='ocrx_word' id='word_1_88' title='bbox 455 779 601 822; x_wconf 75' lang='grc' dir='ltr'><strong><em>ἑαυτοῦ</em></strong></span> <span class='ocrx_word' id='word_1_89' title='bbox 631 774 912 835; x_wconf 65' lang='grc' dir='ltr'><strong><em>φαντάζεσθαι</em></strong></span> <span class='ocrx_word' id='word_1_90' title='bbox 922 807 934 827; x_wconf 87' lang='grc'><strong><em>,</em></strong></span> <span class='ocrx_word' id='word_1_91' title='bbox 971 775 1118 815; x_wconf 75' lang='grc' dir='ltr'><strong><em>ἐκεῖνον</em></strong></span> <span class='ocrx_word' id='word_1_92' title='bbox 1140 772 1213 824; x_wconf 75' lang='grc' dir='ltr'><strong>μὲν</strong></span> <span class='ocrx_word' id='word_1_93' title='bbox 1243 771 1284 812; x_wconf 73' lang='grc' dir='ltr'><strong>ἐν</strong></span> <span class='ocrx_word' id='word_1_94' title='bbox 1302 766 1466 824; x_wconf 77' lang='grc' dir='ltr'><strong>τηρήσει</strong></span> <span class='ocrx_word' id='word_1_95' title='bbox 1488 764 1594 820; x_wconf 79' lang='grc' dir='ltr'><strong><em>εἶχον</em></strong></span> 
     </span>
     <span class='ocr_line' id='line_1_11' title="bbox 86 834 1594 908; baseline -0.013 -14"><span class='ocrx_word' id='word_1_96' title='bbox 86 860 129 895; x_wconf 90' lang='grc'><strong>10</strong></span> <span class='ocrx_word' id='word_1_97' title='bbox 140 854 204 894; x_wconf 76' lang='grc' dir='ltr'><strong><em>καὶ</em></strong></span> <span class='ocrx_word' id='word_1_98' title='bbox 227 855 429 908; x_wconf 80' lang='grc' dir='ltr'><strong><em>φυλακαῖς</em></strong></span> <span class='ocrx_word' id='word_1_99' title='bbox 457 850 638 899; x_wconf 75' lang='grc' dir='ltr'><strong><em>ἐδίδουν,</em></strong></span> <span class='ocrx_word' id='word_1_100' title='bbox 679 845 753 900; x_wconf 82' lang='grc' dir='ltr'><strong>τὴν</strong></span> <span class='ocrx_word' id='word_1_101' title='bbox 782 849 863 887; x_wconf 86' lang='grc' dir='ltr'><strong>τῶν</strong></span> <span class='ocrx_word' id='word_1_102' title='bbox 883 846 1044 885; x_wconf 81' lang='grc' dir='ltr'><strong><em>πολλῶν</em></strong></span> <span class='ocrx_word' id='word_1_103' title='bbox 1074 840 1399 894; x_wconf 73' lang='grc' dir='ltr'><strong><em>ε’λπιδοτρίβησιν</em></strong></span> <span class='ocrx_word' id='word_1_104' title='bbox 1417 834 1488 878; x_wconf 73' lang='grc' dir='ltr'><strong>ἐπ’</strong></span> <span class='ocrx_word' id='word_1_105' title='bbox 1516 834 1594 877; x_wconf 76' lang='grc' dir='ltr'><strong><em>αὖ·</em></strong></span> 
     </span>
     <span class='ocr_line' id='line_1_12' title="bbox 139 900 1642 978; baseline -0.01 -16"><span class='ocrx_word' id='word_1_106' title='bbox 139 924 196 978; x_wconf 80' lang='grc' dir='ltr'><strong><em>τῷ</em></strong></span> <span class='ocrx_word' id='word_1_107' title='bbox 228 920 416 962; x_wconf 75' lang='grc' dir='ltr'><strong><em>ἐντεῦθεν</em></strong></span> <span class='ocrx_word' id='word_1_108' title='bbox 445 911 783 969; x_wconf 80' lang='grc' dir='ltr'><strong><em>ὖποτεμνόμενοι·</em></strong></span> <span class='ocrx_word' id='word_1_109' title='bbox 819 912 924 967; x_wconf 77' lang='grc' dir='ltr'><strong><em>μηδὲ</em></strong></span> <span class='ocrx_word' id='word_1_110' title='bbox 951 910 1027 966; x_wconf 75' lang='grc' dir='ltr'><strong>γὰρ</strong></span> <span class='ocrx_word' id='word_1_111' title='bbox 1054 908 1157 958; x_wconf 83' lang='grc' dir='ltr'><strong><em>ὅλως</em></strong></span> <span class='ocrx_word' id='word_1_112' title='bbox 1187 906 1284 950; x_wconf 75' lang='grc' dir='ltr'><strong><em>εἶναι</em></strong></span> <span class='ocrx_word' id='word_1_113' title='bbox 1310 900 1525 960; x_wconf 76' lang='grc' dir='ltr'><strong><em>βάρβαρόν</em></strong></span> <span class='ocrx_word' id='word_1_114' title='bbox 1546 919 1589 945; x_wconf 86' lang='grc' dir='ltr'><strong><em>τε</em></strong></span> <span class='ocrx_word' id='word_1_115' title='bbox 1613 911 1642 947; x_wconf 87' lang='grc' dir='ltr'><strong><em>Β</em></strong></span> 
     </span>
     <span class='ocr_line' id='line_1_13' title="bbox 138 970 1589 1037; baseline -0.012 -7"><span class='ocrx_word' id='word_1_116' title='bbox 138 989 206 1031; x_wconf 84' lang='grc' dir='ltr'><strong><em>καὶ</em></strong></span> <span class='ocrx_word' id='word_1_117' title='bbox 249 985 401 1029; x_wconf 83' lang='grc' dir='ltr'><strong><em>πλάνον</em></strong></span> <span class='ocrx_word' id='word_1_118' title='bbox 440 981 762 1037; x_wconf 69' lang='grc' dir='ltr'><strong><em>κατανοοῦμενον</em></strong></span> <span class='ocrx_word' id='word_1_119' title='bbox 802 976 962 1037; x_wconf 73' lang='grc' dir='ltr'><strong><em>ἀγαθόν</em></strong></span> <span class='ocrx_word' id='word_1_120' title='bbox 995 995 1033 1020; x_wconf 92' lang='grc' dir='ltr'><strong>τι</strong></span> <span class='ocrx_word' id='word_1_121' title='bbox 1063 982 1201 1020; x_wconf 79' lang='grc' dir='ltr'><strong><em>ποιεῖν.</em></strong></span> <span class='ocrx_word' id='word_1_122' title='bbox 1272 975 1414 1016; x_wconf 79' lang='grc' dir='ltr'><strong><em>πολλοὶ</em></strong></span> <span class='ocrx_word' id='word_1_123' title='bbox 1445 971 1489 1015; x_wconf 73' lang='grc' dir='ltr'><strong>δ’</strong></span> <span class='ocrx_word' id='word_1_124' title='bbox 1523 970 1589 1014; x_wconf 70' lang='grc' dir='ltr'><strong>ἐπ’</strong></span> 
     </span>
     <span class='ocr_line' id='line_1_14' title="bbox 138 1040 1593 1114; baseline -0.013 -15"><span class='ocrx_word' id='word_1_125' title='bbox 138 1057 272 1114; x_wconf 78' lang='grc' dir='ltr'><strong><em>ἐκείνῳ</em></strong></span> <span class='ocrx_word' id='word_1_126' title='bbox 293 1054 369 1108; x_wconf 81' lang='grc' dir='ltr'><strong>οὐχ</strong></span> <span class='ocrx_word' id='word_1_127' title='bbox 396 1052 504 1102; x_wconf 83' lang='grc' dir='ltr'><strong><em>ὅπως</em></strong></span> <span class='ocrx_word' id='word_1_128' title='bbox 530 1050 745 1099; x_wconf 72' lang='grc' dir='ltr'><strong><em>ἀκούοντες</em></strong></span> <span class='ocrx_word' id='word_1_129' title='bbox 772 1044 1150 1100; x_wconf 66' lang='grc' dir='ltr'><strong><em>ἔλπιδοκοποῦμενοι</em></strong></span> <span class='ocrx_word' id='word_1_130' title='bbox 1166 1077 1177 1095; x_wconf 89' lang='grc'><strong><em>,</em></strong></span> <span class='ocrx_word' id='word_1_131' title='bbox 1222 1042 1326 1085; x_wconf 77' lang='grc' dir='ltr'><strong><em>ἀλλὰ</em></strong></span> <span class='ocrx_word' id='word_1_132' title='bbox 1345 1043 1411 1084; x_wconf 78' lang='grc' dir='ltr'><strong><em>καὶ</em></strong></span> <span class='ocrx_word' id='word_1_133' title='bbox 1433 1040 1509 1089; x_wconf 73' lang='grc' dir='ltr'><strong>τὰς</strong></span> <span class='ocrx_word' id='word_1_134' title='bbox 1525 1040 1593 1082; x_wconf 74' lang='grc' dir='ltr'><strong>ἐλ-</strong></span> 
     </span>
     <span class='ocr_line' id='line_1_15' title="bbox 135 1107 1591 1178; baseline -0.012 -11"><span class='ocrx_word' id='word_1_135' title='bbox 135 1126 257 1174; x_wconf 87' lang='grc' dir='ltr'><strong><em>πίδας</em></strong></span> <span class='ocrx_word' id='word_1_136' title='bbox 276 1121 457 1171; x_wconf 78' lang='grc' dir='ltr'><strong><em>ἱστάντες</em></strong></span> <span class='ocrx_word' id='word_1_137' title='bbox 488 1122 591 1178; x_wconf 83' lang='grc' dir='ltr'><strong><em>(τοῖς</em></strong></span> <span class='ocrx_word' id='word_1_138' title='bbox 610 1120 686 1175; x_wconf 75' lang='grc' dir='ltr'><strong>γὰρ</strong></span> <span class='ocrx_word' id='word_1_139' title='bbox 717 1122 908 1161; x_wconf 82' lang='grc' dir='ltr'><strong><em>πονοῦσιν</em></strong></span> <span class='ocrx_word' id='word_1_140' title='bbox 936 1113 1117 1168; x_wconf 69' lang='grc' dir='ltr'><strong><em>ἐσχάτως</em></strong></span> <span class='ocrx_word' id='word_1_141' title='bbox 1139 1114 1181 1154; x_wconf 78' lang='grc' dir='ltr'><strong>ἐκ</strong></span> <span class='ocrx_word' id='word_1_142' title='bbox 1201 1115 1283 1155; x_wconf 82' lang='grc' dir='ltr'><strong>τῶν</strong></span> <span class='ocrx_word' id='word_1_143' title='bbox 1301 1107 1513 1166; x_wconf 84' lang='grc' dir='ltr'><strong><em>παρόντων</em></strong></span> <span class='ocrx_word' id='word_1_144' title='bbox 1536 1110 1591 1158; x_wconf 80' lang='grc' dir='ltr'><strong><em>εἷς</em></strong></span> 
     </span>
     <span class='ocr_line' id='line_1_16' title="bbox 83 1177 1590 1248; baseline -0.011 -13"><span class='ocrx_word' id='word_1_145' title='bbox 83 1199 126 1234; x_wconf 85' lang='grc'><strong>15</strong></span> <span class='ocrx_word' id='word_1_146' title='bbox 139 1193 358 1248; x_wconf 72' lang='grc' dir='ltr'><strong><em>θεραπείαν</em></strong></span> <span class='ocrx_word' id='word_1_147' title='bbox 383 1190 510 1244; x_wconf 73' lang='grc' dir='ltr'><strong><em>μηδὲν</em></strong></span> <span class='ocrx_word' id='word_1_148' title='bbox 540 1187 839 1243; x_wconf 77' lang='grc' dir='ltr'><strong><em>βοηθουμὲνοις</em></strong></span> <span class='ocrx_word' id='word_1_149' title='bbox 872 1186 938 1227; x_wconf 80' lang='grc' dir='ltr'><strong><em>καὶ</em></strong></span> <span class='ocrx_word' id='word_1_150' title='bbox 970 1181 1030 1232; x_wconf 83' lang='grc' dir='ltr'><strong><em>οἷς</em></strong></span> <span class='ocrx_word' id='word_1_151' title='bbox 1062 1182 1264 1236; x_wconf 73' lang='grc' dir='ltr'><strong><em>ἤλπισαν,</em></strong></span> <span class='ocrx_word' id='word_1_152' title='bbox 1301 1177 1505 1221; x_wconf 71' lang='grc' dir='ltr'><strong><em>ἅπτεσθαι</em></strong></span> <span class='ocrx_word' id='word_1_153' title='bbox 1523 1178 1590 1219; x_wconf 79' lang='grc' dir='ltr'><strong><em>καὶ</em></strong></span> 
     </span>
     <span class='ocr_line' id='line_1_17' title="bbox 135 1245 1590 1310; baseline -0.012 -7"><span class='ocrx_word' id='word_1_154' title='bbox 135 1265 218 1303; x_wconf 83' lang='grc' dir='ltr'><strong>τῶν</strong></span> <span class='ocrx_word' id='word_1_155' title='bbox 249 1258 388 1308; x_wconf 78' lang='grc' dir='ltr'><strong><em>ἅπλῶς</em></strong></span> <span class='ocrx_word' id='word_1_156' title='bbox 417 1254 644 1300; x_wconf 71' lang='grc' dir='ltr'><strong><em>δοκούντων</em></strong></span> <span class='ocrx_word' id='word_1_157' title='bbox 672 1257 883 1310; x_wconf 81' lang='grc' dir='ltr'><strong><em>χρησίμων</em></strong></span> <span class='ocrx_word' id='word_1_158' title='bbox 914 1249 1069 1307; x_wconf 76' lang='grc' dir='ltr'><strong><em>ἀνάγκη</em></strong></span> <span class='ocrx_word' id='word_1_159' title='bbox 1079 1283 1093 1302; x_wconf 90' lang='grc'><strong><em>,</em></strong></span> <span class='ocrx_word' id='word_1_160' title='bbox 1130 1251 1195 1292; x_wconf 82' lang='grc' dir='ltr'><strong><em>καὶ</em></strong></span> <span class='ocrx_word' id='word_1_161' title='bbox 1226 1251 1382 1303; x_wconf 82' lang='grc' dir='ltr'><strong><em>μᾶλλον</em></strong></span> <span class='ocrx_word' id='word_1_162' title='bbox 1392 1279 1406 1300; x_wconf 96' lang='grc'><strong><em>,</em></strong></span> <span class='ocrx_word' id='word_1_163' title='bbox 1443 1247 1478 1289; x_wconf 82' lang='grc' dir='ltr'><strong>εἶ</strong></span> <span class='ocrx_word' id='word_1_164' title='bbox 1496 1245 1590 1296; x_wconf 69' lang='grc' dir='ltr'><strong><em>ξένα</em></strong></span> 
     </span>
     <span class='ocr_line' id='line_1_18' title="bbox 134 1311 1588 1383; baseline -0.01 -12"><span class='ocrx_word' id='word_1_165' title='bbox 134 1328 225 1371; x_wconf 77' lang='grc' dir='ltr'><strong><em>τινὰ</em></strong></span> <span class='ocrx_word' id='word_1_166' title='bbox 248 1327 306 1383; x_wconf 72' lang='grc' dir='ltr'><strong>εἴη</strong></span> <span class='ocrx_word' id='word_1_167' title='bbox 329 1329 394 1370; x_wconf 80' lang='grc' dir='ltr'><strong><em>καὶ</em></strong></span> <span class='ocrx_word' id='word_1_168' title='bbox 412 1326 469 1381; x_wconf 86' lang='grc' dir='ltr'><strong>μὴ</strong></span> <span class='ocrx_word' id='word_1_169' title='bbox 488 1323 647 1380; x_wconf 77' lang='grc' dir='ltr'><strong><em>συνήθη</em></strong></span> <span class='ocrx_word' id='word_1_170' title='bbox 670 1324 720 1366; x_wconf 81' lang='grc' dir='ltr'><strong><em>τὰ</em></strong></span> <span class='ocrx_word' id='word_1_171' title='bbox 742 1319 1053 1379; x_wconf 78' lang='grc' dir='ltr'><strong><em>προσαγόμενα)</em></strong></span> <span class='ocrx_word' id='word_1_172' title='bbox 1076 1316 1207 1368; x_wconf 75' lang='grc' dir='ltr'><strong><em>οὕτως</em></strong></span> <span class='ocrx_word' id='word_1_173' title='bbox 1227 1318 1368 1360; x_wconf 75' lang='grc' dir='ltr'><strong><em>ἐκεῖνοι</em></strong></span> <span class='ocrx_word' id='word_1_174' title='bbox 1388 1311 1588 1368; x_wconf 77' lang='grc' dir='ltr'><strong><em>κακούμε-</em></strong></span> 
     </span>
    </p>
   </div>
   <div class='ocr_carea' id='block_1_3' title="bbox 228 1452 426 1497">
    <p class='ocr_par' dir='ltr' id='par_1_3' title="bbox 228 1452 426 1497">
     <span class='ocr_line' id='line_1_19' title="bbox 228 1452 426 1497; baseline -0.015 -5"><span class='ocrx_word' id='word_1_175' title='bbox 228 1458 263 1492; x_wconf 92' lang='grc'><strong>6.</strong></span> <span class='ocrx_word' id='word_1_176' title='bbox 287 1452 396 1497; x_wconf 78' lang='grc' dir='ltr'><strong><em>οὗτος</em></strong></span> <span class='ocrx_word' id='word_1_177' title='bbox 407 1455 426 1489; x_wconf 86' lang='lat'>?</span> 
     </span>
    </p>
   </div>
   <div class='ocr_carea' id='block_1_4' title="bbox 119 1558 1588 2796">
    <p class='ocr_par' dir='ltr' id='par_1_4' title="bbox 119 1558 1588 2796">
     <span class='ocr_line' id='line_1_20' title="bbox 131 1558 1588 1625; baseline -0.01 -17"><span class='ocrx_word' id='word_1_178' title='bbox 131 1573 214 1608; x_wconf 88' lang='lat' dir='ltr'><strong>data</strong></span> <span class='ocrx_word' id='word_1_179' title='bbox 235 1571 328 1618; x_wconf 85' lang='lat' dir='ltr'><strong>prius</strong></span> <span class='ocrx_word' id='word_1_180' title='bbox 351 1582 455 1625; x_wconf 87' lang='lat' dir='ltr'><strong>opera</strong></span> <span class='ocrx_word' id='word_1_181' title='bbox 478 1573 516 1604; x_wconf 89' lang='lat' dir='ltr'><strong>ut</strong></span> <span class='ocrx_word' id='word_1_182' title='bbox 538 1569 626 1603; x_wconf 91' lang='lat' dir='ltr'><strong>hunc</strong></span> <span class='ocrx_word' id='word_1_183' title='bbox 648 1567 810 1603; x_wconf 86' lang='lat' dir='ltr'><strong>bominem</strong></span> <span class='ocrx_word' id='word_1_184' title='bbox 841 1569 935 1600; x_wconf 85' lang='lat' dir='ltr'><strong>certo</strong></span> <span class='ocrx_word' id='word_1_185' title='bbox 967 1564 1167 1610; x_wconf 87' lang='lat' dir='ltr'><strong>productum</strong></span> <span class='ocrx_word' id='word_1_186' title='bbox 1189 1561 1264 1596; x_wconf 91' lang='lat' dir='ltr'><strong>loco</strong></span> <span class='ocrx_word' id='word_1_187' title='bbox 1285 1559 1399 1595; x_wconf 85' lang='lat' dir='ltr'><strong>Maria</strong></span> <span class='ocrx_word' id='word_1_188' title='bbox 1425 1558 1588 1605; x_wconf 78' lang='lat' dir='ltr'><strong>patruelis</strong></span> 
     </span>
     <span class='ocr_line' id='line_1_21' title="bbox 131 1609 1588 1663; baseline -0.01 -10"><span class='ocrx_word' id='word_1_189' title='bbox 131 1631 194 1654; x_wconf 88' lang='lat' dir='ltr'><strong>sua</strong></span> <span class='ocrx_word' id='word_1_190' title='bbox 217 1619 348 1652; x_wconf 88' lang='lat' dir='ltr'><strong>curiose</strong></span> <span class='ocrx_word' id='word_1_191' title='bbox 370 1617 565 1663; x_wconf 78' lang='lat' dir='ltr'><strong>inspiceret,</strong></span> <span class='ocrx_word' id='word_1_192' title='bbox 588 1615 664 1660; x_wconf 86' lang='lat' dir='ltr'><strong>ipsa</strong></span> <span class='ocrx_word' id='word_1_193' title='bbox 686 1626 750 1648; x_wconf 94' lang='lat' dir='ltr'><strong>non</strong></span> <span class='ocrx_word' id='word_1_194' title='bbox 774 1614 974 1652; x_wconf 84' lang='lat' dir='ltr'><strong>observata,</strong></span> <span class='ocrx_word' id='word_1_195' title='bbox 998 1623 1041 1645; x_wconf 82' lang='lat' dir='ltr'><strong>ex</strong></span> <span class='ocrx_word' id='word_1_196' title='bbox 1063 1622 1105 1644; x_wconf 84' lang='lat' dir='ltr'><strong>ea</strong></span> <span class='ocrx_word' id='word_1_197' title='bbox 1127 1609 1247 1643; x_wconf 81' lang='lat' dir='ltr'><strong>deinde</strong></span> <span class='ocrx_word' id='word_1_198' title='bbox 1269 1611 1510 1653; x_wconf 82' lang='lat' dir='ltr'><strong>percunctatus</strong></span> <span class='ocrx_word' id='word_1_199' title='bbox 1534 1613 1588 1640; x_wconf 82' lang='lat' dir='ltr'><strong>est</strong></span> 
     </span>
     <span class='ocr_line' id='line_1_22' title="bbox 131 1651 1586 1710; baseline -0.01 -11"><span class='ocrx_word' id='word_1_200' title='bbox 131 1664 251 1710; x_wconf 79' lang='lat' dir='ltr'><strong>ecquid</strong></span> <span class='ocrx_word' id='word_1_201' title='bbox 274 1668 365 1697; x_wconf 83' lang='lat' dir='ltr'><strong>esset</strong></span> <span class='ocrx_word' id='word_1_202' title='bbox 386 1664 415 1696; x_wconf 87' lang='lat' dir='ltr'><strong>is</strong></span> <span class='ocrx_word' id='word_1_203' title='bbox 439 1674 559 1696; x_wconf 84' lang='lat' dir='ltr'><strong>revera</strong></span> <span class='ocrx_word' id='word_1_204' title='bbox 573 1661 768 1702; x_wconf 86' lang='lat' dir='ltr'><strong>Lachanas;</strong></span> <span class='ocrx_word' id='word_1_205' title='bbox 790 1659 827 1692; x_wconf 90' lang='lat' dir='ltr'><strong>in</strong></span> <span class='ocrx_word' id='word_1_206' title='bbox 850 1669 917 1703; x_wconf 90' lang='lat' dir='ltr'><strong>quo</strong></span> <span class='ocrx_word' id='word_1_207' title='bbox 941 1657 1014 1690; x_wconf 88' lang='lat' dir='ltr'><strong>falli</strong></span> <span class='ocrx_word' id='word_1_208' title='bbox 1035 1656 1114 1690; x_wconf 87' lang='lat' dir='ltr'><strong>talis</strong></span> <span class='ocrx_word' id='word_1_209' title='bbox 1137 1655 1255 1699; x_wconf 85' lang='lat' dir='ltr'><strong>utique</strong></span> <span class='ocrx_word' id='word_1_210' title='bbox 1278 1653 1395 1687; x_wconf 90' lang='lat' dir='ltr'><strong>mulier</strong></span> <span class='ocrx_word' id='word_1_211' title='bbox 1417 1651 1586 1696; x_wconf 88' lang='lat' dir='ltr'><strong>nequiret,</strong></span> 
     </span>
     <span class='ocr_line' id='line_1_23' title="bbox 129 1699 1586 1751; baseline -0.011 -6"><span class='ocrx_word' id='word_1_212' title='bbox 129 1721 216 1745; x_wconf 87' lang='lat' dir='ltr'><strong>uxor</strong></span> <span class='ocrx_word' id='word_1_213' title='bbox 238 1709 316 1744; x_wconf 89' lang='lat' dir='ltr'><strong>olim</strong></span> <span class='ocrx_word' id='word_1_214' title='bbox 340 1709 411 1743; x_wconf 87' lang='lat' dir='ltr'><strong>veri</strong></span> <span class='ocrx_word' id='word_1_215' title='bbox 433 1709 625 1748; x_wconf 74' lang='lat' dir='ltr'><strong>Ladmuae,</strong></span> <span class='ocrx_word' id='word_1_216' title='bbox 650 1718 692 1740; x_wconf 88' lang='lat' dir='ltr'><strong>ex</strong></span> <span class='ocrx_word' id='word_1_217' title='bbox 716 1717 782 1751; x_wconf 91' lang='lat' dir='ltr'><strong>quo</strong></span> <span class='ocrx_word' id='word_1_218' title='bbox 807 1708 1002 1749; x_wconf 86' lang='lat' dir='ltr'><strong>conceptam</strong></span> <span class='ocrx_word' id='word_1_219' title='bbox 1023 1701 1213 1748; x_wconf 81' lang='lat' dir='ltr'>peperisset</span> <span class='ocrx_word' id='word_1_220' title='bbox 1235 1699 1351 1733; x_wconf 87' lang='lat' dir='ltr'><strong>filiam.</strong></span> <span class='ocrx_word' id='word_1_221' title='bbox 1399 1709 1487 1742; x_wconf 84' lang='lat' dir='ltr'><strong>quae</strong></span> <span class='ocrx_word' id='word_1_222' title='bbox 1511 1708 1586 1730; x_wconf 87' lang='lat' dir='ltr'><strong>cum</strong></span> 
     </span>
     <span class='ocr_line' id='line_1_24' title="bbox 130 1742 1587 1794; baseline -0.01 -4"><span class='ocrx_word' id='word_1_223' title='bbox 130 1767 197 1791; x_wconf 86' lang='lat' dir='ltr'><strong>non</strong></span> <span class='ocrx_word' id='word_1_224' title='bbox 230 1755 326 1789; x_wconf 89' lang='lat' dir='ltr'><strong>modo</strong></span> <span class='ocrx_word' id='word_1_225' title='bbox 360 1765 435 1789; x_wconf 89' lang='lat' dir='ltr'><strong>esse</strong></span> <span class='ocrx_word' id='word_1_226' title='bbox 469 1753 568 1787; x_wconf 87' lang='lat' dir='ltr'><strong>istum</strong></span> <span class='ocrx_word' id='word_1_227' title='bbox 602 1752 794 1786; x_wconf 85' lang='lat' dir='ltr'><strong>Lachanam</strong></span> <span class='ocrx_word' id='word_1_228' title='bbox 824 1754 1005 1794; x_wconf 78' lang='lat' dir='ltr'><strong>negasset,</strong></span> <span class='ocrx_word' id='word_1_229' title='bbox 1043 1747 1104 1782; x_wconf 86' lang='lat' dir='ltr'><strong>sed</strong></span> <span class='ocrx_word' id='word_1_230' title='bbox 1136 1746 1238 1780; x_wconf 89' lang='lat' dir='ltr'><strong>etiam</strong></span> <span class='ocrx_word' id='word_1_231' title='bbox 1270 1745 1476 1778; x_wconf 82' lang='lat' dir='ltr'><strong>affirmasset</strong></span> <span class='ocrx_word' id='word_1_232' title='bbox 1504 1742 1587 1776; x_wconf 89' lang='lat' dir='ltr'><strong>nibil</strong></span> 
     </span>
     <span class='ocr_line' id='line_1_25' title="bbox 127 1788 1585 1848; baseline -0.012 -12"><span class='ocrx_word' id='word_1_233' title='bbox 127 1812 268 1848; x_wconf 84' lang='lat' dir='ltr'><strong>prorsus</strong></span> <span class='ocrx_word' id='word_1_234' title='bbox 291 1800 324 1834; x_wconf 91' lang='lat' dir='ltr'><strong>in</strong></span> <span class='ocrx_word' id='word_1_235' title='bbox 344 1813 384 1834; x_wconf 90' lang='lat' dir='ltr'><strong>eo</strong></span> <span class='ocrx_word' id='word_1_236' title='bbox 407 1811 444 1834; x_wconf 91' lang='lat' dir='ltr'><strong>se</strong></span> <span class='ocrx_word' id='word_1_237' title='bbox 466 1801 668 1833; x_wconf 81' lang='lat' dir='ltr'>observasse</span> <span class='ocrx_word' id='word_1_238' title='bbox 690 1797 869 1831; x_wconf 85' lang='lat' dir='ltr'><strong>Lacbanae</strong></span> <span class='ocrx_word' id='word_1_239' title='bbox 891 1795 1019 1835; x_wconf 87' lang='lat' dir='ltr'><strong>simile,</strong></span> <span class='ocrx_word' id='word_1_240' title='bbox 1053 1792 1144 1827; x_wconf 88' lang='lat' dir='ltr'><strong>haud</strong></span> <span class='ocrx_word' id='word_1_241' title='bbox 1167 1802 1284 1835; x_wconf 88' lang='lat' dir='ltr'><strong>parum</strong></span> <span class='ocrx_word' id='word_1_242' title='bbox 1307 1792 1498 1834; x_wconf 82' lang='lat' dir='ltr'><strong>suspectum</strong></span> <span class='ocrx_word' id='word_1_243' title='bbox 1521 1788 1585 1821; x_wconf 89' lang='lat' dir='ltr'><strong>im-</strong></span> 
     </span>
     <span class='ocr_line' id='line_1_26' title="bbox 129 1833 1583 1892; baseline -0.01 -11"><span class='ocrx_word' id='word_1_244' title='bbox 129 1846 281 1892; x_wconf 85' lang='lat' dir='ltr'><strong>peratori</strong></span> <span class='ocrx_word' id='word_1_245' title='bbox 313 1850 348 1880; x_wconf 87' lang='lat' dir='ltr'><strong>et</strong></span> <span class='ocrx_word' id='word_1_246' title='bbox 380 1845 422 1879; x_wconf 86' lang='lat' dir='ltr'><strong>iis</strong></span> <span class='ocrx_word' id='word_1_247' title='bbox 454 1845 513 1890; x_wconf 92' lang='lat' dir='ltr'><strong>qui</strong></span> <span class='ocrx_word' id='word_1_248' title='bbox 541 1845 603 1878; x_wconf 90' lang='lat' dir='ltr'><strong>sub</strong></span> <span class='ocrx_word' id='word_1_249' title='bbox 634 1855 674 1878; x_wconf 94' lang='lat' dir='ltr'><strong>eo</strong></span> <span class='ocrx_word' id='word_1_250' title='bbox 706 1854 762 1876; x_wconf 90' lang='lat' dir='ltr'><strong>res</strong></span> <span class='ocrx_word' id='word_1_251' title='bbox 793 1842 958 1875; x_wconf 88' lang='lat' dir='ltr'><strong>curabant</strong></span> <span class='ocrx_word' id='word_1_252' title='bbox 979 1840 1068 1873; x_wconf 87' lang='lat' dir='ltr'><strong>hunc</strong></span> <span class='ocrx_word' id='word_1_253' title='bbox 1089 1837 1237 1872; x_wconf 89' lang='lat' dir='ltr'><strong>reddidit</strong></span> <span class='ocrx_word' id='word_1_254' title='bbox 1259 1836 1450 1868; x_wconf 86' lang='lat' dir='ltr'><strong>barbarum.</strong></span> <span class='ocrx_word' id='word_1_255' title='bbox 1494 1833 1583 1866; x_wconf 90' lang='lat' dir='ltr'><strong>unde</strong></span> 
     </span>
     <span class='ocr_line' id='line_1_27' title="bbox 130 1878 1583 1927; baseline -0.012 0"><span class='ocrx_word' id='word_1_256' title='bbox 130 1903 204 1927; x_wconf 77' lang='lat' dir='ltr'><strong>cum</strong></span> <span class='ocrx_word' id='word_1_257' title='bbox 229 1892 316 1925; x_wconf 85' lang='lat' dir='ltr'><strong>hunc</strong></span> <span class='ocrx_word' id='word_1_258' title='bbox 345 1892 582 1925; x_wconf 86' lang='lat' dir='ltr'><strong>observassent</strong></span> <span class='ocrx_word' id='word_1_259' title='bbox 614 1889 656 1922; x_wconf 88' lang='lat' dir='ltr'><strong>ad</strong></span> <span class='ocrx_word' id='word_1_260' title='bbox 689 1887 938 1922; x_wconf 80' lang='lat' dir='ltr'><strong>affectationem</strong></span> <span class='ocrx_word' id='word_1_261' title='bbox 970 1884 1103 1919; x_wconf 80' lang='lat' dir='ltr'>subitae</span> <span class='ocrx_word' id='word_1_262' title='bbox 1126 1894 1167 1917; x_wconf 90' lang='lat' dir='ltr'><strong>ac</strong></span> <span class='ocrx_word' id='word_1_263' title='bbox 1188 1880 1392 1915; x_wconf 83' lang='lat' dir='ltr'><strong>vehementis</strong></span> <span class='ocrx_word' id='word_1_264' title='bbox 1415 1878 1583 1912; x_wconf 83' lang='lat' dir='ltr'><strong>excande-</strong></span> 
     </span>
     <span class='ocr_line' id='line_1_28' title="bbox 128 1923 1581 1982; baseline -0.01 -11"><span class='ocrx_word' id='word_1_265' title='bbox 128 1937 297 1978; x_wconf 69' lang='lat' dir='ltr'><strong>scentiae3</strong></span> <span class='ocrx_word' id='word_1_266' title='bbox 329 1937 386 1982; x_wconf 90' lang='lat' dir='ltr'><strong>qui</strong></span> <span class='ocrx_word' id='word_1_267' title='bbox 410 1941 484 1970; x_wconf 90' lang='lat' dir='ltr'><strong>erat</strong></span> <span class='ocrx_word' id='word_1_268' title='bbox 506 1946 591 1969; x_wconf 88' lang='lat' dir='ltr'><strong>unus</strong></span> <span class='ocrx_word' id='word_1_269' title='bbox 616 1945 659 1968; x_wconf 82' lang='lat' dir='ltr'><strong>ex</strong></span> <span class='ocrx_word' id='word_1_270' title='bbox 682 1933 936 1968; x_wconf 82' lang='lat' dir='ltr'><strong>characteribus</strong></span> <span class='ocrx_word' id='word_1_271' title='bbox 958 1930 1080 1964; x_wconf 89' lang='lat' dir='ltr'><strong>indolis</strong></span> <span class='ocrx_word' id='word_1_272' title='bbox 1101 1928 1303 1966; x_wconf 73' lang='lat' dir='ltr'><strong>Lachanae,</strong></span> <span class='ocrx_word' id='word_1_273' title='bbox 1338 1924 1429 1958; x_wconf 86' lang='lat' dir='ltr'><strong>haud</strong></span> <span class='ocrx_word' id='word_1_274' title='bbox 1452 1923 1537 1957; x_wconf 84' lang='lat' dir='ltr'><strong>satis</strong></span> <span class='ocrx_word' id='word_1_275' title='bbox 1559 1935 1581 1958; x_wconf 84' lang='lat' dir='ltr'><strong>a</strong></span> 
     </span>
     <span class='ocr_line' id='line_1_29' title="bbox 128 1970 1579 2032; baseline -0.01 -16"><span class='ocrx_word' id='word_1_276' title='bbox 128 1981 312 2028; x_wconf 80' lang='lat' dir='ltr'><strong>quamlibet</strong></span> <span class='ocrx_word' id='word_1_277' title='bbox 334 1986 474 2015; x_wconf 81' lang='lat' dir='ltr'><strong>conante</strong></span> <span class='ocrx_word' id='word_1_278' title='bbox 497 1984 608 2014; x_wconf 84' lang='lat' dir='ltr'><strong>tamen</strong></span> <span class='ocrx_word' id='word_1_279' title='bbox 631 1990 829 2032; x_wconf 86' lang='lat' dir='ltr'><strong>expressus,</strong></span> <span class='ocrx_word' id='word_1_280' title='bbox 865 1977 1047 2020; x_wconf 84' lang='lat' dir='ltr'><strong>adiungere</strong></span> <span class='ocrx_word' id='word_1_281' title='bbox 1076 1972 1319 2008; x_wconf 77' lang='lat' dir='ltr'><strong>simulationem</strong></span> <span class='ocrx_word' id='word_1_282' title='bbox 1348 1973 1494 2004; x_wconf 84' lang='lat' dir='ltr'><strong>astutam</strong></span> <span class='ocrx_word' id='word_1_283' title='bbox 1524 1970 1579 2003; x_wconf 86' lang='lat' dir='ltr'><strong>fa—</strong></span> 
     </span>
     <span class='ocr_line' id='line_1_30' title="bbox 127 2015 1579 2072; baseline -0.008 -11"><span class='ocrx_word' id='word_1_284' title='bbox 127 2027 260 2062; x_wconf 80' lang='lat' dir='ltr'><strong>naticae</strong></span> <span class='ocrx_word' id='word_1_285' title='bbox 282 2026 430 2072; x_wconf 87' lang='lat' dir='ltr'><strong>pietatis,</strong></span> <span class='ocrx_word' id='word_1_286' title='bbox 453 2037 519 2070; x_wconf 91' lang='lat' dir='ltr'><strong>quo</strong></span> <span class='ocrx_word' id='word_1_287' title='bbox 542 2030 578 2059; x_wconf 91' lang='lat' dir='ltr'><strong>et</strong></span> <span class='ocrx_word' id='word_1_288' title='bbox 598 2025 656 2058; x_wconf 92' lang='lat' dir='ltr'><strong>ille</strong></span> <span class='ocrx_word' id='word_1_289' title='bbox 678 2035 714 2057; x_wconf 86' lang='lat' dir='ltr'><strong>m</strong></span> <span class='ocrx_word' id='word_1_290' title='bbox 735 2024 851 2068; x_wconf 85' lang='lat' dir='ltr'><strong>primis</strong></span> <span class='ocrx_word' id='word_1_291' title='bbox 873 2021 1016 2056; x_wconf 84' lang='lat' dir='ltr'><strong>artificio</strong></span> <span class='ocrx_word' id='word_1_292' title='bbox 1038 2020 1210 2058; x_wconf 86' lang='lat' dir='ltr'><strong>valuerat,</strong></span> <span class='ocrx_word' id='word_1_293' title='bbox 1238 2020 1273 2050; x_wconf 90' lang='lat' dir='ltr'><strong>et</strong></span> <span class='ocrx_word' id='word_1_294' title='bbox 1295 2015 1350 2049; x_wconf 85' lang='lat' dir='ltr'><strong>hic</strong></span> <span class='ocrx_word' id='word_1_295' title='bbox 1373 2027 1438 2050; x_wconf 87' lang='lat' dir='ltr'><strong>non</strong></span> <span class='ocrx_word' id='word_1_296' title='bbox 1458 2015 1579 2060; x_wconf 81' lang='lat' dir='ltr'><strong>iinpari</strong></span> 
     </span>
     <span class='ocr_line' id='line_1_31' title="bbox 127 2060 1579 2115; baseline -0.008 -8"><span class='ocrx_word' id='word_1_297' title='bbox 127 2083 285 2107; x_wconf 84' lang='lat' dir='ltr'><strong>successu</strong></span> <span class='ocrx_word' id='word_1_298' title='bbox 308 2072 374 2106; x_wconf 83' lang='lat' dir='ltr'><strong>ista</strong></span> <span class='ocrx_word' id='word_1_299' title='bbox 397 2070 606 2115; x_wconf 84' lang='lat' dir='ltr'><strong>potissimum</strong></span> <span class='ocrx_word' id='word_1_300' title='bbox 627 2069 787 2103; x_wconf 79' lang='lat' dir='ltr'><strong>illecebra</strong></span> <span class='ocrx_word' id='word_1_301' title='bbox 803 2068 980 2102; x_wconf 88' lang='lat' dir='ltr'><strong>multorum</strong></span> <span class='ocrx_word' id='word_1_302' title='bbox 1000 2066 1036 2098; x_wconf 92' lang='lat' dir='ltr'><strong>in</strong></span> <span class='ocrx_word' id='word_1_303' title='bbox 1058 2076 1096 2098; x_wconf 90' lang='lat' dir='ltr'><strong>se</strong></span> <span class='ocrx_word' id='word_1_304' title='bbox 1118 2063 1242 2097; x_wconf 86' lang='lat' dir='ltr'><strong>levium</strong></span> <span class='ocrx_word' id='word_1_305' title='bbox 1265 2060 1430 2095; x_wconf 87' lang='lat' dir='ltr'><strong>hominum</strong></span> <span class='ocrx_word' id='word_1_306' title='bbox 1452 2061 1579 2106; x_wconf 87' lang='lat' dir='ltr'><strong>spebus</strong></span> 
     </span>
     <span class='ocr_line' id='line_1_32' title="bbox 126 2106 1576 2158; baseline -0.01 -5"><span class='ocrx_word' id='word_1_307' title='bbox 126 2129 166 2153; x_wconf 83' lang='lat' dir='ltr'><strong>se</strong></span> <span class='ocrx_word' id='word_1_308' title='bbox 187 2118 282 2152; x_wconf 83' lang='lat' dir='ltr'><strong>vanis</strong></span> <span class='ocrx_word' id='word_1_309' title='bbox 306 2116 421 2152; x_wconf 84' lang='lat' dir='ltr'><strong>efferri</strong></span> <span class='ocrx_word' id='word_1_310' title='bbox 443 2116 618 2150; x_wconf 78' lang='lat' dir='ltr'><strong>sinentium</strong></span> <span class='ocrx_word' id='word_1_311' title='bbox 641 2114 908 2158; x_wconf 83' lang='lat' dir='ltr'><strong>expectationem</strong></span> <span class='ocrx_word' id='word_1_312' title='bbox 931 2115 967 2145; x_wconf 88' lang='lat' dir='ltr'><strong>et</strong></span> <span class='ocrx_word' id='word_1_313' title='bbox 988 2110 1099 2144; x_wconf 87' lang='lat' dir='ltr'><strong>studia</strong></span> <span class='ocrx_word' id='word_1_314' title='bbox 1120 2108 1297 2147; x_wconf 85' lang='lat' dir='ltr'><strong>vertebat,</strong></span> <span class='ocrx_word' id='word_1_315' title='bbox 1322 2118 1386 2141; x_wconf 92' lang='lat' dir='ltr'><strong>non</strong></span> <span class='ocrx_word' id='word_1_316' title='bbox 1409 2106 1452 2140; x_wconf 91' lang='lat' dir='ltr'><strong>de</strong></span> <span class='ocrx_word' id='word_1_317' title='bbox 1473 2106 1576 2140; x_wconf 90' lang='lat' dir='ltr'><strong>nihilo</strong></span> 
     </span>
     <span class='ocr_line' id='line_1_33' title="bbox 124 2152 1576 2208; baseline -0.008 -10"><span class='ocrx_word' id='word_1_318' title='bbox 124 2163 227 2198; x_wconf 85' lang='lat' dir='ltr'><strong>veriti</strong></span> <span class='ocrx_word' id='word_1_319' title='bbox 257 2175 298 2198; x_wconf 87' lang='lat' dir='ltr'><strong>ac</strong></span> <span class='ocrx_word' id='word_1_320' title='bbox 329 2161 608 2208; x_wconf 84' lang='lat' dir='ltr'><strong>praevertendum</strong></span> <span class='ocrx_word' id='word_1_321' title='bbox 632 2159 698 2193; x_wconf 87' lang='lat' dir='ltr'><strong>rati</strong></span> <span class='ocrx_word' id='word_1_322' title='bbox 729 2165 853 2193; x_wconf 90' lang='lat' dir='ltr'><strong>motum</strong></span> <span class='ocrx_word' id='word_1_323' title='bbox 884 2157 1026 2202; x_wconf 88' lang='lat' dir='ltr'><strong>aliquem</strong></span> <span class='ocrx_word' id='word_1_324' title='bbox 1048 2152 1269 2188; x_wconf 87' lang='lat' dir='ltr'><strong>multitudinis</strong></span> <span class='ocrx_word' id='word_1_325' title='bbox 1290 2152 1448 2194; x_wconf 90' lang='lat' dir='ltr'><strong>insanae,</strong></span> <span class='ocrx_word' id='word_1_326' title='bbox 1479 2152 1576 2198; x_wconf 87' lang='lat' dir='ltr'><strong>sequi</strong></span> 
     </span>
     <span class='ocr_line' id='line_1_34' title="bbox 125 2199 1576 2252; baseline -0.01 -8"><span class='ocrx_word' id='word_1_327' title='bbox 125 2209 244 2243; x_wconf 87' lang='lat' dir='ltr'><strong>ducem</strong></span> <span class='ocrx_word' id='word_1_328' title='bbox 267 2210 355 2243; x_wconf 88' lang='lat' dir='ltr'><strong>hunc</strong></span> <span class='ocrx_word' id='word_1_329' title='bbox 372 2218 579 2252; x_wconf 86' lang='lat' dir='ltr'><strong>quocumque</strong></span> <span class='ocrx_word' id='word_1_330' title='bbox 602 2206 742 2239; x_wconf 87' lang='lat' dir='ltr'><strong>duceret</strong></span> <span class='ocrx_word' id='word_1_331' title='bbox 765 2210 927 2249; x_wconf 80' lang='lat' dir='ltr'><strong>paratae,</strong></span> <span class='ocrx_word' id='word_1_332' title='bbox 962 2202 1142 2235; x_wconf 83' lang='lat' dir='ltr'><strong>barbarum</strong></span> <span class='ocrx_word' id='word_1_333' title='bbox 1174 2199 1388 2243; x_wconf 85' lang='lat' dir='ltr'><strong>impostorem</strong></span> <span class='ocrx_word' id='word_1_334' title='bbox 1421 2209 1576 2243; x_wconf 86' lang='lat' dir='ltr'><strong>eompre-</strong></span> 
     </span>
     <span class='ocr_line' id='line_1_35' title="bbox 125 2243 1575 2294; baseline -0.008 -5"><span class='ocrx_word' id='word_1_335' title='bbox 125 2254 262 2289; x_wconf 88' lang='lat' dir='ltr'><strong>hensum</strong></span> <span class='ocrx_word' id='word_1_336' title='bbox 285 2253 458 2288; x_wconf 84' lang='lat' dir='ltr'><strong>custodiae</strong></span> <span class='ocrx_word' id='word_1_337' title='bbox 480 2253 664 2293; x_wconf 89' lang='lat' dir='ltr'><strong>dederunt,</strong></span> <span class='ocrx_word' id='word_1_338' title='bbox 699 2251 763 2283; x_wconf 90' lang='lat' dir='ltr'><strong>boc</strong></span> <span class='ocrx_word' id='word_1_339' title='bbox 788 2249 862 2294; x_wconf 89' lang='lat' dir='ltr'><strong>ipso</strong></span> <span class='ocrx_word' id='word_1_340' title='bbox 885 2247 968 2281; x_wconf 83' lang='lat' dir='ltr'><strong>satis</strong></span> <span class='ocrx_word' id='word_1_341' title='bbox 991 2257 1083 2280; x_wconf 91' lang='lat' dir='ltr'><strong>reum</strong></span> <span class='ocrx_word' id='word_1_342' title='bbox 1107 2249 1143 2279; x_wconf 88' lang='lat' dir='ltr'><strong>et</strong></span> <span class='ocrx_word' id='word_1_343' title='bbox 1164 2255 1271 2290; x_wconf 89' lang='lat' dir='ltr'><strong>poena</strong></span> <span class='ocrx_word' id='word_1_344' title='bbox 1294 2244 1450 2288; x_wconf 84' lang='lat' dir='ltr'><strong>dignum,</strong></span> <span class='ocrx_word' id='word_1_345' title='bbox 1483 2243 1575 2289; x_wconf 90' lang='lat' dir='ltr'><strong>quod</strong></span> 
     </span>
     <span class='ocr_line' id='line_1_36' title="bbox 125 2289 1574 2343; baseline -0.009 -8"><span class='ocrx_word' id='word_1_346' title='bbox 125 2305 217 2334; x_wconf 84' lang='lat' dir='ltr'><strong>esset</strong></span> <span class='ocrx_word' id='word_1_347' title='bbox 250 2299 428 2334; x_wconf 82' lang='lat' dir='ltr'><strong>manifeste</strong></span> <span class='ocrx_word' id='word_1_348' title='bbox 460 2298 686 2343; x_wconf 81' lang='lat' dir='ltr'><strong>deprehensus</strong></span> <span class='ocrx_word' id='word_1_349' title='bbox 717 2295 875 2328; x_wconf 83' lang='lat' dir='ltr'><strong>simulare</strong></span> <span class='ocrx_word' id='word_1_350' title='bbox 907 2303 1080 2338; x_wconf 81' lang='lat' dir='ltr'><strong>personam</strong></span> <span class='ocrx_word' id='word_1_351' title='bbox 1103 2291 1262 2331; x_wconf 86' lang='lat' dir='ltr'><strong>alienam,</strong></span> <span class='ocrx_word' id='word_1_352' title='bbox 1294 2290 1511 2334; x_wconf 73' lang='lat' dir='ltr'><strong>fraudemque</strong></span> <span class='ocrx_word' id='word_1_353' title='bbox 1533 2289 1574 2323; x_wconf 92' lang='lat' dir='ltr'><strong>il-</strong></span> 
     </span>
     <span class='ocr_line' id='line_1_37' title="bbox 123 2336 1575 2385; baseline -0.008 -5"><span class='ocrx_word' id='word_1_354' title='bbox 123 2345 189 2380; x_wconf 90' lang='lat' dir='ltr'><strong>lam</strong></span> <span class='ocrx_word' id='word_1_355' title='bbox 213 2346 256 2380; x_wconf 90' lang='lat' dir='ltr'><strong>ad</strong></span> <span class='ocrx_word' id='word_1_356' title='bbox 277 2345 358 2379; x_wconf 87' lang='lat' dir='ltr'><strong>nihil</strong></span> <span class='ocrx_word' id='word_1_357' title='bbox 379 2344 443 2378; x_wconf 86' lang='lat' dir='ltr'><strong>nisi</strong></span> <span class='ocrx_word' id='word_1_358' title='bbox 465 2343 658 2377; x_wconf 88' lang='lat' dir='ltr'><strong>damnosum</strong></span> <span class='ocrx_word' id='word_1_359' title='bbox 682 2352 722 2376; x_wconf 92' lang='lat' dir='ltr'><strong>ac</strong></span> <span class='ocrx_word' id='word_1_360' title='bbox 754 2338 977 2385; x_wconf 86' lang='lat' dir='ltr'><strong>periculosum</strong></span> <span class='ocrx_word' id='word_1_361' title='bbox 1008 2336 1113 2383; x_wconf 85' lang='lat' dir='ltr'><strong>quieti</strong></span> <span class='ocrx_word' id='word_1_362' title='bbox 1144 2336 1299 2382; x_wconf 87' lang='lat' dir='ltr'><strong>publicae</strong></span> <span class='ocrx_word' id='word_1_363' title='bbox 1321 2336 1490 2381; x_wconf 85' lang='lat' dir='ltr'><strong>pertinere</strong></span> <span class='ocrx_word' id='word_1_364' title='bbox 1513 2346 1575 2380; x_wconf 87' lang='lat' dir='ltr'><strong>ap-</strong></span> 
     </span>
     <span class='ocr_line' id='line_1_38' title="bbox 122 2380 1576 2436; baseline -0.008 -11"><span class='ocrx_word' id='word_1_365' title='bbox 122 2397 271 2436; x_wconf 86' lang='lat' dir='ltr'><strong>pareret.</strong></span> <span class='ocrx_word' id='word_1_366' title='bbox 318 2391 354 2424; x_wconf 90' lang='lat' dir='ltr'><strong>id</strong></span> <span class='ocrx_word' id='word_1_367' title='bbox 377 2395 414 2424; x_wconf 89' lang='lat' dir='ltr'><strong>ut</strong></span> <span class='ocrx_word' id='word_1_368' title='bbox 437 2389 543 2432; x_wconf 78' lang='lat' dir='ltr'><strong>magis</strong></span> <span class='ocrx_word' id='word_1_369' title='bbox 574 2395 655 2422; x_wconf 81' lang='lat' dir='ltr'><strong>tunc</strong></span> <span class='ocrx_word' id='word_1_370' title='bbox 687 2384 911 2420; x_wconf 88' lang='lat' dir='ltr'><strong>necessarium</strong></span> <span class='ocrx_word' id='word_1_371' title='bbox 946 2383 1115 2417; x_wconf 89' lang='lat' dir='ltr'><strong>consilium</strong></span> <span class='ocrx_word' id='word_1_372' title='bbox 1146 2380 1407 2427; x_wconf 87' lang='lat' dir='ltr'><strong>praecautioque</strong></span> <span class='ocrx_word' id='word_1_373' title='bbox 1439 2381 1576 2415; x_wconf 83' lang='lat' dir='ltr'><strong>videre-</strong></span> 
     </span>
     <span class='ocr_line' id='line_1_39' title="bbox 123 2423 1574 2479; baseline -0.007 -10"><span class='ocrx_word' id='word_1_374' title='bbox 123 2441 201 2479; x_wconf 81' lang='lat' dir='ltr'><strong>tur,</strong></span> <span class='ocrx_word' id='word_1_375' title='bbox 234 2436 383 2471; x_wconf 86' lang='lat' dir='ltr'><strong>faciebat</strong></span> <span class='ocrx_word' id='word_1_376' title='bbox 405 2435 551 2469; x_wconf 81' lang='lat' dir='ltr'><strong>conditio</strong></span> <span class='ocrx_word' id='word_1_377' title='bbox 585 2434 714 2467; x_wconf 89' lang='lat' dir='ltr'><strong>illorum</strong></span> <span class='ocrx_word' id='word_1_378' title='bbox 737 2437 923 2476; x_wconf 88' lang='lat' dir='ltr'><strong>temporum</strong></span> <span class='ocrx_word' id='word_1_379' title='bbox 947 2434 982 2463; x_wconf 91' lang='lat' dir='ltr'><strong>et</strong></span> <span class='ocrx_word' id='word_1_380' title='bbox 1004 2429 1104 2464; x_wconf 88' lang='lat' dir='ltr'><strong>miser</strong></span> <span class='ocrx_word' id='word_1_381' title='bbox 1125 2431 1233 2462; x_wconf 86' lang='lat' dir='ltr'><strong>status</strong></span> <span class='ocrx_word' id='word_1_382' title='bbox 1254 2423 1426 2472; x_wconf 84' lang='lat' dir='ltr'><strong>regionum</strong></span> <span class='ocrx_word' id='word_1_383' title='bbox 1451 2426 1574 2460; x_wconf 91' lang='lat' dir='ltr'><strong>Orien-</strong></span> 
     </span>
     <span class='ocr_line' id='line_1_40' title="bbox 123 2472 1575 2523; baseline -0.009 -6"><span class='ocrx_word' id='word_1_384' title='bbox 123 2482 202 2516; x_wconf 81' lang='lat' dir='ltr'><strong>talis</strong></span> <span class='ocrx_word' id='word_1_385' title='bbox 234 2481 374 2523; x_wconf 83' lang='lat' dir='ltr'><strong>limitis,</strong></span> <span class='ocrx_word' id='word_1_386' title='bbox 416 2481 594 2514; x_wconf 84' lang='lat' dir='ltr'><strong>Persarum</strong></span> <span class='ocrx_word' id='word_1_387' title='bbox 637 2477 881 2512; x_wconf 80' lang='lat' dir='ltr'><strong>incursionibus</strong></span> <span class='ocrx_word' id='word_1_388' title='bbox 912 2475 969 2519; x_wconf 81' lang='lat' dir='ltr'><strong>agi</strong></span> <span class='ocrx_word' id='word_1_389' title='bbox 1002 2474 1151 2518; x_wconf 83' lang='lat' dir='ltr'><strong>ferrique</strong></span> <span class='ocrx_word' id='word_1_390' title='bbox 1180 2473 1365 2507; x_wconf 85' lang='lat' dir='ltr'><strong>solitarum.</strong></span> <span class='ocrx_word' id='word_1_391' title='bbox 1420 2472 1575 2506; x_wconf 82' lang='lat' dir='ltr'><strong>infelices</strong></span> 
     </span>
     <span class='ocr_line' id='line_1_41' title="bbox 123 2516 1572 2571; baseline -0.006 -11"><span class='ocrx_word' id='word_1_392' title='bbox 123 2531 208 2561; x_wconf 87' lang='lat' dir='ltr'><strong>enim</strong></span> <span class='ocrx_word' id='word_1_393' title='bbox 230 2527 279 2562; x_wconf 89' lang='lat' dir='ltr'><strong>illi</strong></span> <span class='ocrx_word' id='word_1_394' title='bbox 301 2528 428 2562; x_wconf 85' lang='lat' dir='ltr'><strong>frustra</strong></span> <span class='ocrx_word' id='word_1_395' title='bbox 450 2525 635 2571; x_wconf 82' lang='lat' dir='ltr'><strong>imploratis</strong></span> <span class='ocrx_word' id='word_1_396' title='bbox 665 2523 741 2557; x_wconf 86' lang='lat' dir='ltr'><strong>aliis</strong></span> <span class='ocrx_word' id='word_1_397' title='bbox 765 2522 994 2566; x_wconf 88' lang='lat' dir='ltr'><strong>undecumque</strong></span> <span class='ocrx_word' id='word_1_398' title='bbox 1015 2518 1214 2565; x_wconf 86' lang='lat' dir='ltr'><strong>praesidiis,</strong></span> <span class='ocrx_word' id='word_1_399' title='bbox 1243 2518 1287 2553; x_wconf 92' lang='lat' dir='ltr'><strong>ad</strong></span> <span class='ocrx_word' id='word_1_400' title='bbox 1321 2519 1443 2552; x_wconf 76' lang='lat' dir='ltr'><strong>famam</strong></span> <span class='ocrx_word' id='word_1_401' title='bbox 1473 2516 1572 2551; x_wconf 80' lang='lat' dir='ltr'><strong>istius</strong></span> 
     </span>
     <span class='ocr_line' id='line_1_42' title="bbox 120 2563 1573 2614; baseline -0.007 -9"><span class='ocrx_word' id='word_1_402' title='bbox 120 2572 214 2607; x_wconf 84' lang='lat' dir='ltr'><strong>velut</strong></span> <span class='ocrx_word' id='word_1_403' title='bbox 236 2573 315 2607; x_wconf 87' lang='lat' dir='ltr'><strong>novi</strong></span> <span class='ocrx_word' id='word_1_404' title='bbox 336 2571 461 2606; x_wconf 88' lang='lat' dir='ltr'><strong>ostensi</strong></span> <span class='ocrx_word' id='word_1_405' title='bbox 473 2571 613 2606; x_wconf 83' lang='lat' dir='ltr'><strong>vindicis</strong></span> <span class='ocrx_word' id='word_1_406' title='bbox 635 2568 850 2614; x_wconf 82' lang='lat' dir='ltr'><strong>cupidissime</strong></span> <span class='ocrx_word' id='word_1_407' title='bbox 872 2566 997 2601; x_wconf 90' lang='lat' dir='ltr'><strong>animos</strong></span> <span class='ocrx_word' id='word_1_408' title='bbox 1019 2568 1229 2606; x_wconf 63' lang='lat' dir='ltr'><strong>arreni-aut,</strong></span> <span class='ocrx_word' id='word_1_409' title='bbox 1244 2575 1338 2598; x_wconf 85' lang='lat' dir='ltr'><strong>more</strong></span> <span class='ocrx_word' id='word_1_410' title='bbox 1358 2564 1485 2598; x_wconf 86' lang='lat' dir='ltr'><strong>usitato</strong></span> <span class='ocrx_word' id='word_1_411' title='bbox 1508 2563 1573 2595; x_wconf 88' lang='lat' dir='ltr'><strong>im-</strong></span> 
     </span>
     <span class='ocr_line' id='line_1_43' title="bbox 121 2607 1571 2659; baseline -0.007 -8"><span class='ocrx_word' id='word_1_412' title='bbox 121 2617 317 2652; x_wconf 84' lang='lat' dir='ltr'><strong>becillitatis</strong></span> <span class='ocrx_word' id='word_1_413' title='bbox 338 2618 519 2659; x_wconf 84' lang='lat' dir='ltr'><strong>humanae,</strong></span> <span class='ocrx_word' id='word_1_414' title='bbox 553 2616 608 2650; x_wconf 91' lang='lat' dir='ltr'><strong>cui</strong></span> <span class='ocrx_word' id='word_1_415' title='bbox 634 2613 842 2650; x_wconf 85' lang='lat' dir='ltr'><strong>conflictanti</strong></span> <span class='ocrx_word' id='word_1_416' title='bbox 865 2611 1024 2656; x_wconf 83' lang='lat' dir='ltr'><strong>periculis</strong></span> <span class='ocrx_word' id='word_1_417' title='bbox 1045 2610 1203 2645; x_wconf 86' lang='lat' dir='ltr'><strong>extremis</strong></span> <span class='ocrx_word' id='word_1_418' title='bbox 1225 2610 1254 2644; x_wconf 89' lang='lat' dir='ltr'><strong>si</strong></span> <span class='ocrx_word' id='word_1_419' title='bbox 1275 2621 1390 2644; x_wconf 85' lang='lat' dir='ltr'><strong>verum</strong></span> <span class='ocrx_word' id='word_1_420' title='bbox 1413 2607 1571 2643; x_wconf 84' lang='lat' dir='ltr'><strong>auxilium</strong></span> 
     </span>
     <span class='ocr_line' id='line_1_44' title="bbox 121 2654 1572 2709; baseline -0.006 -13"><span class='ocrx_word' id='word_1_421' title='bbox 121 2673 188 2696; x_wconf 87' lang='lat' dir='ltr'><strong>non</strong></span> <span class='ocrx_word' id='word_1_422' title='bbox 209 2668 379 2709; x_wconf 83' lang='lat' dir='ltr'><strong>suppetat,</strong></span> <span class='ocrx_word' id='word_1_423' title='bbox 401 2663 488 2697; x_wconf 79' lang='lat' dir='ltr'><strong>salsa</strong></span> <span class='ocrx_word' id='word_1_424' title='bbox 509 2662 676 2707; x_wconf 85' lang='lat' dir='ltr'><strong>noxiaque</strong></span> <span class='ocrx_word' id='word_1_425' title='bbox 699 2660 798 2694; x_wconf 80' lang='lat' dir='ltr'><strong>avide</strong></span> <span class='ocrx_word' id='word_1_426' title='bbox 821 2657 958 2702; x_wconf 85' lang='lat' dir='ltr'><strong>arripit,</strong></span> <span class='ocrx_word' id='word_1_427' title='bbox 988 2659 1024 2690; x_wconf 85' lang='lat' dir='ltr'><strong>et</strong></span> <span class='ocrx_word' id='word_1_428' title='bbox 1053 2657 1083 2690; x_wconf 91' lang='lat' dir='ltr'><strong>si</strong></span> <span class='ocrx_word' id='word_1_429' title='bbox 1115 2655 1197 2701; x_wconf 90' lang='lat' dir='ltr'><strong>quid</strong></span> <span class='ocrx_word' id='word_1_430' title='bbox 1221 2654 1419 2701; x_wconf 88' lang='lat' dir='ltr'><strong>praesertim</strong></span> <span class='ocrx_word' id='word_1_431' title='bbox 1451 2663 1572 2698; x_wconf 56' lang='lat' dir='ltr'><strong>super*</strong></span> 
     </span>
     <span class='ocr_line' id='line_1_45' title="bbox 120 2701 1572 2753; baseline -0.006 -13"><span class='ocrx_word' id='word_1_432' title='bbox 120 2707 270 2742; x_wconf 85' lang='lat' dir='ltr'><strong>stitionis</strong></span> <span class='ocrx_word' id='word_1_433' title='bbox 290 2708 434 2753; x_wconf 86' lang='lat' dir='ltr'><strong>quodam</strong></span> <span class='ocrx_word' id='word_1_434' title='bbox 455 2708 596 2742; x_wconf 87' lang='lat' dir='ltr'><strong>obtentu</strong></span> <span class='ocrx_word' id='word_1_435' title='bbox 618 2705 759 2740; x_wconf 88' lang='lat' dir='ltr'><strong>numinis</strong></span> <span class='ocrx_word' id='word_1_436' title='bbox 790 2715 831 2738; x_wconf 89' lang='lat' dir='ltr'><strong>ac</strong></span> <span class='ocrx_word' id='word_1_437' title='bbox 857 2702 950 2737; x_wconf 90' lang='lat' dir='ltr'><strong>coelo</strong></span> <span class='ocrx_word' id='word_1_438' title='bbox 973 2701 1094 2735; x_wconf 83' lang='lat' dir='ltr'><strong>missae</strong></span> <span class='ocrx_word' id='word_1_439' title='bbox 1114 2701 1279 2736; x_wconf 83' lang='lat' dir='ltr'><strong>novitatis</strong></span> <span class='ocrx_word' id='word_1_440' title='bbox 1301 2701 1447 2746; x_wconf 88' lang='lat' dir='ltr'><strong>speciem</strong></span> <span class='ocrx_word' id='word_1_441' title='bbox 1469 2709 1572 2743; x_wconf 85' lang='lat' dir='ltr'><strong>prae-</strong></span> 
     </span>
     <span class='ocr_line' id='line_1_46' title="bbox 119 2747 1571 2796; baseline -0.006 -9"><span class='ocrx_word' id='word_1_442' title='bbox 119 2753 230 2796; x_wconf 75' lang='lat' dir='ltr'><strong>ferat,</strong></span> <span class='ocrx_word' id='word_1_443' title='bbox 255 2753 349 2788; x_wconf 84' lang='lat' dir='ltr'><strong>velut</strong></span> <span class='ocrx_word' id='word_1_444' title='bbox 369 2765 390 2788; x_wconf 91' lang='lat' dir='ltr'><strong>e</strong></span> <span class='ocrx_word' id='word_1_445' title='bbox 411 2753 563 2788; x_wconf 85' lang='lat' dir='ltr'><strong>machina</strong></span> <span class='ocrx_word' id='word_1_446' title='bbox 583 2752 682 2787; x_wconf 86' lang='lat' dir='ltr'><strong>deum</strong></span> <span class='ocrx_word' id='word_1_447' title='bbox 704 2749 843 2795; x_wconf 83' lang='lat' dir='ltr'><strong>excipit.</strong></span> <span class='ocrx_word' id='word_1_448' title='bbox 887 2747 1004 2793; x_wconf 74' lang='lat' dir='ltr'><strong>itaque</strong></span> <span class='ocrx_word' id='word_1_449' title='bbox 1025 2747 1062 2782; x_wconf 84' lang='lat' dir='ltr'><strong>in</strong></span> <span class='ocrx_word' id='word_1_450' title='bbox 1082 2747 1139 2782; x_wconf 89' lang='lat' dir='ltr'><strong>illo</strong></span> <span class='ocrx_word' id='word_1_451' title='bbox 1161 2747 1287 2792; x_wconf 84' lang='lat' dir='ltr'><strong>gemitu</strong></span> <span class='ocrx_word' id='word_1_452' title='bbox 1309 2757 1351 2781; x_wconf 88' lang='lat' dir='ltr'><strong>ac</strong></span> <span class='ocrx_word' id='word_1_453' title='bbox 1373 2747 1571 2780; x_wconf 79' lang='lat' dir='ltr'><strong>consterna-</strong></span> 
     </span>
    </p>
   </div>
  </div>
 </body>
</html>
