1858 3126
314 135 389 195 ΠΕ
421 134 744 180 ANDRONICO
775 131 1141 177 PALAEOLOGO
1175 132 1224 174 L.
1248 129 1341 174 vn.
1451 128 1549 176 619

115 246 330 304 δεξάμενος
354 247 451 298 τοὺς
470 244 615 303 λόγους
636 244 741 302 παρ’
762 245 888 288 ἄλλου
899 277 914 297 ,
949 243 1006 294 ὥς
1022 246 1148 299 κῆδος
1169 243 1271 300 πρὸς
1289 241 1360 286 τὸν
1379 241 1546 299 Πέρσην

114 321 307 361 συνιστᾶν
327 316 498 371 αἱρεῖται
522 316 589 358 καὶ
616 314 897 370 κοινοπραγίαν
913 312 1015 368 πρὸς
1034 313 1180 355 ἐκεῖνον
1199 311 1305 354 κατὰ
1323 314 1406 354 τῶν
1421 315 1544 363 βασι-
1564 317 1595 351 C

114 389 236 427 λαῶν
265 381 511 439 πραγμάτων
539 382 785 424 συντίθεται.
852 377 983 437 ταύτῃ
1008 397 1072 422 τοι
1103 381 1171 422 καὶ
1199 375 1547 435 προσταττόμενος

114 452 326 503 ἀπαντᾶν,
364 449 386 493 ὃ
413 451 459 493 δὲ
489 453 762 492 δυσελπιστῶν
788 449 878 503 περὶ
899 441 947 489 οἷ)
964 447 1038 501 τὴν
1061 448 1165 502 πρὸς
1187 447 1258 490 τὸν
1280 445 1452 500 βασιλέα
1473 445 1549 502 φέ-

82 515 270 576 5ρουσαν
295 516 576 571 ἀναβάλλεται.
644 513 1050 572 προσεταιρισάμενος
1076 515 1120 557 δὲ
1144 516 1211 557 καὶ
1228 514 1325 556 λαὸν
1346 530 1549 570 στρατιω-

114 584 240 638 τικόν,
269 586 434 639 πέμπων
456 586 522 627 καὶ
541 587 669 639 ζητῶν
689 584 911 639 ἀσφαλείας
929 583 1080 631 πίστεις
1095 582 1196 636 πρὸς
1212 581 1426 635 βασιλέως,
1454 580 1548 624 ἄνεω

115 670 188 703 τος
214 652 357 708 ἠλᾶτο.
425 652 506 694 ἐπεὶ
536 653 581 694 δὲ
608 656 658 708 τῇ
687 654 810 707 Χηλῇ
838 649 983 693 ἑαυτὸν
1011 651 1231 692 ἐνεπίστευε
1259 651 1326 691 καὶ
1348 649 1401 691 τὰ
1421 648 1544 691 πιστὰ

113 724 190 775 τῆς
204 719 426 776 ἀσφαλείας
445 720 595 762 ἐκεῖθεν
615 709 734 773 εἶχεν,
771 716 826 767 ὥς
842 718 965 776 ᾤετο,
994 719 1176 773 Χηλῖταί
1188 733 1290 766 τινες
1306 716 1410 759 κατὰ
1427 714 1543 759 πόλιν
1565 721 1594 756 P
1616 720 1685 757 432

115 786 345 844 εὖρεθέντες
375 785 663 830 συντάττονται
690 790 852 839 βασιλεῖ
872 781 899 840 ἧ
925 785 1008 841 μὴν
1034 791 1245 839 κατασχεῖν
1262 786 1306 827 ἐκ
1324 782 1448 827 δόλου
1474 785 1547 827 τὸν

62 862 107 896 10
117 857 318 912 φυγαδίαν
335 856 402 896 καὶ
424 856 677 910 παραδοῦναι
697 861 780 903 τοῖς
801 854 976 904 ἄξουσιν.
1046 852 1068 895 ὃ
1091 854 1155 895 καὶ
1175 854 1323 908 γίνεται
1340 852 1414 906 τῆν
1430 854 1546 906 ταχί-

115 935 238 976 στην·
272 920 328 972 ὥς
345 920 423 978 γάρ
443 938 504 971 τις
526 926 605 964 τῶν
626 920 824 975 εὐνούχων
840 922 902 963 ἐπὶ
920 918 1050 979 τούτῳ
1070 919 1263 974 ἔπε’μπετο
1274 952 1288 972 ,
1324 919 1447 969 αὐτὸς
1471 920 1546 974 μὲν

115 987 195 1032 ὕπὸ
223 994 307 1032 τῶν
341 987 695 1045 καταστρωμάτων
726 994 800 1042 τῆς
833 989 927 1044 νηός
955 986 1192 1043 ἐκρύπτετο,
1238 989 1375 1030 ἐκεῖνοι
1406 988 1451 1030 δὲ
1475 986 1546 1030 ἅτε

115 1054 307 1110 συνήθεις
334 1054 581 1106 εἷσελθόντες
607 1057 655 1099 τὸ
685 1054 880 1112 φρούριον
911 1061 1137 1098 κοινοῦνται
1157 1055 1228 1098 τὸν
1246 1053 1366 1110 λόγον
1388 1071 1548 1111 κρυφη-

115 1123 189 1167 dciv
205 1126 270 1166 acal
288 1130 372 1174 τοῖς
391 1123 527 1173 ἄλλοις
538 1156 551 1176 ,
585 1126 651 1166 καὶ
669 1122 870 1178 μεσούσης
891 1122 1044 1179 ἡμέρας
1059 1124 1164 1177 μετὰ
1179 1125 1339 1165 δεῖπνον
1357 1120 1547 1165 ἐπιστάν-

63 1199 182 1240 15τες
206 1189 324 1245 ἅμα,
368 1195 450 1234 τῶν
483 1190 789 1247 συντηρούντων
823 1191 1122 1247 διεσπαρμένων
1139 1223 1155 1244 ,
1196 1188 1449 1247 περισχόντες
1478 1192 1546 1232 δε-

115 1262 267 1312 σμοῦσι
284 1260 351 1301 καὶ
368 1258 455 1314 ἅμα
477 1260 589 1314 παρὰ
605 1259 676 1302 τὸν
692 1259 862 1313 βασιλέα
881 1259 1049 1316 φέρουσι
1068 1258 1244 1311 δέσμιον.
1291 1258 1482 1312 βασιλεὺς
1501 1258 1546 1300 δὲ
1567 1260 1596 1295 Β

115 1325 219 1382 πρὸς
237 1327 382 1370 ἐκεῖνον
402 1327 528 1382 μηδὲν
547 1325 722 1378 ἀξιώσας
741 1329 875 1378 εἰπεῖν,
906 1324 1069 1381 συνάμα
1085 1330 1143 1385 τῷ
1160 1328 1387 1384 Κοτανίτζῃ
1403 1330 1548 1369 τοῦτον

116 1523 211 1558 dales
240 1527 408 1568 tamquam
437 1523 585 1558 anditum
608 1534 651 1557 ex
674 1523 740 1558 alio
762 1523 924 1557 retulerat
948 1523 1141 1558 convenisse
1162 1524 1229 1558 iam
1255 1523 1451 1557 Cassianum
1474 1533 1548 1557 cum

115 1569 266 1614 principe
294 1569 470 1602 Persarum
502 1569 546 1602 de
575 1569 742 1603 affinitate
775 1569 862 1602 inter
884 1580 942 1603 eos
965 1570 1209 1612 contrahenda,
1239 1569 1455 1614 promittente
1476 1569 1550 1612 ipso

116 1614 336 1657 transfugium
359 1619 395 1647 et
416 1625 617 1648 communem
640 1625 775 1659 operam
797 1614 832 1646 in
854 1615 1074 1659 oppugnando
1097 1615 1236 1660 imperio
1258 1615 1420 1648 Romano.
1465 1625 1552 1656 qua-

115 1664 256 1704 propter
287 1659 469 1693 accersitus
501 1660 545 1693 ab
574 1660 778 1704 imperatore
806 1659 843 1692 in
872 1660 988 1693 urbem
1026 1661 1161 1703 suerat,
1206 1666 1243 1693 et
1275 1660 1386 1693 iussus
1416 1658 1550 1692 omissis

114 1704 267 1738 omnibus
291 1715 329 1738 se
350 1704 479 1738 sistere.
524 1716 638 1738 verum
660 1705 714 1738 ille
737 1704 792 1738 vix
817 1715 958 1749 sperans
989 1716 1133 1750 purgare
1156 1717 1192 1739 se
1216 1705 1301 1738 satis
1323 1703 1411 1748 apud
1432 1704 1549 1746 Augu-

116 1753 204 1782 stum
241 1760 360 1794 posse,
403 1750 468 1783 iter
509 1749 575 1783 sibi
612 1750 831 1794 periculosum
863 1761 974 1784 moras
1006 1755 1142 1784 nectens
1177 1750 1313 1794 primum
1344 1748 1548 1790 differebat3

117 1793 241 1827 deinde
261 1800 436 1838 postquam
458 1795 578 1839 vulgus
600 1796 735 1828 militum
765 1795 936 1828 beneficiis
958 1801 995 1829 et
1017 1797 1139 1840 spebus
1161 1796 1211 1829 ita
1232 1792 1435 1827 demeruisse
1455 1793 1548 1826 visus

118 1842 192 1877 est,
222 1842 262 1872 ut
282 1838 315 1871 in
340 1839 427 1872 omni
447 1839 510 1872 sibi
532 1842 666 1873 fortuna
689 1840 790 1872 fidum
812 1841 886 1873 sore
915 1851 979 1874 non
1004 1846 1130 1874 temere
1153 1839 1357 1878 confideret,
1393 1837 1459 1870 iam
1485 1849 1547 1871 au-

117 1881 235 1916 dacius
255 1893 453 1926 responsam
474 1884 562 1917 misit
583 1886 624 1917 ad
647 1885 902 1928 imperatorem,
937 1885 994 1929 qui
1023 1885 1153 1918 nomine
1174 1896 1234 1917 suo
1258 1887 1411 1927 peterent
1432 1882 1547 1915 caveri

118 1927 215 1972 prius
237 1926 281 1960 ab
302 1938 362 1969 eo,
395 1928 475 1960 fidei
496 1929 691 1973 pignoribus
722 1929 865 1970 idoneis,
895 1930 978 1963 nibil
1000 1930 1063 1964 sibi
1085 1929 1196 1962 damni
1218 1939 1260 1961 ex
1282 1928 1346 1960 boc
1369 1926 1413 1960 ad
1437 1927 1546 1971 ipsum

117 1981 257 2005 accessu
279 1975 536 2015 proventurum3
571 1984 636 2017 quo
654 1973 869 2017 denuntiato,
902 1973 998 2019 quasi
1021 1975 1085 2008 iam
1109 1974 1237 2006 solutus
1258 1972 1370 2006 officio
1391 1971 1545 2016 parendi,

116 2016 206 2050 liber
236 2027 438 2060 securusque
470 2018 666 2060 vagabatur.
710 2019 864 2062 quoniam
896 2025 1008 2053 autem
1038 2024 1154 2063 postea
1178 2018 1356 2061 impetrato
1377 2016 1412 2050 in
1431 2028 1545 2051 arcem

118 2061 296 2095 insularem
329 2060 455 2094 Chelen
484 2062 578 2095 aditu
605 2069 767 2106 exceptus
797 2064 866 2097 illic
887 2067 940 2097 est
962 2074 1003 2096 ea
1023 2063 1251 2096 benevolentia
1272 2062 1413 2104 civium,
1444 2067 1483 2095 ut
1504 2074 1545 2096 ae

118 2110 229 2140 tutum
261 2106 334 2139 loco
362 2105 422 2138 tali
445 2106 487 2139 de
518 2110 652 2140 caetero
682 2111 836 2152 putaret,
867 2109 956 2142 forte
989 2114 1068 2141 tunc
1099 2107 1386 2151 Constantinopoli
1415 2107 1545 2152 reperti

119 2150 328 2185 Chelensinm
354 2150 485 2195 quidam
507 2162 572 2184 non
593 2151 786 2185 dubitarunt
805 2152 998 2196 imperatori
1021 2152 1238 2197 promittere,
1265 2152 1347 2186 freti
1367 2152 1544 2196 coguatio-

118 2195 217 2230 nibus
239 2202 276 2229 et
297 2195 460 2230 clientelis
481 2197 570 2237 suis,
601 2208 676 2229 sese
700 2197 776 2230 dolo
798 2198 1066 2241 comprehensum
1097 2197 1268 2240 fugitivum
1290 2197 1341 2232 his
1361 2198 1543 2232 tradituros

119 2252 205 2286 quos
226 2241 298 2285 ipse
320 2241 364 2274 ad
386 2253 459 2275 eum
480 2241 714 2274 retrahendum
735 2241 890 2275 mitteret.
935 2248 972 2276 et
1001 2243 1199 2286 praestitere
1222 2243 1312 2288 quod
1333 2247 1543 2288 receperant.

119 2297 195 2320 cum
215 2285 258 2320 iis
279 2286 364 2319 enim
386 2286 431 2320 ad
453 2286 517 2319 hoc
536 2286 587 2319 ire
612 2286 745 2331 quidam
777 2287 887 2320 iussus
917 2298 937 2320 e
966 2287 1119 2332 palatinis
1149 2287 1327 2328 ennuchis,
1360 2289 1418 2322 ubi
1446 2288 1543 2322 navia

120 2331 247 2364 Chelen
280 2331 427 2375 appulit,
457 2331 530 2375 ipse
559 2332 691 2376 quidem
711 2332 774 2365 sub
797 2332 947 2366 tabulato
970 2332 1122 2373 delituit,
1157 2333 1338 2367 Chelenses
1361 2339 1470 2368 autem
1491 2333 1545 2366 in-

119 2376 227 2419 gressi
249 2376 291 2409 ad
314 2387 392 2410 suos
414 2378 502 2410 intra
525 2377 753 2418 munitionem,
785 2377 1091 2422 communicatoque
1120 2377 1203 2412 clam
1234 2378 1348 2412 amicis
1368 2383 1405 2412 et
1425 2388 1545 2412 neces—

119 2421 220 2454 sariis
253 2421 407 2462 consilio,
439 2422 492 2455 his
514 2423 729 2465 probantibus
752 2426 786 2455 et
808 2433 869 2466 pro
891 2422 979 2455 virili
1006 2422 1124 2456 iuvare
1145 2423 1327 2468 promptis,
1361 2425 1423 2457 sub
1445 2422 1548 2457 meri-

119 2465 209 2498 diem
239 2466 332 2499 facta
362 2477 461 2500 mann
496 2467 652 2501 Cassiani
690 2467 905 2501 diversorium
942 2470 1069 2511 petunt.
1112 2468 1345 2513 acquiescebat
1376 2469 1434 2502 ille
1467 2471 1545 2512 post

119 2510 312 2554 prandium,
334 2512 414 2545 nihil
436 2512 540 2546 minus
562 2524 660 2557 quam
706 2512 770 2546 uod
792 2513 976 2557 parabatur
996 2519 1163 2555 metuam
1190 2514 1416 2558 satellitesque
1438 2513 1545 2556 ipsius

120 2564 164 2588 ac
193 2556 350 2589 custodes
379 2557 527 2601 corporis
556 2558 651 2591 varie
681 2524 825 2603 dispersi
867 2564 980 2600 erant,
1021 2564 1121 2602 prout
1159 2569 1215 2592 res
1247 2563 1307 2594 sut
1335 2557 1548 2592 remissiones

121 2609 286 2644 quemque
314 2605 476 2635 vocarant
500 2614 592 2636 suae.
638 2614 718 2646 ergo
740 2602 904 2636 coniurati
925 2603 1119 2636 Cassianum
1141 2604 1240 2638 facile
1261 2607 1450 2647 correptum
1471 2601 1546 2635 alli-

122 2648 222 2686 gant,
255 2645 503 2691 coniectumque
524 2648 557 2682 in
580 2659 696 2681 navem
719 2648 847 2682 reversi
877 2648 1041 2681 curriculo
1062 2649 1098 2681 in
1120 2650 1235 2682 urbem
1254 2647 1450 2693 imperatori
1471 2645 1547 2680 vin-

122 2693 211 2720 ctum
241 2690 387 2724 tradunt.
432 2702 530 2735 porro
552 2695 720 2736 Augustus
750 2694 839 2726 nullo
861 2704 935 2726 eum
957 2693 1114 2736 dignatus
1143 2694 1247 2728 verbo
1269 2694 1305 2727 in
1327 2692 1468 2727 eundem
1489 2690 1546 2724 ubi

124 2732 305 2769 Cotanitza
326 2735 536 2771 detinebatur
560 2739 725 2783 compegit
746 2749 927 2780 carcerem,
948 2738 1125 2773 occasione
1145 2739 1197 2774 sic
1217 2738 1337 2783 egendi
1359 2749 1401 2771 ex
1422 2749 1463 2771 eo
1483 2735 1548 2770 du-
