1858 3126
257 158 354 207 718
652 156 964 202 OBSERVAT.
1000 157 1313 204 PACHYMEB.

254 267 474 308 sacerdotes
494 273 564 306 aut
588 267 655 306 alii
679 267 849 306 ministri
870 267 934 306 vel
955 268 1068 306 etiam
1094 268 1203 318 laici,
1233 268 1329 308 dum
1357 269 1399 308 in
1428 271 1576 323 templo
1597 270 1716 309 sacris

254 338 412 377 operam
446 323 607 363 dabant.
664 324 854 363 habemus
879 325 1086 375 imaginem
1116 326 1198 363 eius
1219 326 1276 364 rei
1305 325 1460 365 obviam
1494 327 1536 365 in
1561 327 1715 379 templis

251 381 516 430 nostratibus,
546 381 616 419 ubi
644 380 789 419 chorus
815 387 874 419 est
903 382 1181 420 canonicorum
1212 388 1281 420 aut
1311 382 1607 422 monachorum.
1662 383 1718 422 ibi

251 438 355 476 enim
377 438 525 476 circum
555 438 741 490 disposita
759 451 899 489 magno
922 451 1086 476 numero
1108 439 1288 477 videmus
1307 439 1440 477 sedilia
1466 440 1521 476 sic
1536 440 1716 486 formata,

250 500 298 533 ut
325 494 537 545 aliquando
567 495 682 546 plane
702 495 741 532 in
767 495 812 532 iis
836 495 1008 532 sedendo
1035 496 1327 545 conquiescere,
1358 495 1569 545 aliquando
1588 495 1718 534 standi

250 551 424 590 laborem
445 551 587 589 cubitis
611 551 705 589 hinc
725 551 817 589 inde
840 552 1076 589 reclinandis
1097 558 1137 590 et
1157 552 1257 589 mole
1275 552 1451 603 corporis
1471 552 1615 590 innixu
1636 550 1718 590 hu-

251 621 452 646 merorum
476 609 517 646 in
551 608 712 646 ‹loz-sum
740 608 1000 647 statiunculae
1027 622 1107 646 non
1139 608 1324 646 indecore
1352 608 1623 657 deoneranda,
1652 607 1720 659 qui

252 665 390 716 longae
416 670 561 703 vacant
579 665 815 716 psalmodiae
837 665 999 716 possint.
1058 671 1114 702 est
1135 671 1265 702 autem
1283 665 1387 703 inter
1406 664 1478 703 has
1499 665 1608 703 sedes
1628 676 1719 715 spe—

255 722 395 760 ciosior
412 734 491 759 una
513 727 552 760 et
571 721 776 759 sublimior
795 721 981 772 praesidis
1006 720 1102 770 loci,
1129 735 1247 771 quam
1273 720 1338 759 hic
1357 728 1490 759 noster
1510 720 1720 772 peculiari-

255 785 317 817 ter
336 778 495 826 indicat,
526 777 724 816 communi
744 778 834 815 licet
857 778 1079 818 στασειδίου
1102 778 1272 826 nomine,
1302 778 1416 816 sicuti
1432 784 1472 816 et
1489 776 1720 815 Philotheus

257 833 486 887 patiiarcha
516 835 557 872 C.
579 835 619 875 Ρ
647 836 688 872 in
719 834 850 872 libello
877 834 1066 885 inscripto
1095 834 1285 883 Διάταξις
1311 850 1385 885 της
1419 834 1717 885 ἱεροδιακονὶας,

257 892 327 931 ubi
344 892 399 930 sic
415 887 683 931 sc1ibit.si⁸w
704 889 727 930 ό
754 887 940 938 διακονος
960 887 1165 944 ἀπέρχεται
1183 891 1251 931 καὶ
1268 893 1402 960 θυμιᾷ
1423 905 1499 943 την
1522 889 1639 943 ἆγίαν
1663 889 1720 930 εἰ·

261 946 360 990 κόνα
376 963 451 999 την
469 948 525 995 εἰς
541 944 584 988 τό
603 948 804 988 στασίδιον
820 950 892 988 τοῦ
909 950 1157 998 προεστῶτος
1173 947 1241 987 καὶ
1260 944 1382 988 αὐτόν
1396 944 1462 988 τὸν
1477 948 1718 999 προεστῶτα,

259 1017 360 1056 quae
379 1005 420 1042 P.
439 1005 544 1042 Goar
564 1003 620 1041 sic
635 1005 775 1042 vertit:
804 1011 900 1042 tunc
923 1003 1118 1041 diaconas
1140 1002 1322 1053 discedit,
1354 1010 1390 1041 et
1409 1010 1595 1041 sanctam
1611 1004 1720 1039 ima-

255 1063 393 1113 ginem
418 1062 641 1113 superioria
657 1060 777 1098 sedili
794 1062 1087 1112 superpositam
1105 1067 1140 1097 et
1169 1062 1303 1111 ipsam
1322 1062 1565 1110 superiorem
1583 1060 1720 1096 ineen-

258 1126 336 1158 sat.
394 1117 515 1169 igitur
535 1118 757 1158 στασείδιον
777 1118 889 1156 cuius
909 1117 974 1155 hic
995 1123 1127 1154 noster
1142 1117 1317 1154 meminit
1334 1115 1443 1154 sedes
1462 1115 1552 1162 suit,
1581 1115 1622 1153 in
1642 1127 1719 1165 qua

258 1175 390 1213 stabat
409 1174 636 1226 patriarcha
655 1173 903 1223 Athanasius,
933 1173 1027 1212 dum
1045 1179 1296 1225 perageretur
1313 1172 1531 1211 ceremonia
1550 1172 1631 1209 eius
1646 1185 1722 1222 χει-

257 1231 441 1282 ροτονίας
470 1231 782 1282 inaugurationis
810 1231 892 1270 sive
921 1230 1235 1270 consecrationis.
1291 1235 1378 1268 erat
1408 1234 1539 1267 autem
1570 1240 1615 1265 ea
1639 1227 1721 1265 sine

259 1288 381 1326 dubio
399 1288 508 1326 sedes
529 1288 719 1339 praesidis
738 1287 814 1325 loci
828 1316 838 1334 ‚
869 1287 1088 1327 στασείδιον
1109 1289 1180 1326 τοῦ
1195 1289 1462 1338 προεστῶτος,
1491 1291 1598 1323 certo
1617 1296 1722 1322 sem-

253 1358 324 1397 per
347 1345 434 1382 loco
454 1344 556 1393 fixa,
585 1345 648 1383 cui
666 1345 706 1382 in
733 1344 878 1395 templo
901 1357 1040 1394 magno
1063 1345 1101 1381 S.
1123 1342 1292 1395 Sophiae
1317 1343 1510 1380 fenestrae
1530 1340 1722 1392 quaedam

119 1403 147 1438 P
169 1401 235 1438 509
260 1414 427 1453 superne
450 1401 754 1453 responderent3
783 1414 833 1438 ex
852 1414 1019 1450 quarum
1037 1413 1235 1448 succussu,
1264 1400 1295 1437 si
1315 1399 1570 1449 contingeret,
1589 1398 1721 1447 quieto

256 1459 402 1508 alioqui
429 1459 534 1495 caelo
567 1464 606 1496 et
634 1458 743 1496 nullo
774 1463 894 1495 vento
928 1458 1070 1505 flante,
1101 1458 1308 1507 augurium
1333 1455 1472 1494 Graeci
1499 1454 1721 1505 captabant,

256 1520 632 1566 perseveraturusne
666 1513 893 1564 patriarcha
924 1514 991 1564 qui
1033 1513 1292 1551 ordinabatur
1322 1512 1366 1550 in
1402 1525 1447 1550 ea
1481 1523 1599 1562 quam
1625 1516 1721 1547 tunc

258 1570 473 1621 accipiebat
499 1576 691 1621 potestate
717 1571 820 1608 foret
837 1582 961 1620 usque
992 1570 1043 1607 ad
1073 1575 1262 1619 mortem,
1293 1582 1343 1606 an
1367 1567 1486 1607 vivus
1505 1567 1597 1605 inde
1622 1570 1721 1603 esset

259 1626 485 1666 eiiciendus.

374 1684 738 1735 σταυρωτῆρες
766 1695 803 1733 Ρ
823 1685 904 1723 332
923 1693 964 1722 v,
995 1679 1060 1722 14.
1116 1680 1158 1718 in
1183 1693 1242 1718 ms
1274 1679 1476 1730 legebatur
1499 1679 1542 1720 ἕν
1567 1690 1724 1731 σαυρω-

262 1742 404 1792 τῆρσιν
435 1736 574 1787 ὅσσας.
629 1738 697 1776 sed
726 1738 815 1776 voci
843 1737 1000 1786 quidem
1029 1734 1156 1784 ν’σσας
1178 1737 1219 1775 in
1244 1737 1417 1787 ma1gine
1445 1735 1724 1773 subiiciebatur

263 1793 433 1846 υσσούς;
469 1795 578 1846 quod
605 1801 652 1833 ut
683 1793 926 1833 emendatius
954 1807 1040 1831 sum
1069 1793 1288 1845 amplexus·
1324 1792 1563 1832 vocabulum
1590 1797 1723 1830 autem

266 1856 541 1906 σαυρωτῆρσιν
575 1852 776 1890 manifeste
810 1850 1041 1889 mendosum
1076 1862 1127 1887 ex
1163 1850 1387 1887 coniectura
1421 1847 1636 1886 reformavi
1679 1846 1723 1885 in

266 1913 585 1963 σταυρωτῆρσιν;
614 1909 723 1947 cuius
742 1907 879 1958 utique
899 1907 1008 1957 origo
1027 1906 1069 1944 in
1089 1911 1224 1957 aptum
1240 1905 1335 1944 huic
1353 1905 1440 1943 loco
1463 1905 1723 1956 significatum

267 1979 482 2017 congruens
499 1971 672 2018 apparet,
699 1971 914 2015 utcumque
932 1963 1099 2002 verbum
1116 1962 1194 2001 hoc
1214 1962 1319 2014 apud
1338 1962 1464 2000 ullum
1481 1961 1600 1999 alium
1622 1960 1724 1998 scri-

264 2028 416 2074 ptorem
449 2023 642 2060 Graecum
669 2021 848 2060 nondum
876 2019 1106 2059 invenerim.
1173 2026 1288 2068 sunt,
1330 2018 1462 2069 inquit
1490 2016 1723 2069 Hesychius,

266 2078 443 2147 σταυροὶ
449 2079 491 2119 οἵ
506 2075 820 2131 καταπεπηγότες
837 2074 1039 2126 σκόλοπες,
1069 2091 1249 2129 χαρακες,
1269 2073 1336 2115 καὶ
1359 2089 1492 2114 παντα
1509 2072 1558 2114 τοὶ
1577 2073 1724 2114 ἕστωτα

265 2132 384 2182 ξύλα,
418 2130 497 2174 ἄπο
520 2138 595 2175 τοῦ
614 2135 775 2175 ἑστάναι
795 2130 1009 2185 σταυρούς,
1040 2133 1084 2173 ἐκ
1111 2135 1186 2173 τοῦ
1207 2133 1262 2179 εἷς
1282 2128 1356 2183 τὴν
1376 2128 1504 2181 αύραν
1522 2130 1723 2170 ἵστασθαι.

262 2190 356 2228 hinc
385 2188 564 2244 σταυρόω
594 2193 752 2229 vallam
779 2203 847 2228 seu
870 2191 1018 2241 palam
1033 2190 1149 2241 fige,
1178 2188 1370 2227 usitatum
1387 2186 1612 2237 Thucydidi
1639 2185 1663 2222 l.
1681 2187 1722 2233 7,

264 2252 304 2284 et
327 2246 545 2298 σταύρωσις
562 2261 635 2298 pro
662 2248 906 2285 munimento
927 2259 948 2283 e
970 2246 1082 2284 vallis
1106 2245 1244 2283 defixis
1265 2245 1312 2281 ab
1335 2243 1470 2282 eodem
1490 2239 1722 2292 'lhucydide

262 2302 355 2340 alibi
378 2304 478 2341 libro
498 2303 634 2342 eodem
653 2305 800 2355 posita3
829 2303 936 2353 quod
953 2303 1055 2340 libro
1077 2305 1102 2343 6
1120 2297 1330 2354 σταύρωμα
1351 2300 1521 2343 dixerat,
1549 2297 1604 2335 sic
1622 2295 1723 2334 scri-

262 2359 378 2397 bens:
405 2375 513 2411 παρα
529 2375 570 2399 τε
587 2358 657 2407 τιές
676 2363 777 2406 ναῦς
799 2357 1010 2425 σταύρωμα
1029 2358 1193 2423 ἔπηξαν.
1247 2363 1287 2394 et
1307 2353 1530 2406 Xenophon
1549 2353 1577 2393 l.
1596 2351 1623 2393 4
1637 2347 1723 2392 Ἑλ-

262 2417 464 2467 ληνικωνι
493 2412 706 2468 σταυρωμα
727 2432 748 2455 τ
748 2411 1006 2466 ’ἐποιήσαντο
1019 2413 1086 2454 καὶ
1107 2427 1278 2466 ταφρον.
1333 2411 1426 2449 hinc
1445 2411 1726 2461 σταυρωτῆρας

265 2485 308 2510 c1
310 2471 450 2509 edibile
466 2477 525 2508 est
541 2471 769 2522 Pachymeri
789 2471 892 2508 dicta
910 2471 1018 2520 tigna
1039 2469 1179 2517 defixa,
1209 2475 1247 2505 et
1259 2473 1306 2506 ut
1322 2467 1418 2504 solet
1435 2465 1485 2503 ad
1506 2465 1632 2516 operis
1647 2465 1723 2503 fir-

263 2528 450 2577 mitatem,
481 2527 739 2564 decussatim'
730 2527 896 2565 mvicem
913 2527 1040 2576 plexa,
1069 2524 1258 2576 impositis
1275 2521 1464 2573 crepidini
1481 2533 1647 2573 superne
1669 2520 1723 2558 ad

263 2584 420 2633 hostes,
450 2584 516 2622 ubi
541 2583 790 2631 accederent,
825 2581 1113 2620 submovendos
1137 2579 1260 2617 contis
1282 2579 1388 2616 ferro
1414 2578 1592 2624 armatis,
1623 2590 1723 2627 quos

266 2638 418 2688 υσσούς
436 2640 631 2708 appellan’
673 2638 904 2710 Appianus
894 2651 935 2675 111
961 2638 1177 2687 fragmento
1196 2637 1413 2686 Κελτικῆς-ε
1440 2649 1488 2673 τα
1507 2631 1551 2674 δὲ
1575 2607 1723 2700 ἑόρατα

268 2699 322 2748 ἡν
343 2694 416 2737 οὐκ
437 2696 589 2737 ἐοικότα
605 2692 742 2736 ακοντί
757 2694 854 2747 (lege
873 2689 1119 2741 ακοντίοις)
1105 2709 1130 2732 α
1144 2691 1326 2741 Ρωμαῖοι
1353 2692 1518 2730 καλοῦσι
1547 2686 1724 2756 νησσούς

270 2752 375 2804 (lege
393 2750 590 2805 ὑσσούς),
621 2748 742 2801 ξύλου
766 2746 1010 2804 τετραγώνου
1036 2764 1079 2789 το
1103 2744 1252 2800 ἥμισυ,
1281 2745 1349 2787 καὶ
1370 2744 1414 2787 τό
1440 2743 1533 2786 α’λλο
1554 2742 1722 2808 σιδήρου

270 2806 539 2863 τετραγώνου,
565 2807 635 2851 καὶ
651 2804 742 2850 τόδε
761 2806 830 2849 καὶ
850 2807 1052 2860 μαλακοῦ,
1084 2804 1205 2857 χωρίς
1229 2818 1272 2858 γε
1295 2805 1367 2857 τῆς
1388 2801 1546 2856 αἰχμῆς.
1601 2801 1723 2853 sigui-
