1858 3126
462 163 566 209 ΠΒ.
594 165 670 209 ΙΠ.
737 164 1226 211 CHRONOLOGIGUS.
1534 166 1632 214 849

187 272 290 334 &¹14
318 271 471 302 mmm*-
502 269 670 307 ¹¹¹¹PP·R⁰·
771 274 992 328 Imperator
1007 274 1333 325 Thessalonicae,
1372 280 1545 316 metatu
1567 280 1632 316 af-

238 303 247 311 ι,

246 313 271 335 r.
318 313 384 333 rum
398 305 478 332 Pon-
541 310 621 332 man.

184 354 190 358 -
326 339 468 380 tim-..mg
625 369 634 378 ‚
654 370 662 377 ,
714 331 877 370 finitatis
906 345 996 370 cum
1027 332 1130 370 orale
1158 329 1317 370 Serbiae
1340 333 1554 382 concluso,
1584 336 1632 372 ab

317 371 469 435 Βῗ-’ὶῖἷω
502 371 663 400 Androm»
714 401 760 427 eo
776 388 1018 427 Cotanitzam
1039 389 1282 438 transfugam
1304 393 1343 426 et
1356 388 1529 441 priorem
1548 404 1635 428 cra-

175 452 285 493 1299
392 445 419 487 5
543 444 612 500 ‘17
712 444 761 482 lis
788 446 990 495 coniugem
1019 444 1140 483 filiam
1170 444 1343 484 Terteris
1372 445 1540 497 accipit,
1568 447 1631 485 vi*-

506 491 654 574 Mnchgel.
712 501 919 552 cissimque
954 501 1051 540 crali
1078 501 1280 553 propriam
1306 500 1429 538 filiam
1456 502 1632 540 Simoni-

711 557 799 595 dem
833 571 1019 609 sponsam
1046 557 1269 608 consignat,
1306 558 1524 608 puellulam
1559 558 1631 598 vix

709 619 916 652 octennem
946 613 1035 652 viro
1063 627 1189 665 prope
1225 613 1554 664 quinquagenario
1590 621 1631 653 et:

707 670 879 721 plurium
906 669 984 707 iam
1007 682 1182 708 uxorum
1203 669 1369 719 marito,
1398 671 1630 709 custodien-

707 726 795 764 dam
814 726 1003 764 videlicet
1017 726 1205 763 intactam
1229 738 1352 777 usque
1373 725 1422 763 ad
1442 728 1627 778 puberem

705 788 868 820 aetatem
898 780 1031 833 (quem
1053 788 1185 819 tamen
1209 781 1401 832 Gregora's
1422 781 1448 819 l.
1469 787 1495 825 7
1520 783 1628 821 scri-

702 836 760 876 bit
787 837 1007 876 sentinanda
1032 850 1104 888 per
1141 838 1467 889 intemperantem
1501 852 1628 890 expe-

702 895 836 932 ctandi
869 893 1156 944 impatientiam
1183 893 1439 933 defloratione
1460 895 1627 946 virgun-

703 951 813 989 culae
848 948 1061 988 inhabilem
1094 949 1203 987 illam
1242 950 1444 1000 gignendis
1489 958 1626 1004 postea

700 1005 834 1045 liberis
854 1002 1103 1056 reddidisse.)
1160 1005 1188 1044 l.
1204 1004 1231 1045 4
1252 1018 1285 1043 c.
1302 1004 1330 1047 4
1354 1013 1394 1045 et
1417 1007 1455 1048 5.

755 1089 995 1127 Venetorum
1021 1087 1164 1139 legatio
1191 1087 1463 1127 Andronicum
1493 1091 1624 1142 impe-

698 1152 871 1184 ratorem
901 1144 1201 1183 Thessalonicae
1230 1146 1442 1194 convenit,
1484 1154 1622 1198 petens

699 1202 847 1240 remitti
868 1202 1030 1239 multam
1047 1200 1200 1238 Venetis
1218 1201 1325 1238 urbis
1344 1202 1622 1241 Constantino-

703 1258 902 1309 politanae
919 1257 1122 1307 inquilinis
1140 1256 1356 1307 indictam,
1386 1265 1424 1296 et
1449 1259 1622 1297 relaxari

700 1313 1063 1364 oppignerationem
1111 1312 1308 1350 bonorum
1351 1312 1430 1352 iam
1470 1315 1621 1353 dudum

699 1370 840 1407 factam
877 1375 1042 1420 propter
1068 1369 1296 1406 incendium
1324 1368 1501 1409 Galataea
1552 1373 1622 1409 sed

699 1425 800 1463 nihil
818 1425 1055 1477 impetravit.
1112 1425 1139 1465 l.
1161 1424 1187 1465 4
1206 1437 1239 1462 c.
1261 1428 1300 1467 6.

753 1508 975 1559 Imperator
1003 1507 1251 1546 Andronicus
1278 1508 1424 1546 frustra
1451 1515 1620 1548 conatur

699 1564 910 1603 conciliare
935 1564 1228 1602 matrimonium
1260 1563 1392 1603 Alexii
1429 1566 1621 1618 principis

699 1621 913 1669 Lazorum,
953 1621 1014 1658 sui
1043 1632 1093 1658 ex
1117 1633 1251 1658 sorore
1276 1620 1453 1671 nepotis,
1484 1628 1522 1659 et
1540 1636 1620 1673 pu·—

698 1676 785 1728 pilli
801 1681 1034 1715 testamento
1051 1677 1189 1728 patris,
1219 1689 1309 1714 cum
1329 1677 1410 1713 filia
1428 1679 1618 1727 praefecti

698 1732 898 1781 canicheo,
939 1739 978 1771 et
1007 1733 1166 1770 irritare
1202 1732 1288 1770 iure
1317 1734 1467 1770 tutorio
1505 1734 1617 1784 prius

697 1789 923 1840 coniugium
940 1788 988 1826 ab
1010 1789 1147 1827 eodem
1169 1787 1309 1824 Alexio
1335 1788 1418 1825 sine
1438 1789 1617 1826 auctori-

697 1845 769 1882 bus
804 1850 927 1882 matre
954 1849 1023 1882 aut
1039 1843 1236 1881 avunculo
1257 1849 1506 1880 contractum
1525 1857 1614 1881 cum

698 1899 865 1949 quadam
885 1899 1003 1936 unius
1038 1911 1059 1936 e
1076 1897 1319 1950 primoribus
1334 1897 1538 1938 Iberorum
1560 1899 1615 1936 fi·

694 1954 761 1993 lia.
820 1954 848 1993 l.
866 1953 892 1993 4
910 1966 943 1993 c.
970 1956 1009 1995 7.

748 2036 852 2073 Hinc
877 2033 1050 2073 deiectus
1081 2035 1343 2085 nequidquam
1366 2041 1490 2074 tentat
1518 2050 1612 2075 ean-

694 2090 781 2129 dem
800 2090 986 2142 praefecti
1014 2090 1186 2128 canicleo
1216 2090 1337 2128 filiam
1357 2091 1549 2131 collocare
1569 2095 1613 2130 fl-

692 2147 747 2185 lio
784 2161 855 2185 suo
886 2146 1018 2183 loanni
1054 2146 1259 2197 despotae,
1305 2154 1430 2185 matre
1459 2150 1610 2188 iuvenis

694 2204 865 2253 Augusta
885 2200 998 2239 Irene
1016 2209 1275 2252 repugnante.
1334 2202 1429 2244 ibid.

691 2347 754 2379 tor
773 2356 793 2380 e
819 2340 1019 2379 Thessalia
1041 2340 1169 2377 redux
1195 2340 1238 2377 in
1257 2341 1394 2380 urbem
1414 2344 1607 2382 Constan-

691 2397 899 2449 tinopolim
925 2396 1091 2434 solemni
1121 2409 1287 2434 occursu
1321 2397 1500 2438 invectus
1535 2407 1605 2438 est.

467 2439 474 2637 Ι
653 2440 871 2560 ΙΙ.4ο.8.

279 2239 288 2435 Ι
747 2286 816 2323 Die
837 2287 892 2325 22
913 2284 1144 2322 Novembris
1167 2284 1417 2325 Andronicus
1430 2287 1603 2340 impera·
1631 2287 1657 2319 Ρ
1682 2289 1746 2321 (ῑῐῑῖ

746 2537 888 2574 Atman
923 2535 1126 2577 Persarum
1157 2545 1335 2592 satrapa,
1374 2541 1459 2579 aliis
1481 2542 1604 2579 Otto-

690 2606 821 2631 manes
846 2593 997 2643 dictus,
1045 2601 1181 2633 auctor
1214 2596 1354 2635 domus
1386 2596 1504 2635 hodie
1531 2611 1603 2635 re-

650 2565 659 2805 1
688 2648 843 2699 gnantis
873 2647 976 2701 apud
1011 2650 1181 2699 Turcos,
1211 2651 1416 2690 invalescit
1446 2653 1600 2703 opibus,
1630 2684 1637 2694 ,

689 2705 882 2744 adiunctis
899 2705 972 2743 sibi
990 2706 1209 2744 numerosis
1229 2708 1352 2759 copiis
1373 2708 1563 2746 ferocium
1581 2721 1602 2746 e

687 2758 952 2812 Paphlagonia
972 2762 1182 2800 latronum.
1238 2762 1268 2802 l.
1289 2762 1315 2803 4
1335 2775 1369 2801 c.
1387 2762 1454 2804 25.

219 2837 390 2881 Georgius
422 2840 640 2884 Paehymcrcs
671 2840 718 2875 11.
1277 2838 1331 2880 54
