1820 3112
195 151 291 200 142
615 151 852 197 GEORGII
880 153 1234 198 PACHYMERIS

191 273 277 316 τοῖς
311 262 488 322 πρώτοις
517 265 713 316 δείξωσιν.
782 265 881 309 ἀλλ’
918 264 968 310 01'1'
998 282 1125 324 φασιν
1150 266 1309 324 οἱπερὶ
1337 266 1510 320 ἐκεῖνον,
1548 267 1653 311 ἄλλα

191 334 401 378 κολαστὲοι
418 335 456 377 οἳ
476 332 805 390 ἁμαρτάνοντες,
843 335 950 378 ἀλλὰ
971 336 1266 391 καταγνωστέοι
1295 336 1332 378 οἱ
1354 335 1470 392 σφίσι
1489 353 1657 391 συμπα-

142 405 172 439 Β
196 408 383 452 θοῦντες.
453 401 546 446 τότε
579 403 627 446 δέ
651 420 693 459 γε
723 405 790 447 καὶ
821 404 1218 460 προσδεχέσθωσαν,
1257 402 1323 448 ὅτε
1338 406 1403 450 καὶ
1423 411 1508 454 τοῖς
1528 405 1656 456 ἀξίοις

193 478 485 528 προστιμοῖντο
498 503 510 525 ,
549 473 615 513 καὶ
635 470 690 521 ὥς
711 473 874 522 ἐκείνοις
895 474 1048 528 δοκοίη,
1080 470 1320 528 πικρῶςκαὶ
1340 471 1575 528 ἀναλγήτως
1593 491 1656 516 τι-

191 540 484 597 μωρουμένοις.
555 540 604 583 τὸ
624 540 668 582 δ’
692 541 789 595 ἐμὸν
809 541 906 584 εἴπω
928 540 1081 593 πάθος,
1120 543 1186 584 καὶ
1209 543 1242 584 εἲ
1262 542 1336 596 μὲν
1357 539 1586 594 ἐπαινετόν,
1622 543 1688 586 εἶό

122 647 128 651 .
192 610 239 652 δ’
267 605 362 661 οὖν,
400 609 491 662 ἕχον
524 609 680 665 φερέτω
708 610 782 663 τὴν
802 611 971 664 μέμψιν.
1043 615 1143 653 πᾶσι
1165 611 1240 664 μὲν
1267 616 1424 659 πιστοῖς
1443 609 1516 665 τὴν
1537 610 1657 653 θείαν

194 678 515 736 φιλανθρωπίαν
537 678 837 733 ἔξαπλουμένην
861 682 1048 721 κατανοῶ
1063 711 1075 730 ,
1112 681 1178 720 καὶ
1202 679 1335 721 οὐδενὶ
1360 682 1434 733 τῆς
1455 678 1659 734 σωτηρίας

195 745 485 803 ἀπογιγνώσκω
514 748 689 801 γνησίως
718 745 1041 802 μετανοήσαντι,
1085 745 1198 805 μόνῳ
1227 747 1269 789 δ’
1301 748 1464 805 ἐμαυτῷ
1485 746 1560 802 τὴν
1583 750 1658 790 τοῦ

147 821 178 855 C
201 816 336 865 ἐλέους
353 812 475 870 χάριν
502 815 712 858 συστέλλω
738 818 803 857 καὶ
825 817 958 871 τρέμω
985 816 1059 870 τὴν
1076 818 1196 859 θείαν
1215 817 1344 870 κρίσιν
1363 813 1418 865 ὥς
1440 816 1659 870 ἐπενεχθη-

197 885 373 939 σομένην
404 884 591 935 δικαίως,
629 883 705 926 κᾶν
738 883 759 926 ὅ
791 902 829 927 τι
859 886 1033 939 ποιοίην.
1101 884 1205 938 πλὴν
1235 886 1276 935 ἐξ
1301 884 1435 934 ἐλέους
1451 886 1518 926 καὶ
1537 883 1658 927 πάλιν
1671 895 1716 931 10

195 957 363 1010 θαρρῶ,
402 954 468 994 καὶ
489 952 535 994 τὸ
556 955 744 1007 Χριστοῦ
764 952 862 995 ὄντα
884 953 987 1008 παρ’
1013 952 1141 995 αὐτοῦ
1159 955 1225 995 καὶ
1248 951 1494 1005 κολάζεσθαι
1513 957 1660 1010 (prlav-

195 1023 388 1078 θρωπίας
412 1019 566 1075 ἥγημαι
592 1021 778 1077 πέλαγος.
846 1026 969 1064 τοῦτο
1000 1020 1192 1071 πολλάκις
1211 1021 1311 1064 κατ’
1335 1021 1512 1076 ἐμαυτὸν
1530 1019 1661 1076 ηὐξά-

194 1109 293 1145 μην,
333 1090 466 1132 οὗῦενὶ
487 1094 560 1142 τῆς
581 1091 785 1145 σωτηρίας
806 1088 1107 1145 ἀπογινώσκων,
1135 1089 1210 1132 κᾶν
1234 1090 1285 1133 τὰ
1302 1087 1545 1148 φαυλότατα
1567 1092 1660 1133 δια-

144 1164 177 1199 D
200 1157 424 1215 πράξηται·
461 1155 588 1211 μόνον
616 1156 642 1213 ἡ
672 1158 776 1212 πρὸς
807 1158 854 1201 τὸ
882 1159 1004 1201 καλὸν
1029 1157 1174 1214 ὗδηγιά
1205 1158 1308 1202 ἴστω
1339 1160 1405 1201 καὶ
1433 1157 1459 1213 ἦ
1488 1159 1550 1201 ἐπὶ
1575 1164 1660 1208 τοῖς

196 1230 381 1283 αἰσχροῖς
401 1224 610 1279 μετάνοια.
683 1226 788 1269 ἀλλὰ
807 1232 940 1270 ταῦτα
961 1228 1034 1282 μὲν
1061 1226 1192 1280 εἷπον,
1229 1226 1290 1269 ὅτι
1310 1227 1357 1270 τὸ
1380 1227 1556 1282 σκληρὸν
1578 1231 1660 1270 τῶν
1672 1235 1715 1271 15

195 1298 287 1352 περὶ
320 1298 469 1338 ἐκεῖνον
509 1290 619 1348 ἦθος
647 1297 714 1337 καὶ
744 1295 880 1345 ἀτενὲς
907 1300 1077 1345 πολλαῖς
1107 1296 1181 1351 τὴν
1214 1300 1288 1338 τοῦ
1316 1299 1420 1339 θεοῦ
1447 1296 1662 1352 ἐκκλησίαν

194 1371 396 1422 ταραχαῖς
418 1363 680 1420 περιέβαλλεν
702 1362 887 1421 ὕστερον.
958 1364 1054 1407 ἀλλ’
1079 1364 1192 1408 οὔπω
1208 1369 1355 1409 ταῦτα.

287 1452 321 1486 6.
345 1449 436 1495 ἔχων
459 1450 500 1484 P.

132 1567 136 1570 ‚
195 1541 272 1565 rum
292 1529 391 1564 venia
413 1527 583 1575 specimen
607 1531 837 1572 ostentarent,
860 1541 927 1576 quo
950 1541 1028 1575 spes
1051 1529 1259 1564 excitaretur
1281 1529 1468 1564 criminosis
1490 1527 1660 1564 remissio-

196 1577 250 1610 nis
274 1576 518 1620 assequendae.
565 1577 665 1618 longe
688 1575 786 1609 aliter
809 1577 1013 1610 Athanasius
1035 1576 1106 1614 hic,
1137 1581 1173 1610 et
1203 1587 1287 1621 quos
1319 1576 1385 1609 sibi
1407 1587 1519 1609 secum
1539 1575 1663 1609 similes

197 1622 328 1662 habuit„
355 1621 546 1665 sapiebant.
593 1632 734 1665 quorum
758 1622 842 1655 haec
865 1620 1132 1655 erathorribilis
1156 1622 1265 1656 oratio
1300 1621 1480 1656 “districte
1511 1620 1664 1665 plectun-

196 1673 254 1701 tor
278 1667 479 1713 quicumque
506 1672 659 1709 peccant.
706 1667 758 1700 his
789 1668 963 1711 indulgere
994 1668 1165 1712 quidpiam
1194 1668 1223 1701 si
1254 1666 1311 1712 qui
1344 1668 1434 1700 forte
1464 1666 1663 1700 miserantes

198 1713 376 1750 voluerint,
399 1712 514 1746 statim
536 1711 842 1747 immisericorditer
863 1714 1072 1747 damnantor.
1119 1714 1255 1758 utrique
1276 1719 1357 1746 tunc
1384 1717 1514 1746 tantum
1535 1712 1578 1745 ad
1602 1722 1664 1756 pa-

200 1771 272 1793 cem
295 1759 534 1798 admittuntor‚
567 1758 702 1803 quando
734 1759 924 1804 explevisse
947 1759 1153 1803 piaculorum
1177 1757 1461 1804 praescriptorum
1491 1767 1663 1791 numerum

199 1810 237 1839 et
259 1805 452 1839 exhausisse
474 1814 582 1848 usque
605 1804 648 1837 ad
673 1805 786 1838 faeces
808 1815 957 1838 amarum
981 1805 1117 1838 calicem
1139 1803 1214 1838 istis
1239 1804 1323 1849 ipsis
1346 1804 1414 1838 iam
1436 1803 1536 1849 plene
1557 1802 1664 1838 satia·-

199 1850 247 1885 tis
269 1851 474 1884 videbuntur
496 1849 695 1884 immanibus
720 1851 880 1892 arbitris,
916 1850 973 1895 qui
1001 1862 1060 1884 eos
1094 1850 1212 1895 poenis
1244 1850 1452 1884 subiecerint
1482 1848 1663 1884 acerbissi-

201 1896 298 1931 mis.''
344 1897 396 1930 his
427 1907 490 1941 ego
523 1900 563 1930 ut
593 1895 692 1940 plane
722 1897 891 1930 contrarie
918 1896 981 1929 sim
1013 1896 1182 1938 affectus,
1214 1896 1402 1940 profitebor
1433 1895 1488 1930 hic
1509 1895 1663 1941 equidem

201 1942 435 1987 (laudabiliter
457 1953 499 1976 an
522 1952 640 1985 secus,
673 1941 819 1976 cuiusvis
843 1948 917 1976 esto
938 1941 1137 1985 iudicium),
1169 1941 1334 1975 eiusmodi
1356 1941 1447 1984 vitii,
1479 1941 1510 1975 si
1544 1940 1663 1975 vitium

200 1995 268 2031 est,
290 1989 567 2033 qualemcumque
587 1987 764 2030 iuvidiam,
790 1988 907 2022 eadem
927 1998 995 2033 qua
1018 1987 1122 2021 fateri
1144 1998 1210 2021 non
1232 1987 1401 2030 dubitavi,
1422 1987 1536 2021 subire
1557 1985 1666 2021 audae-

202 2034 255 2068 cia
278 2039 429 2079 paratus.
475 2033 606 2068 cunctis
637 2033 672 2068 in
697 2034 868 2068 Christum
900 2034 1114 2067 credentibus
1145 2033 1291 2067 divinam
1321 2038 1442 2079 patere
1469 2032 1664 2078 benignita-

202 2085 270 2114 tem
306 2079 449 2114 confido.
495 2080 635 2121 nullius,
670 2091 767 2125 quem
800 2091 884 2114 vere
912 2080 1075 2114 scelerum
1108 2079 1297 2124 poeniteat,
1330 2080 1472 2114 salutem
1505 2079 1663 2124 despero.

201 2125 283 2160 mibi
313 2131 425 2159 metuo
454 2126 512 2159 uni
544 2137 587 2159 ne
621 2125 869 2160 misericordiae
910 2126 1022 2170 gratia
1050 2125 1220 2159 excludar.
1267 2137 1310 2159 ne
1339 2125 1491 2159 omnibus
1522 2128 1666 2178 apertus

202 2170 283 2206 mihi
304 2170 365 2204 soli
392 2176 564 2205 coartetur
587 2172 683 2216 pacis
706 2172 834 2213 aditus,
866 2172 1010 2214 horreo,
1031 2172 1231 2206 contrahens
1253 2171 1396 2205 animum
1416 2170 1460 2205 ad
1485 2169 1589 2204 divini
1610 2169 1664 2202 iu·—

202 2216 283 2251 dicii
302 2216 487 2250 terribilem
516 2218 622 2251 aleam
635 2242 645 2261 ,
680 2229 723 2252 ne
743 2218 779 2251 in
801 2218 1055 2252 irrevocabilem
1078 2217 1142 2252 mei
1164 2217 1410 2251 damnationem
1430 2216 1542 2257 iuste,
1562 2213 1666 2260 quid-

203 2263 284 2308 quid
308 2273 432 2306 egero,
464 2263 672 2297 inferendam
694 2265 827 2299 funeste
857 2263 1002 2298 desinat.
1047 2264 1127 2298 huic
1157 2266 1269 2297 tamen
1292 2262 1402 2296 aestui
1426 2264 1666 2294 consternatae

205 2313 298 2342 metu
320 2307 439 2342 mentis
463 2309 608 2353 aliquam
632 2321 653 2342 a
675 2320 737 2354 spe
758 2310 891 2344 divinae
914 2309 1163 2344 misericordiae
1187 2306 1503 2342 consolatiunculam
1524 2305 1664 2340 instillo.

205 2364 283 2388 nam
306 2353 395 2399 quod
418 2364 492 2387 esse
515 2365 586 2387 rem
611 2354 738 2388 Christi
764 2367 817 2389 me
841 2356 931 2396 scio,
966 2357 1009 2390 ab
1033 2355 1150 2389 eodem
1171 2355 1244 2399 ipso
1269 2353 1379 2398 puniri
1400 2363 1454 2385 me
1475 2351 1520 2385 ad
1543 2350 1666 2385 veniae

205 2399 378 2445 pertinere
398 2399 557 2432 viciniam
579 2406 736 2442 autum03
760 2406 796 2435 et
809 2413 904 2435 omen
918 2402 1064 2435 indidem
1085 2401 1184 2434 traho
1196 2396 1499 2444 appropinquantis
1519 2396 1666 2441 gratiae,

205 2445 295 2479 unde
311 2455 442 2490 poenae
456 2456 617 2490 praesens
635 2446 804 2480 acerbitas
816 2446 955 2491 ingruit.
987 2447 1069 2481 talia
1090 2445 1169 2480 mihi
1184 2456 1247 2488 ego
1265 2443 1342 2488 ipsi,
1355 2442 1408 2476 cui
1421 2443 1528 2476 minus
1546 2443 1665 2476 favere

203 2490 382 2524 iudicando
403 2502 502 2535 quarn
530 2491 606 2524 aliis
635 2491 745 2532 soleo,
775 2503 848 2525 cum
877 2497 990 2526 tamen
1014 2491 1104 2526 votis
1123 2491 1156 2523 iu
1180 2501 1271 2533 spem
1290 2488 1474 2522 audacibus
1496 2497 1665 2532 augurer,

202 2536 306 2570 multo
322 2536 451 2570 scilicet
466 2537 570 2580 magis
591 2537 678 2570 bene
696 2537 859 2581 opinabor
883 2538 926 2570 de
949 2541 1039 2571 statu
1069 2548 1110 2570 ac
1123 2534 1314 2568 conditione
1333 2537 1567 2575 caeterorum3
1600 2543 1666 2567 nec

202 2582 329 2627 putabo
352 2581 396 2616 de
423 2593 590 2627 quoquam
613 2582 857 2626 desperandum
880 2581 1163 2627 quantorumlibet
1184 2580 1465 2614 atrocissimorum
1491 2589 1564 2613 com

202 2627 400 2669 facinorum,
423 2628 506 2672 quin
529 2628 559 2661 ei
583 2627 626 2661 ad
648 2628 788 2661 salutem
804 2631 922 2672 pateat
934 2628 1075 2667 reditus,
1098 2627 1196 2660 modo
1209 2626 1241 2660 ei
1258 2637 1321 2659 nec
1345 2625 1444 2659 ducis
1466 2625 1510 2658 ad
1533 2628 1665 2658 rectum

202 2673 270 2708 iter
287 2673 398 2708 fidelis
415 2674 473 2728 pia
497 2673 584 2708 desit
606 2685 722 2718 opera,
746 2685 808 2707 nec
822 2673 957 2707 intimus
973 2673 1143 2717 flagitiose
1166 2675 1439 2716 perpetratorum
1455 2671 1500 2704 ab
1518 2669 1668 2704 eiusdem

205 2719 293 2754 serio
326 2719 532 2764 poenitentis
562 2719 672 2753 animo
704 2719 799 2754 dolor
830 2719 931 2755 absit.
979 2721 1108 2754 tantum
1142 2723 1216 2752 esto
1246 2718 1409 2751 hactenus
1441 2716 1622 2750 dissertum
1644 2725 1667 2750 a
1708 2732 1711 2737 ·

203 2765 416 2810 praelibante
438 2765 504 2799 iam
526 2765 604 2799 binc
618 2765 809 2799 memoriam
831 2769 1021 2799 secutarum
1043 2767 1164 2810 postea
1187 2774 1228 2797 ex
1246 2763 1320 2797 fero
1343 2763 1536 2808 acerbeque
1557 2761 1667 2795 Atha-

204 2811 294 2846 nasii
305 2811 420 2857 rigore
437 2811 678 2854 turbationum,
697 2822 786 2857 quae
803 2811 859 2846 dei
876 2811 1053 2846 ecclesiam
1064 2813 1316 2845 concusserunt.
1349 2809 1412 2843 sed
1423 2808 1570 2845 noudum
1585 2805 1665 2841 isne
