1820 3112
214 161 279 208 40
631 157 868 205 GEORGII
900 156 1256 202 PACHYMERIS

217 274 274 325 ὥς
299 273 427 330 μηδὲν
453 270 719 329 ἐπιφέρεσθαι
738 275 822 315 τῶν
846 268 1064 327 ἐσύστερον
1082 270 1188 325 μετὰ
1206 269 1278 312 τὸν
1299 265 1557 327 πατριάρχην
1573 285 1685 326 πρα-

214 343 400 398 χθέντων
425 340 627 396 Ἀρσένιον
658 339 779 395 ι’ίγος,
819 338 875 390 ὦς
904 339 1034 398 ᾤοντο
1047 371 1061 392 ,
1098 337 1119 381 ὃ
1148 343 1231 382 τῶν
1254 336 1380 394 ἁγίων
1401 336 1566 381 πάντων
1585 337 1687 386 ναὸς

218 413 399 462 ἐδίδοτο,
437 405 479 452 εὖ
508 410 582 463 μὲν
615 408 816 464 μεγέθους
843 410 910 451 καὶ
937 406 1114 457 κάλλους
1133 406 1235 461 ἔχων
1252 405 1340 461 ἅμα
1359 406 1436 461 μὲν
1455 407 1511 455 εἷς
1528 403 1685 448 {sundo-

98 493 128 527 P
151 493 198 528 23
217 480 296 535 χὴν
316 483 399 521 τῶν
421 476 726 534 ἀφικνουμένων
745 475 833 532 ἅμα
855 477 901 520 δὲ
920 478 988 519 καὶ
1006 477 1061 526 εἷς
1082 475 1130 519 οὐ
1152 476 1321 530 μετρίαν
1339 473 1593 529 παραψυχὴν
1617 473 1687 516 καὶ

217 549 388 604 τέρψιν,
426 546 470 589 ἐκ
502 549 680 588 παλαιοῦ
715 547 760 588 δὲ
791 545 1088 600 κεκλεισμένος,
1127 542 1182 593 ὡς
1204 543 1311 599 μηδὲ
1333 541 1512 592 πολλοὺς
1529 544 1721 597 μεμνῆ-ὄ

219 621 325 660 σθαι
344 614 394 669 ἤν
413 615 458 657 τί
477 632 555 657 που
577 615 644 656 καὶ
668 613 862 668 ἐτελέσθη
884 615 926 656 ἐν
949 610 1113 662 τούτοις
1131 616 1214 655 τῶν
1235 612 1354 669 ἱερῶν
1374 613 1560 655 τελετῶν.
1631 607 1690 659 ὥς

219 688 318 741 γοῦν
348 685 471 726 ἐκεῖσε
499 681 774 737 συναχθέντες
792 679 867 724 ὑπ’
893 681 1067 738 ὄπτῆρσι
1091 686 1272 733 πιστοῖς,
1307 677 1364 730 ὥς
1381 679 1440 734 μὴ
1458 673 1606 722 λαθών
1625 694 1691 727 τις

221 753 338 796 εἰσίοι
366 755 450 795 τῶν
481 751 620 808 σφίσιν
647 747 956 805 ἀκοινωνήτων,
992 749 1069 799 τὰς
1089 746 1274 800 συνάξεις
1293 748 1480 800 ἐτέλουν,
1515 747 1586 790 καὶ
1612 762 1697 789 συ-·

221 819 361 875 χνὰκις
389 820 557 874 πέμπων
575 817 597 862 ὅ
621 819 814 871 βασιλεὺς
836 823 910 862 τοῦ
929 818 980 862 τὰ
1003 817 1097 861 κατ’
1122 816 1276 866 αὐτοὺς
1295 815 1337 860 ἔν
1354 816 1544 874 φροντίσι
1562 811 1692 871 μεγά-

223 894 315 936 λαις
345 888 446 942 ἔχειν
475 894 637 944 παρεῖχε
666 885 859 943 δόκησιν,
898 886 1018 930 αὐτοὶ
1039 886 1103 929 ἐπὶ
1126 885 1248 928 πλέον
1268 883 1562 941 θαρσήσαντες
1587 882 1692 940 πρὸς
1704 892 1748 928 10

223 957 276 1000 τὰ
308 957 348 999 ἐν
378 953 618 1010 Χαλκηδόνι
648 953 775 998 πάλαι
802 955 1068 1006 τελεσθέντα,
1106 952 1161 1004 ὥς
1184 952 1207 997 ὃ
1228 951 1349 1010 λόγος
1376 953 1503 1008 αἱρεῖ,
1541 953 1605 994 ἐπὶ
1632 954 1693 1009 τῷ

175 1036 207 1071 Β
232 1029 305 1079 τῆς
323 1024 651 1080 καλλιπαρθένου
670 1026 737 1067 καὶ
754 1021 966 1080 μάρτυρος
983 1023 1205 1080 Εὗφημίας
1225 1020 1386 1076 σώματι
1403 1018 1600 1077 ἀνάγουσι
1619 1019 1694 1075 τὴν

229 1091 484 1147 ἐνθύμησιν,
523 1093 594 1135 καί
621 1109 663 1148 γε
695 1094 764 1134 καὶ
794 1092 912 1135 αὐτοὶ
937 1090 1019 1135 ὑπὸ
1048 1089 1209 1145 σώματι
1238 1089 1338 1149 ἁγίῳ
1366 1088 1494 1132 πάλαι
1519 1104 1695 1132 κατατε-

227 1166 414 1210 θνεῶτος
435 1165 562 1220 νεκρῷ
585 1161 637 1204 τὰ
660 1160 757 1203 καθ’
770 1160 920 1210 αὐτοὺς
941 1158 998 1210 ὥς
1017 1159 1227 1215 ἀρεσκείας
1248 1157 1452 1214 ἐξημμένα
1474 1159 1594 1207 θείας
1611 1158 1696 1199 δει-

229 1227 361 1272 κνύειν
377 1228 530 1284 ἤθελον
541 1262 554 1282 ,
585 1231 653 1272 καὶ
672 1227 760 1284 ἅμα
781 1233 840 1288 τῷ
861 1231 1011 1282 δεῖξαι,
1043 1226 1097 1277 ὥς
1115 1226 1304 1282 ἤλπιζον,
1341 1227 1459 1284 σφίσι
1477 1231 1695 1283 προσσχεῖν
1706 1231 1751 1267 15

229 1297 369 1353 ἠξίουν
392 1297 490 1347 τοὺς
511 1298 662 1347 ἄλλους
679 1299 747 1340 καὶ
768 1299 1012 1350 πείθεσθαι,
1050 1295 1124 1339 κᾶν
1145 1294 1168 1339 ὅ
1187 1313 1227 1338 τι
1244 1295 1392 1351 λέγοιέν
1412 1311 1456 1338 τε
1476 1295 1545 1337 καὶ
1562 1290 1698 1351 uenit·-

229 1382 348 1409 τοιεν.
420 1367 608 1409 πείθεται
633 1364 795 1416 τούτοις
815 1363 836 1410 ὅ
859 1362 1077 1420 βασιλεύς,
1113 1365 1180 1408 καὶ
1201 1367 1323 1419 σῶμα
1343 1363 1419 1418 μὲν
1438 1363 1485 1406 τὰ
1505 1366 1579 1406 τοῦ
1601 1363 1699 1406 Δα-

230 1439 445 1490 μασκηνοῦ
471 1436 539 1477 καὶ
569 1436 689 1478 θείου
716 1433 874 1491 πατρὸς
898 1431 1090 1477 Ἰωάννου
1118 1432 1261 1483 αὐτοῖς
1287 1429 1481 1488 αἰτήσασι
1511 1431 1695 1484 δίδωσιν,

231 1568 395 1609 guar-etur
419 1564 516 1599 modo
540 1564 606 1599 sibi
629 1565 809 1610 templum,
841 1565 871 1600 si
894 1566 986 1612 quod
1008 1567 1116 1609 esset,
1140 1564 1199 1599 ubi
1222 1567 1300 1610 post
1322 1564 1498 1609 expulsum
1520 1560 1699 1596 Arseninm

232 1622 329 1644 nemo
353 1610 475 1644 suisset
497 1615 659 1655 operatus
680 1611 812 1645 sacris:
834 1611 870 1645 iu
893 1624 933 1646 eo
956 1623 1033 1646 sese
1056 1610 1228 1646 confidere
1249 1610 1513 1656 impetraturos,
1536 1619 1576 1641 re
1598 1618 1700 1641 sacra

232 1656 394 1690 canonice
424 1657 648 1702 religioseque
681 1657 899 1702 peragenda,
930 1663 971 1692 ut
999 1657 1083 1691 deus
1107 1657 1285 1691 manifesto
1308 1655 1471 1690 miraculo
1492 1655 1701 1688 monstraret

232 1701 370 1736 Arsenii
397 1703 612 1736 sanctitatem
645 1713 795 1747 suaeque
826 1703 974 1747 ipsorum
1006 1701 1229 1737 innocentiam
1259 1706 1374 1736 sectae
1395 1698 1701 1743 rectitudinemque

234 1751 397 1784 actorum.
443 1748 622 1782 inclinatus
645 1748 855 1783 Andronicus
885 1749 929 1783 ad
949 1759 1076 1783 morem
1097 1748 1138 1783 iis
1157 1747 1340 1792 gerendum
1371 1745 1535 1791 templum
1563 1749 1701 1779 saucto-

235 1805 309 1827 rum
332 1792 478 1827 omnium
501 1793 681 1835 attribuit,
716 1795 802 1828 satis
826 1805 935 1839 capax
957 1805 1102 1839 magnae
1131 1792 1354 1828 multitudiuis
1374 1790 1622 1835 magnificeque
1643 1800 1701 1824 or-

235 1844 364 1880 natum,
389 1843 429 1872 ut
450 1838 487 1873 in
508 1839 543 1872 id
567 1839 625 1885 qui
647 1839 866 1874 convenirent
888 1851 964 1874 cum
984 1839 1129 1874 iucundo
1151 1850 1254 1874 seusu
1276 1838 1377 1872 animi
1401 1835 1701 1880 consolationeque

235 1896 302 1918 non
336 1885 466 1919 modica
498 1885 583 1919 dare
616 1896 755 1931 operam
786 1885 943 1930 religioni
975 1889 1134 1931 possent,
1167 1889 1206 1920 at
1232 1884 1322 1919 idem
1352 1882 1468 1930 (quod
1498 1881 1702 1927 praesertim

237 1930 495 1975 quaerebatur)
527 1943 570 1965 ex
593 1934 661 1965 tam
683 1931 783 1976 longo
805 1942 934 1966 vacans
957 1937 993 1966 et
1015 1931 1165 1966 clausum
1187 1934 1361 1976 tempore,
1393 1933 1434 1964 ut
1455 1926 1556 1974 pauci
1581 1927 1702 1961 viven-

235 1976 321 2009 tium
354 1977 613 2010 recordarentur
646 1977 747 2011 ullam
776 1978 810 2012 in
843 1989 884 2011 eo
915 1977 1117 2012 functionem
1149 1988 1281 2011 sacram
1311 1974 1462 2010 exerceri
1493 1985 1534 2008 se
1563 1972 1702 2008 vidisse.

237 2021 284 2054 ibi
310 2034 391 2066 ergo
416 2033 491 2055 cum
514 2034 593 2056 suos
616 2023 795 2058 Arseniani
818 2028 1025 2065 conventus,
1054 2023 1136 2057 fidis
1158 2023 1203 2057 ad
1225 2022 1342 2057 valvas
1373 2019 1572 2055 custodibus
1594 2029 1704 2065 appo-

239 2067 334 2108 sitis,
363 2078 405 2100 ne
429 2069 502 2111 quis
523 2069 694 2114 irreperet
715 2080 832 2104 eorum
857 2080 932 2104 cum
954 2068 1075 2114 quibus
1098 2067 1344 2103 communicare
1365 2067 1464 2102 nefas
1486 2065 1704 2100 arbitraban-

238 2116 316 2152 tur,
351 2113 543 2157 coepissent
574 2126 740 2149 concursu
762 2115 892 2158 ingenti
914 2115 1112 2156 celebrare,
1145 2114 1334 2148 affectabat
1352 2113 1396 2148 iis
1415 2110 1630 2146 demetendis
1649 2110 1705 2144 in·

239 2162 354 2191 tentus
376 2157 562 2202 imperator
584 2167 695 2195 certos
718 2173 739 2195 e
761 2162 832 2195 suis
857 2160 936 2195 illuc
959 2161 1158 2206 frequenter
1188 2160 1345 2201 mittere,
1374 2157 1436 2205 qui
1457 2162 1596 2203 praesto
1617 2155 1704 2200 ipsi!

242 2209 358 2236 essent
390 2209 427 2236 et
456 2205 670 2240 securitatem
703 2218 804 2252 quam
827 2210 986 2251 optarent
1008 2206 1183 2240 maximam
1205 2208 1444 2251 praestarent,
1476 2215 1520 2238 ac
1539 2201 1606 2236 sibi
1628 2211 1706 2235 esse

242 2260 345 2301 curae
368 2260 423 2283 res
446 2249 594 2294 ipsorum
618 2252 717 2286 fldem
741 2253 895 2287 facerent
917 2252 1148 2288 certissimam,
1194 2251 1275 2285 inde
1296 2251 1347 2286 illi
1369 2249 1464 2285 aucti
1486 2247 1606 2284 animis
1629 2245 1708 2292 pol-

240 2294 337 2342 liceri
370 2295 441 2328 ausi
472 2300 551 2329 sunt
580 2307 618 2330 se
650 2297 811 2332 miraculo
843 2299 915 2332 eius
946 2298 1048 2333 simili
1071 2298 1161 2344 quod
1183 2297 1263 2332 olim
1285 2296 1377 2342 apud
1400 2294 1647 2329 chalcedonem
1668 2292 1723 2326 in-

241 2351 385 2384 corpore
407 2347 548 2374 sanctae
570 2342 713 2386 virginis
737 2348 773 2376 et
793 2344 952 2388 martyris
978 2344 1184 2389 Euphemiae
1206 2347 1377 2378 ostensum
1398 2340 1507 2376 fuisse
1526 2340 1618 2374 fama
1632 2338 1708 2372 fer-

242 2391 314 2426 ret,
345 2386 522 2419 veritatem
552 2399 633 2421 suae
663 2388 837 2423 doctrinae
864 2389 1096 2435 iustitiamque
1127 2392 1245 2424 sectae
1278 2389 1494 2435 probaturos.
1540 2383 1706 2430 petebant

242 2431 348 2474 igitur
381 2430 458 2465 dari
490 2432 552 2466 sibi
585 2444 708 2478 corpus
739 2434 873 2479 aliquod
900 2436 1009 2469 sancti
1031 2436 1155 2470 dudum
1178 2435 1324 2479 mortui,
1357 2438 1451 2468 certo
1474 2430 1647 2466 confidere
1666 2439 1707 2464 se

241 2477 373 2510 aientes
397 2477 701 2512 demonstraturum
726 2491 788 2524 per
809 2480 892 2513 illud
918 2481 1037 2525 deum,
1062 2481 1225 2526 quidquid
1246 2480 1315 2526 ipsi
1337 2479 1510 2524 egissent,
1532 2488 1571 2512 se
1587 2476 1708 2510 hacte-

244 2533 306 2555 nus
339 2522 474 2556 volente
506 2535 554 2557 ac»
577 2524 715 2558 iubente
746 2526 894 2567 factum3
929 2537 995 2571 quo
1027 2526 1103 2562 viso
1134 2526 1257 2561 deinde
1278 2537 1343 2571 par
1366 2527 1458 2560 esset
1491 2521 1707 2557 adversarios

245 2568 392 2620 insutum
416 2568 550 2603 divinae
572 2570 768 2605 auctoritati
793 2571 935 2613 cedere,
959 2583 1023 2606 nec
1045 2571 1109 2606 iam
1134 2572 1295 2617 amplius,
1318 2571 1408 2606 sicut
1429 2569 1474 2604 ad
1495 2569 1583 2603 hanc
1598 2576 1707 2612 usque

246 2613 334 2646 diem
359 2615 531 2656 fecerant,
560 2615 602 2648 de
626 2616 820 2650 innocentia
842 2617 992 2662 ipsorum
1013 2617 1264 2662 sanctitateque
1285 2617 1454 2651 dubitare.
1500 2611 1647 2648 assensit
1669 2614 1707 2645 et

245 2659 296 2692 his
314 2660 498 2703 Augustus,
519 2662 698 2706 sanctique
719 2666 755 2695 et
777 2661 882 2695 divini
905 2662 1013 2707 patris
1036 2663 1171 2697 Ioannis
1195 2663 1394 2698 Damasceni
1417 2670 1553 2696 sacrum
1574 2658 1619 2693 ad
1641 2657 1706 2691 hoc

245 2705 483 2748 experiendum
507 2718 629 2751 corpus
653 2707 694 2740 iis
719 2707 874 2741 tradidit.
920 2708 1001 2751 quia
1023 2720 1104 2743 vero
1123 2709 1302 2743 Arseniani
1321 2708 1494 2743 iactabant
1514 2715 1554 2739 se
1575 2702 1707 2749 scripta

245 2751 486 2792 professionem
518 2763 600 2786 suae
631 2753 780 2797 ipsorum
812 2752 895 2786 fidei
928 2753 1118 2798 iuriumque
1140 2755 1360 2789 assertionem
1383 2748 1641 2796 complectentia
1663 2747 1707 2782 ad

243 2796 350 2830 sancti
373 2798 526 2842 corporis
547 2798 651 2842 pedes
673 2798 865 2844 posituros,
895 2799 1104 2844 postmodum
1127 2811 1209 2835 vero
1231 2800 1350 2836 eadem
1372 2798 1501 2844 scripta
1523 2807 1544 2832 e
1566 2794 1709 2842 pedibu}
