1820 3112
198 163 298 210 206
485 209 491 217 ,
618 160 855 206 GEORGII
888 160 1243 206 PAGHYMERIS

196 274 346 329 νόσου,
383 274 655 332 προσίσχουσί
682 291 727 318 τε
752 278 805 334 τῇ
830 271 982 334 Ῥόδῳ,
1013 276 1082 317 καὶ
1110 272 1190 318 ὅσα
1208 270 1260 331 ἦν
1279 271 1407 331 νόμος
1429 276 1664 330 τελέσαντες

198 345 266 389 ἔπ’
290 343 396 400 αὐτῇ
418 342 522 386 κατὰ
543 340 769 399 συνήθειαν
789 341 1023 403 ὄρθοδόξου
1043 343 1240 397 πίστεως,
1265 343 1381 395 τέλος
1411 347 1664 402 ἐξομοσαμέ-

195 432 270 470 νην
287 412 482 456 τάκείνων
500 413 664 469 χρίουσι
682 410 802 473 μύρῳ
824 415 891 456 καὶ
913 410 1133 469 ἇγιάζουσι.
1199 411 1425 458 κάντεῦθεν
1444 419 1520 471 τῆς
1538 413 1663 460 νόσου

149 492 179 526 C
203 479 404 541 ῥαῒσάσης
430 479 663 538 ἀπάραντες
675 479 820 525 Ῥόδου
849 486 902 540 τῇ
923 481 1242 525 Κωνσταντίνου
1262 483 1544 539 προσίσχουσι.
1596 486 1665 527 καὶ
1681 475 1689 479 “

196 550 311 608 παρὰ
339 550 389 593 τὸ
419 554 495 593 τοῦ
524 550 716 607 Κέρατος
741 551 858 601 τέλος
884 551 989 608 πρὸς
1018 555 1076 610 τῷ
1108 551 1326 610 Κοσμιδίῳ
1355 549 1697 610 προσσχόντων,5

198 619 318 664 οὐδὲν
337 615 388 673 ἦν
406 621 463 669 εἷς
483 620 720 676 φιλοτιμίαν
741 618 840 677 ὅπερ
869 620 944 663 οὐκ
966 619 1162 677 ἔπραττεν
1193 617 1215 662 ὃ
1234 625 1397 677 κρατῶν
1426 621 1484 671 εἱς
1500 621 1576 677 τὴν
1593 625 1668 677 τῆς

196 689 414 743 δεσποίνης
440 685 682 744 ὑπάντησιν.
755 690 824 731 καὶ
847 689 963 739 τέλος
989 687 1069 732 ὖπό
1100 693 1270 748 λαμπρᾷ
1298 691 1366 732 καὶ
1382 694 1599 733 πολυτελεῖ
1614 693 1666 747 τῇ

197 760 344 814 πομπῇ
374 758 659 813 εἷσαχθείσης,
708 761 908 815 λαμπρῶς
936 759 1003 801 καὶ
1031 762 1265 815 περιφανῶς
1301 759 1367 801 ἐπὶ
1397 762 1450 816 τῇ
1486 758 1668 819 προτέρᾳ

147 834 180 869 Ι)
202 827 355 886 Μαρίᾳ
377 827 444 868 καὶ
462 825 561 875 τούς
578 823 736 882 γάμους
757 825 980 884 ηὗτρέπιζε.
1051 827 1139 885 (6)
1174 828 1242 869 καὶ
1270 825 1349 870 εἶδε
1377 827 1454 883 τὴν
1473 827 1668 885 λαμπρὰν

200 896 353 950 ἐκείνην
373 895 442 937 καὶ
466 895 674 948 βασίλειον
692 895 856 950 τελετὴν
875 893 1008 951 ἡμέρα
1032 892 1294 952 ἑξκαιδεκάτῃ
1309 894 1668 951 Ἑκατομβαιῶνος
1680 905 1724 940 10

198 961 341 1020 μηνός.
413 961 487 1018 τὴν
507 963 556 1006 δέ
573 980 616 1020 γε
635 962 812 1021 ὑστέραν
837 962 1041 1022 Θεοφανώ
1054 997 1067 1018 ,
1106 966 1173 1007 καὶ
1196 964 1326 1020 αὐτὴν
1345 969 1405 1024 τῷ
1423 966 1528 1024 θείῳ
1547 963 1668 1024 μύρῳ

196 1036 443 1090 χρισθεΐσαν
466 1033 537 1074 καί
555 1049 598 1088 γε
620 1037 867 1088 τιμηθεΐσαν
893 1038 953 1092 τῷ
973 1037 1049 1088 τῆς
1075 1030 1248 1088 μάμμης
1266 1037 1341 1076 τοῦ
1358 1034 1450 1077 νέου
1466 1034 1670 1086 βασιλέως

201 1103 269 1145 καὶ
289 1101 502 1156 δεσποίνης
523 1099 695 1156 ὀνόματι
714 1099 936 1160 (Θεοδώρα
963 1102 1042 1158 γὰρ
1070 1103 1114 1144 ἐκ
1136 1104 1378 1158 Θεοφανοῦς
1398 1100 1666 1158 μετεκλήθη),

198 1169 303 1225 μετὰ
325 1170 467 1227 καιρὸν
488 1174 548 1230 τῷ
570 1173 645 1213 τοῦ
663 1171 830 1213 δυτικοῦ
850 1169 1232 1228 σεβαστοκράτορος
1246 1167 1437 1214 Ἰωάννου
1460 1173 1576 1214 παιδὶ
1599 1187 1669 1214 σε-

60 1242 90 1277 Ρ
115 1244 176 1281 141
200 1236 508 1296 βαστοκράτορι
534 1241 602 1282 καὶ
630 1237 743 1298 αὐτῷ
771 1238 857 1282 ὅντι
880 1240 966 1299 (καὶ
993 1238 1015 1283 ὅ
1038 1239 1216 1297 ἀδελφὸς
1229 1239 1308 1296 γὰρ
1330 1238 1463 1290 οὕτως
1483 1240 1526 1290 ἐξ
1543 1237 1668 1291 ἀξιώ-
1680 1249 1725 1286 15

197 1326 332 1364 ματος
349 1309 563 1366 ἐφημίζετο
577 1340 590 1361 ,
626 1312 701 1351 τοῦ
721 1307 898 1364 Μιχαὴλ
923 1308 1030 1352 κατὰ
1058 1306 1176 1351 πόλιν
1204 1307 1541 1365 ἐγκεκλεισμένου)
1562 1307 1670 1352 ἕτοι-

196 1375 372 1432 μάζουσι
396 1378 472 1432 μὲν
502 1376 672 1431 πέμπειν
702 1374 757 1426 ὥς
787 1375 978 1435 νύμφην,
1022 1379 1090 1420 καὶ
1118 1375 1200 1420 ὖπό
1236 1384 1400 1427 πισταΐς
1437 1375 1671 1434 ὁμολογίαις

197 1446 304 1500 μετὰ
332 1445 500 1502 προικὸς
525 1442 839 1489 πολυταλάντου
870 1446 1036 1490 οἴκοθεν
1067 1445 1282 1501 ἴπεμπον·’
1315 1445 1416 1489 ἀλλ’
1452 1447 1494 1489 ἔν
1516 1450 1576 1507 τῷ
1594 1452 1690 1502 με-’

200 1515 305 1567 ταξὺ
328 1512 629 1569 τελευτήσασαν
653 1512 678 1568 ἦ
702 1516 982 1570 Θεσσαλονίκη
1003 1514 1172 1569 δέχεται.

147 1586 179 1619 Β
340 1583 385 1629 7.
433 1582 649 1626 Ἐντεῦθεν
665 1584 731 1625 καὶ
748 1578 874 1634 αὖθις
894 1587 978 1627 τῶν
994 1583 1261 1640 Ἀρσενιατῶν
1282 1582 1525 1639 ἀπεπειρᾶτο
1543 1580 1566 1626 ὅ
1586 1587 1725 1638 „ea-20

201 1748 607 1829 ’.ῗιῗῗὲὲξᾶἳχέἒξᾱξὲῗῗ
608 1750 623 1783 t
635 1760 710 1828 ἐἴ
723 1747 1672 1840 0232‘2‘322'221ffidsssmzssfflffluffiffiffi?

203 1840 279 1882 nis,
309 1840 483 1886 religionis
515 1839 618 1875 etiam
649 1840 822 1875 elementis
854 1852 896 1875 ac
929 1841 1038 1875 sacris
1066 1840 1164 1875 iuxta
1196 1851 1321 1874 more·
1356 1839 1566 1874 orthodoxae
1587 1838 1671 1874 fidei

203 1886 377 1931 mysteriis
396 1886 585 1929 initiatam,
613 1885 744 1922 eiurato
766 1887 837 1921 ritu
859 1886 990 1932 patrio,
1019 1890 1152 1931 ungunt
1173 1886 1355 1921 chrismate
1377 1898 1418 1921 ao
1439 1885 1670 1921 sanctificant.

204 1938 275 1967 tum
297 1933 415 1968 morbo
437 1933 507 1968 iam
527 1933 670 1968 liberam
691 1937 729 1968 et
749 1932 893 1978 pristino
915 1933 1083 1968 redditam
1105 1932 1217 1977 vigori
1237 1933 1360 1967 Rhodo
1382 1932 1552 1967 solventes
1575 1931 1671 1966 Con·-

203 1979 457 2024 stantinopolim
486 1979 686 2026 perducunt.
732 1979 791 2013 ubi
821 1982 1091 2025 praetervectam
1120 1979 1216 2013 littus
1237 1979 1329 2024 quod
1352 1978 1461 2013 Ceras
1483 1982 1544 2013 aut
1565 1989 1672 2012 oornu

204 2025 306 2069 vulgo
341 2025 477 2069 dicunt,
515 2028 551 2059 et
584 2026 630 2060 ad
659 2025 863 2060 Cosmidium
892 2025 1119 2072 appellantem
1151 2036 1192 2059 ea
1220 2024 1476 2070 magnificentia
1507 2034 1670 2059 oocursus

205 2070 454 2117 splendoreque
484 2077 672 2117 apparatus
707 2072 842 2117 excepit
870 2072 1076 2117 imperator,
1109 2073 1256 2117 quantus
1286 2071 1449 2106 maximus
1477 2074 1596 2116 posset
1627 2081 1670 2105 ao

205 2117 471 2162 speciosissimus
492 2118 547 2152 vel
570 2118 725 2153 dominae
752 2118 820 2153 iam
846 2121 883 2152 et
903 2120 1078 2163 Augustae
1099 2117 1262 2153 exhiberi.
1307 2117 1358 2152 sic
1377 2117 1485 2163 primo
1505 2125 1670 2151 exscensu

205 2163 389 2197 salutatam
423 2163 657 2210 invectamque
689 2165 726 2199 in
758 2165 876 2199 urbem
905 2165 1067 2199 comitatu
1087 2163 1326 2210 superbissim0
1348 2163 1488 2198 eandem
1509 2161 1672 2197 maiorem

204 2212 289 2242 natu
312 2209 451 2243 duarum
474 2210 662 2254 virginum,
693 2210 748 2245 oui
769 2222 890 2245 nomen
911 2211 1046 2245 Mariae
1076 2211 1163 2254 fuit,
1194 2210 1239 2246 ad
1268 2209 1420 2255 proxime
1449 2207 1671 2242 celebrandas

204 2265 281 2289 cum
303 2254 376 2288 filio
390 2255 524 2299 nuptias
546 2256 697 2301 impense
712 2268 920 2303 praeparare
938 2257 1075 2292 institit.
1122 2258 1182 2302 (6)
1203 2255 1289 2292 vidit
1311 2256 1411 2290 istam
1424 2253 1526 2299 plane
1540 2252 1670 2306 regiam

206 2303 243 2334 et
264 2300 566 2346 splendidissimam
598 2304 828 2348 Augustarum
856 2303 1049 2349 nuptiarum
1082 2302 1304 2338 ceremoniam
1335 2299 1565 2335 sextadecima
1595 2298 1670 2334 dies

204 2346 366 2380 Ianuarii.
410 2346 570 2381 minorem
592 2360 694 2394 porro
717 2361 825 2384 novae
846 2350 1021 2395 Augustae
1043 2360 1213 2392 sororem,
1235 2348 1291 2383 cui
1313 2349 1390 2381 erat
1409 2345 1508 2380 domo
1529 2344 1670 2380 allatum

205 2392 417 2437 Theophano
439 2405 577 2436 nomen,
608 2398 644 2428 ot
671 2395 781 2441 ipsam
814 2406 912 2430 sacro
935 2397 1106 2430 inunctam
1127 2395 1202 2430 oleo
1225 2397 1329 2437 atque
1349 2391 1575 2437 appellatione
1596 2402 1671 2425 ma-

205 2437 269 2472 tris
291 2437 436 2483 Augusti
468 2439 611 2475 senioris
642 2440 855 2483 honoratam,
891 2446 930 2475 ut
952 2442 1136 2476 Theodora.
1169 2451 1213 2475 ex
1234 2438 1444 2483 Theophane
1476 2439 1671 2478 vocaretur,

206 2487 327 2530 postea
349 2484 599 2530 desponderunt
622 2486 658 2520 in
680 2486 835 2531 partibus
858 2487 1023 2522 occiduis
1044 2486 1180 2521 Ioannis
1203 2483 1489 2520 sebastocratoris
1510 2482 1593 2524 filio,
1615 2481 1672 2516 eui

206 2534 248 2565 nt
269 2541 442 2565 oommune
465 2542 539 2565 cum
561 2535 661 2576 patre
683 2532 820 2567 Ioannis
841 2534 1066 2577 vocabulum,
1088 2533 1140 2566 ita
1163 2534 1199 2566 et
1217 2528 1500 2565 sebastocratoris
1521 2527 1672 2573 dignitas

206 2588 230 2656 ζ
251 2579 354 2621 patre
375 2575 532 2630 derivata
545 2578 682 2657 ρσιὲἰῐειὲ
697 2578 793 2659 ὶΙὲὲιιιι
802 2581 853 2659 lsi}
871 2578 951 2659 {iu-sl
965 2589 1173 2659 gerngoagium·
1189 2577 1576 2656 honogabait.finqggffl
1598 2585 1672 2654 ⁸:³5

1369 2633 1389 2655 e
1440 2632 1459 2654 e
1562 2645 1573 2655 .

207 2633 521 2713 h‘fflgfffflffi
534 2634 718 2714 εἱέἷὲῖηιῑῖ
736 2635 948 2716 εξοηωῗῑιῖῗ,
969 2634 1207 2716 ἕξέιῑεῖωᾚ
1229 2634 1316 2703 3ξέ
1330 2667 1366 2702 a„
1387 2671 1563 2701 memo
1583 2665 1671 2701 ...ut

206 2719 320 2749 torum
340 2714 560 2758 talentorum,
591 2715 694 2750 missa
716 2716 1011 2763 Constantinopoli
1038 2715 1148 2751 iunior
1178 2716 1264 2750 haec
1285 2712 1469 2749 Theodora
1497 2715 1564 2748 est.
1607 2722 1672 2747 vo-

208 2770 281 2796 rum
303 2760 339 2795 in
359 2760 486 2796 itinere
505 2763 639 2796 mortua
661 2761 927 2798 Thessalonicae
947 2762 1139 2808 sepulcrum
1157 2760 1300 2796 invenit.

298 2818 333 2853 7.
381 2817 475 2854 Hinc
494 2818 563 2855 iam
584 2830 675 2855 novo
699 2823 822 2856 conatu
843 2819 993 2857 tentavit
1011 2818 1210 2855 Arseniatas
1233 2818 1426 2864 Augustus,
1461 2824 1605 2862 sperans
1626 2812 1671 2849 ad
