1820 3112
348 144 424 186 DE
458 142 789 187 ANDRONICO
823 140 1198 186 PALAEOLOGO
1232 141 1280 185 L.
1298 139 1354 186 Π.
1493 136 1589 185 173

128 256 274 312 πέμπω
302 260 362 315 τῷ
389 255 621 311 ἀναθέματι
633 289 647 309 ,
684 253 878 310 ἀνάθεμά
895 274 966 310 μοι
985 254 1066 298 ἀπὸ
1089 258 1306 311 Χριστοῦ,
1340 254 1408 296 καὶ
1425 250 1451 309 ἦ
1470 253 1586 310 μερίς
1609 264 1641 299 c

125 343 209 381 μου
231 325 307 369 οὖν
334 330 393 385 τῷ
416 323 598 383 προδότῃ
620 327 686 368 καὶ
712 332 798 375 τοῖς
820 325 892 367 τὸν
915 322 1055 380 κύριόν
1076 341 1159 378 μου
1183 319 1484 377 σταυρώσασιν.
1555 323 1592 365 εἰ

128 395 174 437 δὲ
198 393 340 451 ὀρθῶς
363 396 429 436 καὶ
451 399 605 443 πιστῶς
625 411 676 446 με
698 391 947 448 λατρεύοντα
970 394 1037 434 καὶ
1066 396 1299 448 φρονοῦντα
1317 393 1383 434 καὶ
1406 388 1590 443 ἀσπαζό-

125 480 249 516 μενον
266 465 332 505 καὶ
353 460 607 518 κηρύττοντα
628 465 839 514 διαβολαῖς
853 462 909 515 με’
923 478 1026 510 τινες
1045 457 1254 509 τοιαύταις
1273 460 1477 513 διέβαλον,
1499 457 1590 502 ὅσοι

91 533 193 574 5καὶ
216 532 356 580 οἵτινες
378 530 472 584 εἶεν,
508 528 742 585 ἓκκῆρυκτοι
767 535 840 585 τῆς
866 531 1077 584 ἐκκλησίας
1100 532 1314 584 Χριστοῦ,
1354 530 1420 570 καὶ
1448 525 1587 587 ἀλύτῳ

123 598 343 657 ἀφορισμῷ
362 604 420 658 τῷ
444 599 524 642 ἀπὸ
545 603 619 654 τῆς
637 601 859 653 ζωαρχικῆς
877 600 944 640 καὶ
962 598 1171 651 μακαρίας
1192 598 1259 639 καὶ
1282 594 1400 651 ἀγίας
1418 594 1587 652 τριάδος

119 665 147 722 ἧ
176 665 391 724 μετριότης
416 665 534 723 ἡμῶν
561 665 782 721 ὑποβάλλει
809 665 984 718 αὐτούς,
1023 668 1089 708 καὶ
1116 665 1199 724 ἀρᾷ
1230 664 1495 719 ἀναθέματος
1517 666 1586 707 καὶ

120 735 195 778 τὸν
222 734 422 786 τοιούτοις
448 736 735 792 παρασυρέντα
758 737 812 785 εἷς
835 735 882 778 τὸ
902 733 1066 789 βλάψαι
1088 735 1154 776 καὶ
1177 733 1372 788 ἀδικῆσαί
1389 750 1454 787 με.
1526 731 1583 784 ῶς

120 805 167 847 δέ
196 811 282 854 τοῖς
308 803 462 854 ἀδίκοις
481 806 547 847 καὶ
562 802 823 860 βλασφήμοις
848 803 953 858 αὕτη
975 804 1056 859 ἀρὰ
1072 802 1186 859 παρὰ
1205 807 1334 854 θεοῦ,
1374 801 1484 844 οὕτω
1511 803 1579 844 καὶ
1601 807 1634 843 Ι)

66 883 110 917 10
119 879 206 923 τοῖς
224 873 477 930 φειδομένοις
493 873 567 928 τὴν
586 877 775 929 γλῶσσαν
795 875 861 915 καὶ
881 870 1080 927 ἀλήθειαν
1102 871 1290 927 ἀγαπῶσι
1311 872 1378 913 καὶ
1397 870 1581 926 λέγουσιν

116 939 144 996 ἢ
168 946 242 984 τοῦ
265 946 368 984 θεοῦ
398 941 558 998 εὐλογία
587 943 655 984 καὶ
685 942 811 997 σκέπη
835 938 1127 999 περικυκλώσοι
1154 942 1222 983 καὶ
1254 934 1333 983 ῶδε
1359 940 1426 982 καὶ
1451 939 1494 982 ἐν
1519 942 1580 1000 τῷ

115 1010 317 1065 μέλλοντι.
332 1010 360 1030 ”

251 1079 336 1121 Καὶ
363 1082 496 1121 ταῦτα
524 1078 599 1132 μὲν
623 1078 674 1122 τὰ
698 1080 741 1122 ἓν
768 1085 854 1129 τοῖς
876 1076 1088 1131 ἐκπώμασι
1111 1078 1178 1120 καὶ
1198 1077 1239 1119 ἓν
1260 1073 1488 1135 ἀποκρύφῳ
1510 1093 1578 1119 τε-

114 1145 269 1189 θέντα·
305 1145 333 1188 ἃ
352 1146 402 1202 δὴ
425 1145 548 1190 ὁποῖα
566 1148 639 1200 μὲν
665 1149 732 1190 καὶ
751 1147 862 1195 ὅπως
881 1147 1041 1202 &ovone
1052 1179 1066 1198 ,
1104 1144 1160 1196 ῶς
1177 1147 1242 1187 καὶ
1262 1145 1389 1188 αὐτὸν
1405 1145 1478 1188 τὸν
1495 1163 1580 1188 πα-

62 1225 105 1259 15
118 1214 368 1271 ρασυρέντα,
405 1213 516 1264 ὅστις
538 1214 589 1258 ἄν
609 1218 676 1258 καὶ
695 1216 755 1272 εἴη
767 1249 781 1269 ,
809 1214 884 1258 ὑπ’
906 1213 1098 1268 ἀνάθεμα
1119 1214 1247 1269 ἄγειν,
1278 1215 1346 1255 καὶ
1364 1215 1400 1256 εἶ
1418 1211 1578 1256 σύστα-

7 1273 13 1278 “
116 1300 182 1333 αις
209 1287 342 1326 ταῦτα
372 1282 549 1326 ἀπαθῶν
578 1282 741 1339 τρόπων
774 1284 851 1327 εἴτε
871 1286 938 1327 καὶ
956 1281 1016 1338 μή
1028 1315 1041 1334 ,
1078 1284 1215 1326 εἰδεῖεν
1243 1280 1294 1324 ἂν
1317 1282 1356 1324 οἱ
1376 1279 1576 1337 πνεύματι

114 1353 259 1403 ζῶντες
278 1353 345 1394 καὶ
365 1356 422 1410 τῷ
440 1353 565 1410 κυρίῳ
588 1350 858 1402 δουλεύοντες.
931 1351 1041 1406 ὅμως
1058 1349 1228 1407 ὕστερον
1247 1348 1481 1406 εὗρεθέντα,
1519 1348 1578 1400 ῶς

111 1419 204 1474 μετ’
235 1419 369 1477 ὀλίγον
386 1418 613 1475 ῥηθήσεται
625 1454 637 1472 ,
677 1421 823 1471 ἱκανῶς
843 1422 991 1470 αἰτίαις
1014 1420 1188 1469 δικαίαις
1203 1417 1360 1474 ὑπῆγον
1379 1418 1451 1461 τὸν
1467 1415 1577 1475 γρᾶἐ
1592 1427 1627 1463 Ε

110 1499 266 1542 ψαντα.
335 1489 470 1545 ἕτερον
493 1490 538 1531 δὲ
555 1487 725 1544 γράμμα
747 1487 963 1544 σχεδιάσας
983 1488 1086 1545 πρὸς
1102 1487 1174 1530 τὸν
1191 1486 1365 1541 βασιλέα
1386 1486 1572 1530 ἀπέστει-

55 1561 178 1607 Ξολεν
188 1589 202 1610 ,
240 1554 351 1600 οὕτω
372 1556 476 1599 κατὰ
496 1556 610 1613 ῥῆμα
629 1556 924 1611 διαλᾶμβανον.
999 1562 1029 1582 “
1041 1560 1126 1615 θεῷ
1150 1558 1218 1598 καὶ
1239 1555 1343 1610 μετὰ
1364 1555 1465 1598 θεὸν
1482 1561 1572 1605 τοῖς

109 1622 245 1682 λόγοις
270 1622 492 1680 θαρρήσας
509 1630 583 1680 τῆς
602 1626 645 1668 ἐκ
664 1630 769 1668 θεοῦ
792 1626 1003 1678 βασιλείας
1022 1642 1098 1668 σου
1118 1624 1195 1679 τὴν
1213 1625 1426 1679 ἐκκλησίαν
1445 1621 1569 1679 ἐκρά-

108 1710 230 1749 τησα.
298 1696 333 1736 εἶ
356 1694 399 1736 δ’
420 1695 586 1750 ε’γκαλοΐ
596 1711 670 1749 μοι
690 1695 761 1736 καί
776 1712 838 1745 τις
858 1693 919 1737 ὅτι
938 1694 996 1749 μὴ
1021 1693 1125 1736 κατὰ
1145 1693 1192 1736 τὸ
1214 1692 1386 1750 ἀρέσκον
1405 1690 1563 1751 ἑκάστῳ

108 1823 271 1866 themati,
302 1825 480 1859 anathema
505 1825 586 1859 mihi
606 1825 651 1860 sit
674 1837 695 1859 a
719 1825 855 1860 Christo
874 1830 910 1860 et
931 1836 1013 1871 pars
1034 1835 1110 1858 mea
1133 1835 1208 1858 cnm
1230 1822 1402 1869 proditore
1423 1824 1460 1856 et
1482 1832 1563 1856 cru-

107 1869 301 1904 cifixoribus
332 1870 456 1905 domini
487 1870 564 1904 mei.
611 1871 641 1905 si
674 1883 758 1906 vero
787 1877 883 1905 recte
917 1883 959 1905 ac
993 1870 1138 1904 fideliter
1168 1881 1220 1902 me
1248 1868 1492 1901 ministrantem
1523 1872 1561 1902 et

106 1915 306 1949 sentientem
336 1920 372 1950 et
401 1917 653 1961 amplectentem
687 1921 723 1951 et
753 1917 1008 1963 praedicantem
1038 1914 1211 1950 calumniis
1232 1925 1285 1947 me
1308 1913 1434 1947 talibus
1457 1912 1559 1947 diffa-

107 1965 259 2002 marunt,
288 1961 489 2006 quicumque
511 1973 553 1995 ac
575 1963 833 2007 qualescumque
854 1963 942 2003 sint,
975 1965 1072 1995 extra
1102 1971 1236 1994 censum
1260 1959 1425 1992 habentor
1445 1958 1558 1992 eccle-

105 2005 179 2040 siae
202 2005 351 2045 Christi:
375 2012 412 2040 et
432 2006 600 2040 insolubili
621 2007 971 2041 excommunicationis
991 2005 1093 2040 nexui
1117 2017 1139 2039 a
1160 2004 1253 2038 vitae
1274 2008 1426 2047 auctore,
1449 2004 1554 2038 beata

105 2057 142 2085 et
164 2054 281 2086 sancta
303 2051 483 2092 trinitate,
514 2052 728 2087 mediocritas
750 2058 868 2087 nostra
889 2053 982 2097 ipsos
1006 2050 1160 2092 subiicit,
1184 2049 1336 2093 dirisque
1358 2049 1554 2084 anathema-

106 2097 175 2139 tis,
207 2100 243 2130 et
272 2108 347 2131 eum
377 2097 435 2142 qui
466 2097 591 2130 talibus
620 2101 751 2132 tractus
772 2098 878 2132 suerit
899 2098 943 2131 ad
965 2095 1162 2130 laedendum
1185 2100 1222 2129 et
1243 2094 1376 2132 iniuriis
1396 2094 1554 2130 afficien-

102 2143 180 2177 dum
202 2153 267 2176 me.
313 2147 353 2176 ut
374 2148 485 2176 autem
507 2142 640 2176 iniustis
664 2147 699 2176 et
721 2143 922 2188 blasphemis
944 2143 1029 2176 haec
1051 2140 1240 2174 maledictio
1263 2151 1285 2175 a
1307 2140 1371 2175 deo
1394 2145 1469 2182 est,
1501 2141 1553 2176 sic

104 2193 141 2223 et
168 2187 315 2232 linguam
348 2188 558 2222 continentes
580 2193 616 2221 et
636 2188 815 2222 veritatem
846 2191 997 2222 amantes
1020 2191 1056 2221 et
1079 2187 1254 2232 loquentes
1282 2185 1338 2220 dei
1359 2185 1551 2222 benedictio

101 2245 144 2269 ac
163 2233 329 2280 protectio
351 2233 586 2275 circumdabit,
609 2239 646 2267 et
666 2233 721 2267 hic
744 2238 779 2267 et
799 2233 836 2267 in
859 2235 982 2267 futuro.
992 2231 1015 2248 ”

191 2279 289 2313 Haec
311 2280 444 2324 quidem
467 2284 565 2313 erant
586 2279 619 2312 in
643 2279 768 2313 chartis
788 2279 880 2313 intra
901 2277 1021 2323 pocula
1042 2277 1160 2312 fictilia
1185 2277 1330 2312 conditis
1350 2279 1387 2312 et
1407 2276 1443 2312 in
1465 2289 1550 2312 cavo

99 2324 257 2359 abstruso
280 2325 455 2370 depositis.
499 2324 532 2358 in
556 2324 695 2370 quibus,
729 2324 819 2370 quod
841 2335 916 2358 eum
939 2335 1074 2369 quoque
1095 2323 1154 2368 qui
1178 2323 1278 2358 etiam
1302 2323 1336 2358 vi
1357 2328 1552 2368 pertractus

101 2370 145 2404 ad
177 2371 424 2406 adversantium
457 2370 521 2405 sibi
552 2374 669 2415 partes
701 2370 824 2410 fuerit,
855 2371 1056 2415 quicumque
1085 2369 1221 2403 tandem
1251 2368 1315 2411 sit,
1346 2369 1550 2404 anathemati

100 2415 260 2460 subiicit,
292 2416 328 2450 id
351 2417 394 2450 ad
418 2418 581 2450 humanae
603 2415 784 2460 probitatis
808 2415 1089 2460 christianaeque
1115 2414 1376 2449 mansuetudinis
1398 2414 1550 2448 rationes

98 2460 186 2495 satis
207 2463 488 2496 accommodatum
511 2473 617 2495 necne
639 2461 764 2504 fuerit,
794 2461 993 2495 censendum
1023 2460 1175 2505 relinquo
1205 2459 1397 2494 viventibus
1418 2460 1452 2494 in
1474 2460 1549 2505 spi-

98 2506 168 2540 ritu
202 2512 240 2541 et
273 2507 402 2542 domino
433 2507 671 2542 servientibus.
716 2507 798 2541 illud
829 2507 899 2541 scio
913 2533 922 2549 ,
956 2506 1116 2550 scriptum
1144 2506 1208 2540 hoc
1229 2510 1350 2552 postea
1373 2510 1548 2549 reuertum

97 2552 346 2597 vulgatumque,
367 2558 407 2587 ut
420 2553 627 2598 postmodum
641 2553 784 2595 dicetur,
808 2551 1077 2586 accusationibus
1098 2550 1135 2585 in
1157 2551 1228 2586 eius
1251 2556 1422 2586 auctorem
1445 2554 1547 2584 antea

95 2596 233 2632 iactatis
253 2597 334 2632 fidei
355 2604 553 2634 momentum
579 2598 771 2639 addidisse,
801 2603 840 2632 ut
862 2597 926 2631 iam
949 2608 1014 2630 non
1035 2596 1202 2631 immerito
1223 2596 1400 2632 traductus
1422 2596 1480 2630 ille
1503 2606 1545 2629 ac

97 2641 223 2676 iniuste
244 2643 422 2678 infamatus
443 2645 629 2679 videretur.
675 2644 764 2678 aliud
787 2643 888 2677 etiam
910 2642 1073 2687 scriptum
1095 2643 1329 2684 concinnavit,
1362 2642 1475 2676 statim
1498 2639 1544 2674 ad

96 2686 332 2731 imperatorem
362 2690 519 2732 missuri„
554 2690 637 2723 haec
666 2689 710 2723 ad
739 2690 879 2723 verbum
911 2687 1094 2722 continens.
1140 2689 1238 2723 “deo
1269 2693 1306 2722 et
1336 2691 1415 2732 post
1443 2686 1542 2720 deum

94 2732 211 2786 verbis
231 2733 340 2768 fideus
363 2745 406 2769 ex
427 2735 492 2770 deo
514 2734 752 2769 auctoritatem
778 2733 932 2768 ducentis
953 2733 1142 2769 maiestatis
1162 2739 1265 2775 tuae,
1300 2731 1464 2768 ecclesiae
1485 2742 1544 2765 re-

94 2789 208 2823 gunen
231 2779 407 2824 mpenivi.
447 2780 485 2815 in
505 2791 573 2826 quo
595 2778 856 2815 administrando
878 2779 910 2814 si
930 2779 1098 2827 quispiam
1118 2778 1351 2815 succensuerit
1370 2777 1541 2824 guberna-
