1820 3112
197 131 294 179 184
615 131 850 176 GEORGII
885 131 1234 175 PACHYMERIS

195 252 347 301 μαθεῖν
375 247 464 301 περὶ
496 249 614 301 σφῶν
643 244 743 302 παρ’
767 244 898 288 αὐτοῦ
929 245 972 288 τί
998 242 1204 296 παθόντες
1230 239 1342 289 οὗτοι
1361 244 1492 296 οὕτως
1512 244 1660 301 ἀνέδην

195 319 461 373 προσῆλθον,
485 312 543 368 μή
577 312 590 328 ²
617 311 721 363 ὅλως
749 313 943 364 ξυνιέντες
964 312 1019 363 ὥς
1034 312 1109 356 ὑπ’
1137 313 1260 370 ὀργὴν
1277 321 1449 368 κεῖνται,
1479 318 1553 358 τοῦ
1578 332 1661 357 πα-

195 381 391 440 τριάρχου
421 379 793 436 ἀποστατήσαντες.
862 387 936 425 τοῦ
960 382 1002 424 δ’
1027 381 1129 438 ὑπὲρ
1151 383 1309 426 ἐκείνων
1330 382 1659 439 ἀπολογουμένου

198 451 252 501 ὥς
285 451 359 494 οὐκ
388 448 565 493 αὐτόθεν
593 446 727 505 ἦλθον
749 446 781 493 ὦ
805 449 1008 503 δέσποτα,
1047 451 1152 494 ἀλλὰ
1173 456 1232 511 τῷ
1255 455 1315 510 σῷ
1341 453 1466 507 πατρὶ
1486 455 1661 506 προσελ-

198 518 347 569 θόντες
366 519 492 578 κυρίῳ
513 521 668 579 Κοσμζὶ
688 518 791 576 παρ’
813 520 963 562 ἐκείνου
986 520 1060 574 τὴν
1084 521 1368 578 πληροφορίαν
1386 519 1504 575 ἴσχον
1520 518 1574 570 ὥς
1593 531 1694 566 ‹re-5

201 587 500 643 συμπάθηνται
529 587 640 643 παρὰ
665 592 740 630 τοῦ
769 585 944 644 κράτους
963 593 1036 631 τοῦ
1059 593 1158 641 σοῦ,
1197 589 1322 639 αὐτὸς
1340 586 1461 632 πάλιν
1482 588 1665 632 ἀνταπο-

149 660 182 694 D
206 659 366 707 στείλας
382 657 454 699 τὸν
473 656 598 699 αὐτὸν
617 656 812 709 μυστικὸν
829 656 934 699 ἄλλα
954 675 996 700 τε
1017 657 1149 700 πολλὰ
1172 655 1496 714 προσεμαρτύρει
1523 656 1666 714 ἀγαθοὶ

200 726 349 782 τάνδρί
360 758 372 778 ,
411 726 478 768 καὶ
509 723 565 774 ὥς
598 723 884 775 ἀποθανόντος
911 725 1080 776 αὐτίκα,
1122 725 1153 768 εἰ
1176 727 1250 781 μὲν
1271 727 1461 782 ἐκκλησία
1482 726 1600 769 θέλοι
1620 742 1665 768 τε

204 797 273 839 καὶ
293 792 425 853 τιμῴη
448 792 502 844 ὥς
530 791 666 850 ἅγιον,
704 796 771 837 καὶ
791 794 917 837 αὐτὸν
937 796 978 837 ἓν
999 792 1176 851 πρώτοις
1195 795 1269 851 τὴν
1292 796 1450 838 ἐκείνων
1470 794 1666 849 ἇποδέχε-
1700 825 1706 830 »

203 868 310 907 σθαι
337 861 499 918 γνώμην
529 860 765 919 διωμολόγει
795 865 862 905 καὶ
889 867 1009 917 τιμᾶν
1042 870 1126 914 τοϊς
1155 861 1453 919 προσήκουσιν,
1491 865 1527 906 εἴ
1548 863 1592 906 δ’
1617 862 1664 906 οὗ
1678 868 1723 903 10

204 930 412 986 δοκιμάζοι
441 935 564 974 τοῦτο
595 930 621 986 ἡ
655 932 867 986 ἐκκλησία,
906 931 1031 974 αὐτὸν
1063 933 1130 974 καὶ
1160 928 1287 982 αὖθις
1309 937 1383 987 τῆς
1407 931 1536 987 αὐτῆς
1567 929 1668 975 εἶναι

204 999 383 1058 γνώμης,
404 1001 471 1042 καὶ
488 997 722 1056 μεγαλύνειν
741 1000 812 1043 τὸν
828 999 1062 1043 ἀπελθόντα
1083 1002 1150 1042 καὶ
1167 1005 1290 1055 τιμᾶν
1309 999 1365 1051 ὦς
1383 999 1509 1057 ἅγιον.
1545 998 1668 1044 τόσον

154 1072 188 1107 Ε
212 1070 553 1127 ἔπληροφορεΐτο,
581 1067 636 1119 ὡς
660 1066 786 1112 ἐδόκει
797 1101 811 1122 ,
848 1069 1040 1123 βασιλεὺς
1062 1069 1131 1111 ἐπ’
1154 1069 1280 1128 αὐτῷ.
1332 1068 1387 1119 ὥς
1407 1074 1505 1125 γοῦν
1527 1073 1670 1112 συνελ-

207 1143 336 1181 θοῦσι
357 1144 441 1187 τοῖς
459 1137 683 1194 ἀρχιερεῦσι
699 1139 787 1193 περὶ
808 1135 1059 1193 πατριάρχου
1081 1136 1105 1192 ἦ
1128 1135 1289 1193 ζήτησις
1314 1133 1386 1193 ἦν,
1423 1138 1468 1180 τὸ
1497 1139 1571 1192 μὲν
1601 1139 1669 1180 καὶ

207 1203 333 1257 αὖθις
362 1204 672 1262 καταναγκάζειν
693 1206 766 1249 ,τὸν
788 1209 827 1248 Γ
825 1205 1006 1249 εννάδιον
1032 1209 1233 1249 δοκοῦντα
1257 1206 1358 1263 πρὸς
1378 1210 1499 1249 τοῦτο
1520 1204 1668 1263 χρήσι-
1681 1209 1725 1246 15

205 1293 310 1331 μον,
348 1272 546 1326 καθάπαξ
566 1273 836 1330 ἀπειπάμενον
857 1274 932 1330 τὴν
951 1272 1275 1331 ἀρχιερωσύνην,
1314 1274 1388 1317 οὐκ
1405 1275 1584 1331 ἔγνωσαν
1602 1274 1671 1318 εὖ-

207 1344 376 1400 πρεπὲς,
415 1342 548 1400 ἄνδρα
575 1345 619 1386 δὲ
651 1346 778 1399 ζητεῖν
800 1343 868 1398 ἐφ’
892 1338 999 1403 ᾧπερ
1028 1342 1049 1386 ὅ
1078 1344 1271 1398 βασιλεὺς
1290 1342 1668 1400 πεπληροφόρηται,

208 1417 292 1456 τῶν
323 1409 653 1467 ἀναγκαιοτάτων
683 1409 876 1463 ἐνόμιζον.
947 1414 1013 1453 καὶ
1045 1412 1186 1455 λοιπὸν
1213 1412 1358 1455 οὐδένα
1388 1411 1573 1467 εὕρισκον
1596 1415 1670 1455 τοῦ

211 1483 366 1534 Κοσμᾶ
387 1477 604 1536 ἀξιώτερον
624 1481 690 1523 καὶ
715 1479 848 1528 ἄλλως
867 1477 1065 1532 ἁρμόδιον
1083 1484 1142 1539 τῷ
1163 1484 1313 1538 καιρῷ·
1349 1481 1454 1534 μετὰ
1478 1481 1556 1537 γὰρ
1585 1498 1672 1535 χει-

72 1553 101 1587 Ρ
125 1555 192 1592 123
215 1553 334 1605 μῶνα
362 1546 441 1603 ἡδὺ
473 1547 520 1590 τὸ
554 1547 627 1604 ἔάρ
655 1549 721 1590 καὶ
748 1547 850 1601 μετὰ
879 1546 1001 1601 ζάλην
1030 1548 1227 1604 ποθεινὴν
1255 1546 1434 1605 γαλήνην
1457 1547 1558 1591 εἶναι
1586 1553 1729 1598 tots-20

213 1617 426 1671 πλέουσιν,
467 1617 533 1659 καὶ
559 1616 662 1671 μετὰ
687 1616 901 1674 τρικυμίας
926 1618 994 1660 καὶ
1026 1614 1149 1670 ζάλας
1178 1614 1428 1676 πραγμάτων
1459 1619 1535 1661 καὶ
1552 1617 1674 1674 ἠθῶν

219 1831 263 1854 ex
286 1831 328 1854 eo
351 1821 424 1862 est,
453 1818 542 1854 unde
565 1819 601 1854 hi
623 1823 754 1855 tantum
778 1820 965 1863 auderent,
987 1830 1051 1854 nec
1074 1830 1113 1855 se
1136 1831 1247 1855 coram
1271 1829 1439 1866 apparere
1461 1820 1676 1862 vererentur,

221 1866 317 1900 cuius
348 1865 571 1910 indignationi
601 1878 639 1900 se
668 1867 845 1901 subiacere
875 1878 940 1902 non
971 1866 1143 1900 nescirent
1164 1867 1208 1900 ob
1231 1866 1380 1912 ipsorum
1407 1864 1631 1900 defectionem
1653 1875 1676 1900 ι

221 1912 428 1957 patriarcha.
473 1912 599 1957 illoque
621 1912 670 1946 sic
692 1912 785 1958 ipsos
809 1918 992 1946 excusante
1014 1915 1115 1947 “non
1138 1912 1212 1946 sine
1234 1916 1385 1955 auctore,
1408 1911 1553 1958 domine,
1575 1911 1678 1945 istam

220 1958 379 1991 fiduciam
410 1962 643 2003 sumpserunt,
676 1959 735 1993 sed
765 1958 859 2004 prius
892 1962 1060 1992 convento
1093 1963 1192 2003 patre
1215 1962 1273 1992 tuo
1298 1957 1430 1992 domino
1454 1957 1577 1991 Cosma
1599 1966 1679 2003 per-

220 2004 311 2038 suasi
335 2005 376 2037 ab
401 2017 439 2038 eo
464 2008 543 2038 sunt
563 2004 733 2049 ignovisse
754 2005 820 2039 iam
844 2005 927 2049 ipsis
950 2005 1160 2038 maiestatem
1183 2003 1324 2046 tuam,’'
1346 2005 1410 2038 hoc
1433 2014 1594 2048 responso
1616 2013 1680 2048 per

220 2049 394 2091 mysticum
428 2051 556 2092 relato,
594 2062 657 2095 per
686 2062 817 2093 rursus*
834 2051 970 2084 missum
1001 2051 1143 2085 eundem
1165 2050 1339 2094 mysticum
1361 2050 1466 2084 multa
1488 2049 1523 2082 in
1545 2049 1680 2083 laudem

222 2094 292 2129 viri
326 2096 512 2139 congessit,
547 2096 582 2130 in
612 2096 663 2130 his
689 2097 771 2130 illud
785 2122 794 2138 ,
829 2096 857 2130 si
881 2097 1019 2130 Cosmas
1043 2097 1160 2131 statim
1182 2100 1370 2131 moreretur
1392 2099 1428 2130 et
1449 2095 1594 2129 ecclesia
1615 2105 1680 2128 vo-

223 2140 316 2174 lente
339 2141 404 2174 coli
427 2154 501 2175 eum
524 2153 586 2187 pro
609 2149 727 2176 sancto
750 2142 981 2187 contingeret,
1003 2154 1039 2176 se
1062 2143 1096 2176 in
1119 2141 1233 2188 primis
1256 2142 1548 2187 comprobaturum
1570 2139 1682 2174 eccle-

223 2186 296 2221 siae
319 2187 520 2221 sententiam
534 2213 545 2229 ‚
577 2193 611 2222 et
634 2189 846 2222 devotionem
869 2190 902 2222 in
926 2200 1000 2222 eum
1023 2200 1116 2222 suam
1139 2188 1306 2232 religiosis
1330 2187 1398 2222 rite
1421 2186 1542 2220 officiis
1571 2190 1682 2219 testa-

224 2237 348 2266 turum.
395 2233 445 2266 sin
469 2234 612 2268 ecclesia
635 2239 852 2268 cunctaretur
875 2245 990 2268 sacros
1013 2234 1046 2268 ei
1069 2234 1251 2269 decernere
1274 2235 1429 2275 honores,
1451 2244 1490 2266 se
1509 2234 1622 2265 tamen
1646 2230 1681 2265 in

224 2278 398 2323 proposito
422 2285 577 2323 perstare
593 2280 859 2324 magnificandae
881 2281 960 2314 talis
984 2280 1133 2314 defuncti
1154 2279 1346 2321 memoriae,
1369 2283 1407 2313 et
1427 2289 1469 2312 ea
1490 2287 1578 2322 quae
1601 2287 1680 2310 san-

226 2323 292 2357 ctis
314 2323 475 2358 tribuitur
496 2326 710 2360 veneratione
734 2326 1002 2372 prosequendae.
1047 2331 1178 2360 tantum
1213 2326 1245 2360 ei
1274 2325 1347 2359 viro
1379 2323 1550 2358 tribuebat
1572 2321 1682 2367 impe-

226 2374 344 2410 rator,
377 2372 411 2403 et
442 2374 511 2404 tam
543 2376 638 2405 certa
667 2377 743 2406 erat
775 2372 1232 2417 opinioneepraeoccupatus
1253 2369 1393 2414 insignis
1415 2368 1588 2402 cuiusdam
1611 2367 1683 2403 eius

227 2414 479 2450 sanctimoniae.
526 2422 692 2451 caeterum
727 2417 940 2461 congregatis
964 2417 1163 2458 antistibus,
1195 2421 1231 2450 et
1253 2427 1351 2461 quem
1375 2413 1540 2459 eligerent
1561 2414 1598 2447 in
1620 2425 1685 2459 pa-

228 2460 412 2494 triarcham
434 2461 718 2507 disquirentibus,
749 2463 838 2496 haud
858 2462 965 2496 visum
989 2462 1208 2504 conveniens,
1240 2472 1338 2506 quem
1361 2459 1489 2505 alioqui
1513 2464 1628 2504 aptum
1651 2458 1685 2493 ei

230 2507 358 2541 muneri
381 2507 566 2550 haberent,
599 2514 776 2553 postquam
799 2508 834 2540 id
858 2508 958 2541 semel
981 2508 1128 2541 oblatum
1153 2509 1389 2548 recusaverat,
1423 2506 1549 2539 iterum-
1568 2504 1686 2539 solici-

229 2556 306 2586 tare
329 2553 551 2587 Gennadium.
587 2559 623 2587 at
646 2554 680 2587 in
704 2554 819 2598 primis
842 2553 1080 2595 necessarium,
1104 2552 1210 2586 virum
1235 2553 1277 2586 ad
1299 2553 1363 2586 hoc
1385 2562 1562 2597 quaerere,
1585 2562 1685 2596 quem

229 2598 473 2642 magnifaceret
496 2600 615 2644 cuique
639 2599 812 2644 plurimum
835 2598 1018 2643 imperator
1039 2598 1174 2631 fideret.
1202 2598 1366 2632 neminem
1389 2601 1500 2631 autem
1520 2597 1587 2630 ista
1609 2596 1687 2642 qui-

230 2645 306 2678 dem
330 2649 410 2678 nota
431 2644 642 2690 insigniorem
668 2645 792 2678 Cosma
814 2644 1052 2688 reperiebant3
1087 2655 1185 2688 quem
1219 2647 1399 2690 praeterea
1430 2643 1594 2677 videbant
1624 2653 1687 2676 ac-

230 2691 473 2724 commodatum
504 2690 666 2736 tempori:
702 2702 778 2724 esse
801 2690 928 2735 quippe
951 2694 1029 2735 post
1058 2689 1197 2723 hiemem
1219 2701 1280 2724 ver
1302 2689 1420 2730 dulce,
1479 2692 1532 2723 ost
1554 2694 1687 2733 tempe-

230 2739 353 2770 statem
377 2737 533 2782 exoptati
554 2736 796 2781 navigantibus
819 2735 1055 2770 serenitatem:
1091 2735 1140 2769 sic
1162 2739 1241 2782 post
1264 2735 1429 2780 procellas
1478 2734 1686 2768 uctuantium

230 2782 441 2827 negotiorum
455 2808 466 2827 ,
488 2786 567 2830 post
588 2794 716 2818 morum
738 2782 926 2817 immanium
949 2781 1125 2828 malignam
1149 2782 1389 2826 acerbitatem,
1411 2780 1494 2816 mite
1515 2785 1686 2827 tempera-
