1820 3112
203 158 299 205 154
621 157 858 203 GEORGII
891 158 1241 203 PACHYMERJS

171 278 175 283 ’
200 274 368 321 ε’λπίδας
398 271 560 321 ἐκείνοις
591 269 612 315 ὅ
643 270 859 325 βασιλεῦς,
897 274 964 314 καὶ
993 272 1246 326 ἓνησμένιζον
1265 277 1351 322 τοῖς
1368 272 1587 327 μέλλουσιν
1609 271 1666 322 ὥς

149 346 180 381 C
204 343 247 392 ἐξ
275 339 450 395 ἀνάγκης
477 340 695 393 ἐσομένοις.
765 339 865 384 ὅθεν
894 342 961 384 καὶ
994 346 1068 384 τοῦ
1092 341 1356 398 συγγραφέως
1371 346 1430 400 τῷ
1452 343 1664 400 Νυμφαίῳ

198 408 416 463 ἐσύστερον
449 407 776 464 ἐπιδημήσαντος,
817 411 958 452 ἐκεῖνοι
999 408 1208 463 μαθόντες
1248 411 1447 464 πολίηθεν
1485 408 1666 454 ἐλθόντα

198 479 358 529 ἀξιοῦσι
377 478 550 532 βασιλέα
572 478 638 520 ἐπ’
665 478 820 537 ἀρίστῳ
845 478 1080 533 καθήμενον
1105 480 1261 533 ἐρωτᾶν
1276 479 1430 535 ἐφεῖναι
1453 477 1563 528 ὅπως
1583 479 1667 534 ἔχοι

197 551 281 589 τῶν
309 545 454 602 ὗγειῶν
481 545 502 589 ὃ
533 547 620 597 νέος
650 546 868 601 βασιλεύς,
913 550 978 590 καὶ
1012 546 1093 604 ὅπῃ
1122 550 1188 590 καὶ
1212 549 1292 590 τίσι
1322 546 1473 603 διάγων
1492 549 1699 603 {ranzo-5

194 620 323 659 λοΐτο.
392 618 459 657 καὶ
481 615 532 671 δὴ
554 616 803 671 προσέταττε
822 617 1015 669 βασιλεὺς
1035 618 1194 665 ἐκείνοις
1226 634 1269 659 τε
1291 614 1580 659 πυνθάνεσθαι
1600 618 1669 659 καὶ

195 683 332 743 τούτῳ
355 683 512 727 διδόναι
543 686 619 734 τὰς
652 685 897 740 ἀποκρίσεις.
968 686 1039 728 καί
1057 685 1098 741 γ’
1122 685 1192 742 ἔφ’
1216 683 1374 743 ἑκάστῳ
1395 690 1479 728 τῶν
1501 685 1669 741 λεγομέ-

196 772 279 797 νων
298 752 540 806 ἀκούοντες,
579 755 662 796 ἐπεὶ
682 757 747 796 καὶ
762 755 924 811 χρηστὰ
946 755 987 804 ἐξ
1009 752 1186 810 ἀνάγκης
1206 754 1470 811 ἠγγέλλοντο,
1507 771 1668 811 προσα-

197 820 462 878 ποδεχρμενοι
483 825 599 878 δῆλοι
619 818 726 877 ἦσαν
750 824 1084 879 εὐχαριστοῦντες
1103 827 1204 881 θεῷ.
1533 834 1540 838 “

144 897 178 932 Ι)
344 893 419 937 19.
495 896 581 947 Τῆς
608 891 653 934 δ’
692 894 876 947 εἰκοστῆς
914 890 1060 946 ἐνάτης
1104 892 1234 946 μηνὸς
1270 894 1724 947 Μαιμακτηριῶνος,10

197 959 306 1004 καθ’
333 959 383 1015 ἣν
415 962 482 1003 καὶ
515 959 540 1015 ἡ
570 966 652 1003 τῶν
671 959 814 1016 Ἁγίων
844 959 1086 1004 ἀποστόλων
1117 959 1237 1018 ἑορτὴ
1268 965 1462 1014 τελεῖται,
1498 961 1669 1010 διετείας

199 1028 425 1086 τρεχούσης
456 1030 861 1089 ἐστρατοπεδευμένοι)
892 1034 950 1088 τῷ
979 1034 1143 1084 βασιλεῖ
1153 1063 1165 1082 ,
1212 1030 1366 1084 γίνεταί
1389 1047 1429 1072 τι
1465 1034 1667 1081 τοιοῦτον,

200 1098 223 1141 ὃ
247 1099 297 1153 δὴ
318 1101 385 1140 καὶ
405 1103 541 1141 κακῶν
561 1095 656 1154 ἦρξε
677 1097 863 1154 μεγάλων
885 1103 943 1157 τῷ
963 1097 1332 1156 πορφυρογεννήτῳ
1353 1099 1669 1156 Κωνσταντίνῳ.

197 1168 334 1222 ἐπειδὴ
366 1167 444 1223 γὰρ
476 1165 503 1222 ἡ
537 1166 655 1223 ἑορτὴ
692 1163 743 1222 ἦν
781 1169 848 1210 καὶ
876 1168 956 1210 ἔδει
986 1166 1169 1218 συνάξεις
1196 1168 1269 1221 μὲν
1298 1171 1380 1209 τῶν
1417 1163 1667 1222 μεγιστάνων

196 1237 300 1293 πρὸς
317 1237 490 1289 βασιλέα
511 1235 745 1293 προσόδους
767 1238 811 1279 δὲ
831 1239 897 1279 καὶ
917 1241 998 1279 τῶν
1019 1241 1246 1291 ματρωνῶν
1266 1235 1379 1291 παρὰ
1401 1235 1476 1290 τὴν
1497 1234 1668 1291 Αὐγοῦ-
1680 1242 1722 1277 15

197 1321 301 1348 σταν
331 1306 520 1361 γίνεσθαι
537 1338 551 1359 ,
601 1303 790 1360 ἀπήντων
815 1307 888 1359 μὲν
922 1307 989 1348 καὶ
1018 1305 1138 1348 ἄλλαι
1165 1309 1349 1347 πλεῖσται
1377 1307 1445 1346 καὶ
1465 1304 1666 1360 μέγισται,

195 1373 359 1429 ἀπήντα
378 1375 423 1416 δὲ
451 1376 516 1416 καὶ
537 1372 564 1430 ἦ
591 1374 750 1430 εὐγενὴς
781 1379 914 1430 γραῦς
946 1378 1360 1431 Στρατηγοπουλῖνα,
1385 1371 1412 1428 ἡ
1437 1378 1511 1416 τοῦ
1526 1371 1669 1416 Ἰωάν-

15 1487 17 1489 ,
52 1447 82 1482 P
106 1446 174 1483 104
199 1461 274 1487 νου
303 1443 377 1497 μὲν
413 1447 487 1485 τοῦ
521 1442 669 1486 Aoum
703 1445 769 1485 καὶ
799 1444 1000 1498 βασιλέως
1030 1443 1255 1498 ἀδελφιδῆ,
1300 1443 1601 1500 Κωνσταντίνῳ
1624 1441 1669 1484 δὲ

196 1516 256 1571 τῷ
286 1511 644 1571 Στρατηγοπούλῳ
671 1517 729 1570 τῷ
759 1515 825 1554 καὶ
855 1511 1027 1568 ὕστερον
1055 1511 1315 1569 τυφλωθέντι
1344 1510 1456 1568 παρὰ
1478 1514 1553 1554 τοῦ
1573 1510 1667 1552 υἱοῦ

199 1582 267 1624 καὶ
291 1580 494 1634 βασιλέως
525 1579 818 1635 συνοικήσασα.
889 1582 972 1623 ἐπεὶ
1003 1582 1048 1624 δὲ
1075 1581 1189 1624 οὔπω
1223 1580 1363 1635 καιρὸς
1384 1577 1515 1622 ἐκάλει
1539 1581 1724 1623 einez-20

200 1654 293 1692 θεῖν
313 1649 416 1705 πρὸς
433 1649 508 1703 τὴν
527 1650 792 1706 Αὐγοῦσταν,
815 1651 941 1704 ἐκείνη
961 1649 1037 1700 ἔξω
1057 1667 1136 1692 που
1155 1653 1344 1703 καθῆστο
1365 1648 1439 1703 τὴν
1461 1645 1669 1704 πρόσκλη-

202 1734 268 1762 σιν
299 1717 574 1772 ἀναμένουσα.
657 1718 751 1761 ἀλλ’
781 1719 998 1776 ἐφίσταται
1025 1720 1091 1761 καὶ
1123 1716 1160 1773 ἡ,
1179 1722 1254 1760 τοῦ
1277 1713 1668 1774 πορφυρογεννήτου

202 1882 442 1929 praeciperent
463 1882 530 1916 iam
553 1881 663 1917 animo
682 1882 840 1927 gaudium
864 1893 1061 1923 successus,
1083 1884 1123 1915 ut
1146 1892 1184 1916 se
1208 1881 1336 1916 dabant
1357 1880 1495 1923 indicia,
1517 1879 1669 1915 certissi-

202 1930 259 1964 mi.
305 1929 423 1974 itaque
456 1940 530 1963 cum
564 1929 665 1974 paulo
695 1934 778 1975 post
809 1930 895 1963 haec
923 1928 1121 1972 contigisset
1150 1927 1251 1962 huius
1279 1927 1442 1962 historiae
1468 1927 1670 1972 scriptorem

204 1974 441 2020 Nymphaeum
464 1975 601 2018 venire,
629 1975 679 2009 ini
702 1976 746 2009 ab
770 1975 994 2021 imperatore,
1028 1975 1083 2008 cui
1106 1974 1149 2008 ad
1173 1974 1346 2019 prandium
1369 1973 1502 2008 sedenti
1524 1974 1671 2008 circum-

201 2022 367 2064 aderant,
399 2022 530 2066 petiere
564 2033 626 2067 per
649 2033 724 2055 eum
747 2026 785 2055 ut
807 2022 890 2067 ipsis
913 2022 1031 2055 liceret
1052 2021 1214 2055 homiuem
1249 2032 1347 2066 quem
1369 2020 1498 2054 scirent
1519 2020 1562 2054 ab
1583 2019 1671 2053 urbe

201 2073 373 2101 recentem
396 2067 610 2112 interrogare
632 2073 672 2101 ut
692 2068 823 2102 valeret
845 2070 1016 2112 Augustus
1039 2066 1167 2108 iunior,
1191 2067 1250 2100 ubi
1272 2067 1524 2108 diversaretur,
1546 2065 1669 2111 quibus

202 2116 263 2147 aut
294 2114 544 2148 remissionibus
578 2118 638 2148 aut
670 2114 947 2158 occupationibus
980 2114 1068 2147 diem
1101 2114 1265 2156 exigeret.
1319 2123 1468 2147 annuens
1499 2114 1672 2155 Augustas

203 2158 304 2192 iussit
327 2163 362 2192 et
385 2160 574 2202 percontari
597 2171 655 2194 eos
680 2171 768 2205 quae
791 2160 969 2202 volebant,
993 2165 1029 2193 et
1054 2159 1261 2204 respondere
1284 2159 1327 2193 ad
1351 2157 1508 2204 quaesita
1529 2156 1672 2191 histori-

201 2216 288 2241 cum.
321 2217 362 2239 ac
386 2217 461 2239 mox
485 2210 519 2238 et
542 2206 607 2239 illis
631 2207 871 2252 quaerentibus
893 2211 929 2240 et
951 2206 1016 2239 hoc
1039 2218 1127 2251 quae
1149 2217 1289 2240 necesse
1309 2209 1396 2246 erat,
1420 2205 1484 2238 hoc
1506 2209 1561 2236 est
1582 2203 1671 2236 bona

199 2261 434 2296 prosperaque
457 2252 648 2294 referente,
673 2253 859 2297 apparebat
882 2252 1023 2287 mirifice
1044 2252 1210 2287 delectari
1231 2251 1408 2286 audientes
1428 2249 1536 2284 Italos
1567 2251 1605 2282 et
1625 2247 1671 2283 ad

199 2297 333 2341 gratias
355 2297 419 2330 deo
444 2298 592 2341 agendas
614 2298 771 2332 excitari.

296 2365 350 2400 19.
398 2364 579 2399 Caeterum
608 2365 875 2411 undetrigesimo
909 2365 1033 2400 mensis
1055 2365 1143 2400 Iunii
1166 2365 1242 2407 die,
1273 2375 1340 2410 quo
1361 2364 1554 2398 sanctorum
1585 2372 1671 2407 apo-

200 2410 363 2446 stolorum
385 2412 507 2446 festum
531 2411 744 2455 ceiebratur,
768 2413 877 2446 altero
901 2417 1058 2445 currente
1081 2423 1168 2445 anno
1192 2422 1235 2445 ex
1259 2421 1325 2455 quo
1349 2410 1532 2454 imperator
1555 2412 1672 2442 castra

199 2457 273 2491 inic
296 2457 465 2499 babebat,
500 2457 644 2501 contigit
667 2458 757 2502 quod
781 2470 856 2491 mox
880 2459 1037 2499 referam,
1060 2458 1238 2491 multarum
1261 2455 1298 2490 in
1320 2461 1492 2500 posterum
1517 2452 1670 2508 Porphy-

199 2503 358 2548 rogenito
382 2503 607 2537 Constantino
632 2502 768 2538 initium
801 2503 1040 2537 calamitatum.
1088 2503 1244 2547 quoniam
1276 2505 1315 2535 ut
1345 2501 1381 2534 in
1412 2501 1503 2534 festo
1532 2499 1595 2534 tali
1627 2510 1671 2533 ex

201 2560 295 2583 more
318 2550 499 2594 oportebat
522 2549 702 2583 convenire
724 2554 900 2593 magnates
922 2548 1014 2594 apud
1036 2548 1292 2592 imperatorem,
1323 2546 1478 2581 similiter
1499 2549 1611 2579 autem
1635 2548 1672 2579 et

202 2595 330 2630 circum
352 2596 538 2640 Augustam
573 2599 770 2629 conventum
796 2599 1024 2628 matronarum
1047 2593 1144 2636 fieri,
1178 2594 1361 2628 adfuerunt
1393 2605 1434 2626 ea
1469 2602 1573 2625 causa
1595 2602 1672 2625 cum

205 2641 294 2676 aliae
316 2640 480 2686 plurimae
503 2653 544 2676 ac
566 2641 743 2684 maximae,
767 2645 839 2674 tum
861 2639 1068 2684 praenobilis
1090 2651 1175 2674 anus
1198 2637 1489 2684 Strategopulina‚
1516 2648 1605 2682 quae
1627 2647 1672 2671 ex

203 2688 342 2722 Ioannis
366 2680 484 2723 Ducae
513 2687 588 2722 olim
619 2687 834 2733 imperatoris
855 2687 965 2720 fratre
989 2690 1069 2719 nata
1097 2685 1219 2719 deinde
1250 2689 1414 2730 nupserat
1445 2682 1671 2718 Constantino

206 2734 467 2780 Strategwulo,
501 2745 522 2768 a
552 2733 622 2768 filio
644 2733 798 2775 Ioannis,
828 2732 906 2766 dum
937 2731 968 2766 is
993 2731 1198 2777 imperaret,
1227 2734 1420 2765 excaecato.
1464 2730 1549 2764 haec
1576 2734 1670 2771 tunc,

230 2780 297 2814 uod
328 2780 537 2815 admissionis
571 2779 616 2815 ad
648 2782 834 2824 Augustam
865 2779 948 2812 hora
978 2777 1124 2812 nondum
1154 2781 1317 2819 venerat,
1350 2782 1450 2811 extra.
1481 2774 1671 2816 considens,

205 2791 286 2862 gum
307 2826 396 2862 intro
420 2826 610 2870 accitetur,
631 2827 856 2873 expectabat,
876 2823 1009 2871 quando
1033 2823 1150 2860 eodem
1173 2823 1309 2860 advenit
1330 2822 1452 2859 coniux
1474 2821 1672 2868 Porphyre-
