1858 3126
294 143 393 197 780
689 145 999 192 OBSERVAT.
1031 147 1340 194 PAGHYMER.
1369 157 1378 185 ἱ

295 261 424 308 gatur.
481 253 599 292 docet
614 252 656 292 id
673 260 808 294 noster
826 269 860 295 c.
881 257 929 297 11
943 285 954 304 ,
984 261 1139 308 tempus
1157 270 1238 295 non
1259 259 1504 310 exprimens:
1530 262 1601 301 sed
1619 263 1734 302 colli-

293 313 400 362 gitur
418 323 466 348 ex
484 310 583 349 serie
604 316 784 349 actorum
802 311 845 350 id
865 318 995 350 actum
1014 313 1086 351 snb
1104 313 1261 352 initium
1278 315 1494 355 Februarii.
1533 319 1734 357 revocatio

295 366 413 404 Vecci
442 379 463 404 e
490 366 612 405 Prusa
633 367 672 404 in
697 367 834 421 urbem
857 381 891 408 c.
911 367 1003 406 libri
1023 369 1193 408 eiusdem
1220 370 1339 422 primi
1357 371 1411 414 84
1430 372 1610 412 refertur.
1666 375 1735 412 sed

294 423 377 460 eius
402 428 554 474 tempus
574 423 831 462 divinandum
856 430 930 464 est.
986 424 1020 462 si
1043 426 1170 464 codex
1187 426 1369 477 antiquus
1387 439 1438 466 ex
1457 441 1537 479 quo
1557 429 1738 470 Sirmon—

293 477 368 516 dus
399 485 531 517 noster
561 479 658 517 Acta
684 480 997 532 pseudosynodi,
1027 495 1105 533 qua
1137 487 1192 519 est
1220 488 1312 534 post
1341 483 1584 535 colloquium
1611 485 1740 537 capite

294 533 413 572 huius
447 534 543 574 libri
571 538 590 576 1
624 536 678 578 35
706 536 874 574 relatum
905 537 1110 576 damnatus
1138 537 1312 587 Veccus,
1347 552 1516 591 quorum
1546 539 1738 580 Actorum

293 590 518 642 apographa
548 591 654 629 misit
680 591 731 630 ad
756 592 968 631 Henricum
989 593 1245 644 Spondanum
1270 600 1310 632 et
1326 595 1377 633 ad
1396 595 1613 634 Odoricum
1632 597 1740 648 Ray-

294 647 458 685 naldum
478 647 771 686 continuatores
787 648 1001 687 Annalium
1017 650 1186 700 Baronii,
1205 657 1252 688 ut
1267 650 1427 690 illorum
1445 658 1609 704 uterque
1624 658 1740 691 testa-

295 709 384 752 tur,
413 703 524 755 prior
544 717 647 742 anno
663 703 808 742 Christi
829 707 934 747 1288
954 719 992 743 n.
1016 709 1088 756 10,
1121 706 1319 758 posterior
1333 720 1396 745 an.
1414 721 1497 759 seq.
1518 721 1559 747 n.
1575 709 1656 758 48,
1682 730 1738 738 —-

294 759 328 797 si
360 759 505 809 codex,
534 761 716 811 inquam,
746 760 813 798 ille
830 760 979 811 integer
998 762 1158 811 fuisset,
1185 762 1417 802 haberemus
1437 777 1486 802 ex
1503 776 1550 802 eo
1570 770 1738 816 tempus,

294 814 374 854 hoc
395 821 454 854 est
479 815 582 854 diem
607 822 645 854 et
664 830 857 866 mensem,
888 817 1102 856 celebratae
1120 818 1233 857 istius
1254 819 1421 870 synodi,
1451 833 1550 871 quae
1567 820 1698 858 statim
1715 834 1738 858 a

294 870 412 909 Vecci
435 873 689 911 revocatione
715 873 1097 925 Constantinopolim
1117 888 1138 913 e
1157 875 1277 913 Prusa
1297 882 1355 913 est
1373 875 1525 926 habita,
1553 876 1663 914 unde
1673 877 1738 922 in·

294 928 557 979 telligeremus
582 942 660 979 quo
688 942 820 967 mense
850 929 941 968 talis
968 930 1007 968 in
1036 930 1173 969 urbem
1204 931 1323 970 Vecci
1347 931 1496 970 reditus
1515 932 1736 983 contigerit.

294 983 364 1022 sed
393 990 439 1037 nt
467 984 650 1023 observat
677 985 935 1036 spondanus,
964 986 1105 1024 titulus
1134 987 1298 1039 synodi,
1328 987 1370 1025 in
1387 1001 1466 1039 quo
1488 993 1640 1039 tempus
1654 988 1737 1026 eius

294 1045 336 1078 et
365 1040 478 1078 locus
504 1040 768 1080 verisimiliter
796 1047 928 1081 notata
957 1042 1134 1092 fuerant,
1162 1057 1300 1095 magna
1321 1055 1370 1082 ex
1388 1049 1502 1096 parte
1531 1044 1738 1083 obliterata

294 1097 338 1134 in
361 1109 407 1135 eo
427 1096 564 1135 codice
582 1098 705 1138 fuere.
1598 1125 1600 1127 >

408 1153 473 1191 lv.
529 1155 664 1192 Restat
683 1166 775 1204 ergo
793 1152 859 1191 via
879 1153 995 1192 unica
1013 1153 1225 1206 indagandi
1242 1153 1331 1193 finis
1353 1154 1481 1203 -lii,
1509 1155 1619 1207 quod
1635 1154 1737 1194 vec.

297 1221 368 1246 cus
391 1209 499 1260 apud
519 1209 655 1248 urbem
675 1211 836 1248 Prusam
860 1209 1047 1260 pertulit,
1075 1223 1125 1249 ex
1143 1211 1241 1249 serie
1261 1225 1393 1250 rerum
1412 1223 1511 1262 quae
1529 1211 1633 1250 inter
1653 1211 1737 1250 eius

297 1264 577 1304 abductionem
602 1265 699 1304 illuc
720 1272 758 1304 et
775 1265 1018 1318 postliminio
1042 1268 1315 1306 retractionem
1333 1267 1591 1306 intervenisse
1610 1267 1658 1305 ab
1676 1266 1738 1304 hi-

295 1321 442 1359 storico
471 1328 609 1360 nostro
637 1328 914 1360 memorantur.
972 1329 1064 1361 sunt
1088 1336 1154 1362 eae
1184 1337 1289 1362 mors
1313 1323 1618 1375 Iosephic.13,
1648 1335 1738 1362 eve-

294 1377 375 1415 ctio
405 1377 447 1416 in
480 1378 791 1430 patriarchatum
821 1377 979 1429 Georgii
1005 1379 1089 1418 sive
1122 1379 1298 1430 Gregorii
1328 1379 1464 1432 Cyprii
1485 1393 1523 1419 c.
1544 1379 1597 1421 14
1614 1385 1653 1417 et
1671 1379 1737 1428 15,

292 1433 490 1484 profectio
522 1434 768 1486 imperatoris
794 1434 834 1471 in
859 1435 1060 1474 Orientem
1081 1449 1116 1475 c.
1138 1438 1215 1485 21,
1243 1441 1283 1474 et
1307 1436 1590 1474 conventiones
1611 1434 1737 1473 Adra-

292 1489 409 1540 mytii
442 1503 515 1541 per
539 1489 668 1541 ignem
705 1490 860 1528 habitae
891 1491 1051 1530 sabbato
1085 1491 1173 1544 ipso
1206 1498 1342 1530 sancto
1380 1490 1512 1544 pridie
1549 1489 1735 1538 Paschae,

292 1550 339 1581 ut
369 1558 411 1595 p.
440 1549 495 1587 62
524 1559 562 1585 v.
594 1550 646 1588 17
677 1559 861 1598 expresse
887 1546 1044 1585 dicitur.
1111 1547 1186 1586 suit
1210 1547 1277 1585 hic
1303 1561 1430 1586 annus
1456 1545 1602 1586 Christi
1626 1547 1734 1588 1283

291 1598 336 1636 in
365 1599 530 1651 periodo
557 1600 707 1638 Iuliana
736 1603 859 1644 5996.
904 1603 1122 1641 numeravit
1150 1604 1307 1654 cyclum
1334 1604 1429 1641 solis
1450 1602 1503 1652 4,
1531 1601 1650 1640 lunae
1667 1614 1738 1639 au-

293 1661 373 1693 tem
407 1659 477 1704 11,
506 1655 575 1707 qui
600 1657 747 1695 Pascha
776 1657 972 1707 assignant
1002 1658 1150 1710 Aprilis
1175 1661 1239 1700 18.
1296 1659 1375 1696 fuit
1410 1671 1500 1708 ergo
1531 1656 1633 1706 dies,
1660 1669 1737 1708 qna

295 1711 602 1750 Arsenianorum
630 1719 670 1750 et
695 1713 1117 1752 Anti-Arsenianorum
1144 1719 1400 1765 utrorumque
1420 1726 1470 1751 ex
1486 1725 1610 1764 aequo
1626 1711 1735 1752 schi-

296 1768 572 1818 smaticorum,
601 1769 750 1820 scripta
779 1769 1021 1820 probationis
1046 1769 1170 1820 gratia
1195 1770 1238 1808 in
1266 1770 1393 1821 ignem
1418 1769 1562 1807 iniecta
1590 1769 1736 1820 pariter

296 1830 492 1874 arserunt,
513 1824 662 1863 decima
679 1824 843 1877 septima
863 1827 1004 1863 mensis
1025 1825 1183 1878 Aprilis,
1205 1839 1317 1876 quem
1338 1832 1378 1864 et
1396 1825 1601 1863 sabbatum
1619 1824 1739 1863 fuisse

298 1880 502 1931 oportuit,
532 1880 719 1931 quoniam
746 1879 772 1921 4
798 1881 900 1933 cycli
926 1881 1063 1920 solaris
1083 1895 1207 1919 annus
1225 1882 1378 1920 literam
1399 1880 1614 1920 dominicae
1633 1879 1740 1918 indi-

299 1950 386 1974 cem
403 1936 524 1975 habet
541 1937 585 1986 C,
614 1950 715 1988 quae
737 1938 912 1976 cernitur
929 1938 970 1975 in
987 1937 1216 1976 kalendario
1235 1945 1369 1976 notata
1387 1938 1437 1976 ad
1454 1937 1556 1976 diem
1573 1949 1739 1987 sequen-

297 1999 382 2031 tem
402 1999 584 2032 octavam
603 1993 793 2032 decimam
815 1993 986 2032 eiusdem
1007 1993 1168 2044 Aprilis.
1213 1999 1480 2032 memorantur
1497 1992 1589 2031 inde
1605 1997 1739 2030 osten-

299 2055 385 2087 tum
417 2049 577 2100 pluviae
603 2049 835 2100 sanguineae
855 2063 986 2088 mense
1007 2050 1108 2087 Maio
1127 2064 1166 2102 p.
1188 2049 1243 2091 54
1261 2064 1298 2090 v.
1322 2053 1394 2098 12,
1424 2048 1622 2101 expeditio
1638 2061 1740 2099 pro-

298 2105 520 2142 tovestiarii
547 2105 590 2142 in
612 2105 807 2144 Occiduos
833 2112 982 2144 tractus
1006 2120 1041 2145 c,
1061 2106 1115 2147 25
1128 2135 1138 2154 ,
1165 2106 1360 2146 exercitus
1375 2111 1522 2156 strages
1544 2117 1595 2143 ex
1613 2105 1680 2142 lue
1698 2109 1739 2141 et

299 2160 413 2198 ducis
436 2160 561 2212 ipsius
587 2161 880 2212 protovestiarii
906 2175 1011 2200 mors
1035 2175 1068 2200 c.
1090 2165 1143 2203 27
1157 2191 1168 2210 ‚
1198 2161 1415 2199 consecrati
1435 2161 1548 2212 panis
1566 2160 1609 2198 in
1628 2172 1736 2198 sacra

300 2216 450 2266 pyxide
478 2217 717 2268 deprehensa
747 2218 949 2268 corruptio
971 2217 1166 2256 dominica
1194 2218 1337 2268 Tyr-ine
1355 2223 1492 2255 vocata
1507 2231 1541 2255 c.
1561 2218 1639 2263 28,
1655 2213 1736 2252 ‘ubi

300 2284 343 2322 p.
363 2274 416 2314 79
439 2285 478 2311 v.
497 2273 525 2314 4
543 2273 686 2312 diserte
705 2274 875 2312 traditur
894 2287 976 2312 eam
994 2273 1223 2325 particulam
1247 2274 1503 2325 putrefactam
1519 2272 1636 2310 fuisse
1651 2269 1738 2330 illic

299 2326 518 2377 depositam
538 2342 641 2367 anno
662 2329 852 2381 superiori
873 2329 965 2368 feria
987 2335 1122 2380 quarta
1143 2328 1409 2367 hebdomadae
1437 2326 1606 2366 maioris.
1661 2331 1738 2363 an'-

297 2395 375 2420 nus
396 2382 466 2419 ille
491 2384 672 2434 superior
693 2386 778 2423 sine
802 2385 923 2423 dubio
949 2386 1023 2423 fuit
1042 2385 1187 2423 Christi
1206 2387 1334 2433 1288,
1363 2396 1442 2435 quo
1466 2395 1578 2430 cum,
1606 2386 1652 2419 ut
1669 2380 1736 2419 di-

298 2437 452 2488 ximus,
481 2439 626 2476 Pascha
654 2441 838 2478 inciderit
855 2441 899 2479 in
917 2441 1019 2479 diem
1038 2443 1089 2482 18
1109 2440 1276 2492 Aprilis,
1306 2439 1402 2478 feria
1421 2443 1559 2489 quarta
1577 2435 1736 2474 maioris

297 2493 564 2532 hebdomadae
592 2495 711 2533 fuerit
729 2496 888 2535 omnino
909 2495 960 2538 14
977 2495 1148 2534 eiusdem
1169 2495 1323 2533 mensis.
1378 2506 1502 2532 annus
1522 2498 1613 2544 post
1627 2491 1738 2530 hunc

299 2563 466 2601 Bequens
483 2549 629 2587 Christi
649 2550 753 2592 1284
776 2552 932 2602 cyclum
953 2551 1048 2589 solis
1071 2550 1291 2589 numeravit
1307 2549 1333 2591 5
1353 2555 1392 2588 et
1409 2561 1570 2587 aureum
1593 2560 1737 2586 nume-

299 2619 390 2645 rum
419 2608 484 2648 12.
538 2604 613 2643 hae
646 2612 761 2643 notae
786 2606 930 2644 Pascha
963 2607 1174 2644 conferunt
1201 2605 1245 2643 in
1271 2605 1375 2644 diem
1400 2617 1549 2643 nonum
1575 2602 1737 2656 Aprilis-¹

297 2661 404 2701 unde
423 2675 514 2700 cum
536 2661 731 2700 dominica
757 2663 915 2712 Ἰζγνὶηε,
945 2662 1077 2699 eadem
1099 2675 1190 2699 cum
1211 2674 1256 2698 ea
1273 2673 1392 2711 quam
1406 2674 1479 2699 nos
1501 2659 1738 2698 dominicam

301 2717 657 2769 Quinquagesimae
677 2731 875 2768 vocamus,
904 2717 976 2755 illo
996 2731 1099 2755 anno
1118 2716 1313 2756 bissextili
1332 2716 1375 2754 in
1392 2716 1495 2756 diem
1511 2714 1739 2756 convenerit

303 2778 355 2818 19
375 2773 594 2826 Februarii,
623 2788 702 2828 quo
729 2787 861 2816 mense
881 2773 1092 2827 superioris
1109 2774 1202 2813 anni
1224 2773 1438 2826 relegatum
1457 2773 1620 2813 Prusam
1636 2771 1740 2812 vec-
