1820 3112
344 151 418 193 DE
454 146 780 192 ANDRONICO
814 143 1188 189 PALAEOLOGO
1224 144 1269 186 L.
1290 141 1366 186 III.
1483 142 1579 188 205

130 266 212 308 δῶν
239 263 303 306 ἐπὶ
327 261 506 318 θάμνοις
532 263 600 304 καὶ
628 260 793 318 πέτραις
811 256 1085 315 πρόσκρουσιν
1116 256 1184 299 ἐπί
1199 273 1239 299 τι
1268 252 1467 312 φρούριον
1491 258 1584 299 δια-

130 331 340 386 σώζονται.
410 330 580 387 ἱὶστερον
603 330 648 372 δὲ
680 324 983 381 καταλαβόντες
1007 326 1047 370 οἶ
1072 326 1260 382 πειραταὶ
1280 324 1460 381 ἔγνωσαν
1479 323 1583 375 ὅλως

799 394 821 411 Ἃ

128 400 412 458 σεσοφισμένοι
438 398 540 454 παρ’
572 396 751 449 ἑαυτῶν,
794 415 821 451 η
846 399 1004 450 μᾶλλον
1035 398 1111 448 τῆς
1129 394 1346 450 προνοίας,
1377 390 1432 444 ὦς
1453 392 1504 436 ἄν
1522 410 1585 444 τις

129 467 318 512 εἰκάσειε·
358 467 459 518 τέως
488 468 533 510 δὲ
558 463 751 520 λαβόντες
779 465 846 507 καὶ
880 468 983 506 ναῦν
1010 463 1078 505 καὶ
1112 464 1263 519 φορτία
1296 459 1488 518 ἐχώρουν.
1559 460 1582 505 ὅ

97 539 173 582 5δὲ
202 536 395 592 βασιλεὺς
428 535 480 579 τὰ
512 537 603 591 περὶ
634 531 791 577 τούτων
818 529 995 587 μαθών,
1029 531 1096 573 καὶ
1126 528 1182 579 ὥς
1216 530 1321 580 εἷκός
1349 528 1585 587 προσαλγῆ-

128 622 229 658 σας,
266 604 415 654 ἄλλους
446 603 684 660 εὐτρεπίσας
723 601 933 655 ἐκπέμπεν
983 599 1023 642 οἱ
1053 598 1097 641 δ’
1131 593 1235 652 ἦσαν
1274 597 1296 642 ὅ
1326 615 1370 641 τε
1402 599 1467 641 ἐπὶ
1501 602 1584 642 τῶν

128 673 301 730 δεήσεων
325 673 484 722 Γλυκὺς
509 669 697 726 Ἰωάννης
723 672 790 713 καὶ
824 667 845 713 ὃ
873 673 956 712 τῶν
989 667 1144 724 ἅγελῶν
1169 667 1394 723 λογοθίτης
1430 665 1451 709 ὃ
1484 670 1579 710 Me·
1603 669 1636 703 Ε

131 742 296 798 τοχίτης
318 739 545 797 Θεόδωρος.
616 740 661 783 οἳ
675 738 725 794 δὴ
750 735 1025 795 προσσχόντες
1043 741 1207 793 πρῶτον
1224 740 1275 793 τῇ
1294 733 1477 794 Κύπρῳ,
1516 738 1583 778 καὶ

127 816 186 870 τῷ
209 810 299 868 ῥηγὶ
326 811 641 867 προσμίξαντες,
676 805 781 862 εἶχον
808 807 882 861 μὲν
906 806 1054 849 ἐκεῖνον
1072 804 1219 848 αὐτίκα
1241 804 1312 862 ἐφ’
1335 802 1396 854 οἷς
1416 801 1582 859 ἐζήτουν

75 876 360 933 ιοπειθῆνιον,
394 876 440 921 ἓν
466 879 511 921 δὲ
538 878 605 920 καὶ
640 873 767 931 μόνον
792 874 941 934 ἐκεῖνος
971 871 1297 931 προσιστάμενον
1320 872 1502 929 ἐγνωκὼς
1528 877 1581 930 τῇ

126 945 270 1004 πράξει
302 946 417 990 ἴθελε
446 945 627 995 κάκεῖνος
657 945 899 1000 ἐξημεροῦν·
937 942 985 986 τὸ
1017 942 1065 985 δ’
1096 937 1147 998 ἦν
1173 942 1222 984 τὸ
1246 940 1327 984 ὑπὸ
1359 946 1492 999 βουλῇ
1513 943 1581 984 καὶ

127 1013 294 1070 θελήσει
323 1019 396 1070 τῆς
421 1014 527 1057 κατὰ
552 1011 710 1068 Ῥώμην
746 1011 957 1067 ἐκκλησίας
994 1011 1043 1054 τὸ
1069 1008 1338 1066 συνάλλαγμα
1379 1007 1582 1067 διαπράτ-

126 1088 287 1127 τεσθαι.
366 1087 498 1126 ταῦτα
530 1082 575 1124 δ’
605 1077 710 1137 ἦσαν
745 1078 897 1138 χρόνου
937 1081 1006 1122 καὶ
1045 1083 1189 1135 τριβῆς
1222 1077 1405 1133 δεόμενα.
1473 1078 1579 1122 ἀλλὰ
1603 1088 1631 1123 Ρ
1656 1089 1721 1124 140

125 1151 474 1210 προστεταγμένον
506 1150 646 1200 αὐτοῖς
671 1151 738 1193 καὶ
774 1149 888 1206 παρὰ
913 1148 1010 1198 τοὺς
1038 1152 1112 1203 τῆς
1135 1148 1349 1204 Ἀρμενίας
1381 1146 1583 1204 ἄρχοντας

73 1220 337 1273 15ἆπαντᾶν,
381 1221 540 1263 ἐκείνων
572 1223 735 1275 πρῶτον
769 1214 1159 1274 προσλιπαρούντων
1187 1218 1276 1273 περὶ
1311 1218 1426 1260 δυοῖν
1458 1215 1582 1259 ἀδελ-

126 1295 240 1346 φαῖν,
272 1287 342 1345 ἐφ’
364 1282 471 1347 ᾧπερ
491 1286 546 1338 ὥς
564 1284 784 1341 βούλονται
802 1284 1025 1343 χρήσαιντο
1049 1283 1265 1343 (μηδὲγὰρ
1288 1284 1388 1339 ἴχειν
1405 1284 1582 1341 ποτέραν

125 1361 333 1414 προτιμᾶν
359 1358 415 1406 εἷς
444 1356 519 1411 τὴν
537 1360 596 1414 τῷ
613 1360 776 1410 βασιλεῖ
793 1355 1028 1411 πρέπουσαν
1046 1350 1234 1408 κήδευσιν
1247 1385 1261 1405 ,
1299 1351 1356 1403 ὦς
1373 1370 1584 1410 προτιμω-

127 1426 252 1480 μένης
268 1428 365 1479 μιᾶς
385 1426 452 1467 καὶ
473 1424 656 1479 θατέραν
679 1422 870 1479 ἕπεσθαι)
883 1455 897 1475 ,
926 1422 1049 1464 ἐκεῖσε
1069 1425 1166 1477 γοῦν
1197 1419 1402 1477 γεγονότες
1422 1422 1463 1465 οἷ
1480 1439 1585 1475 πεμ-

127 1493 302 1550 φθέντες
328 1494 394 1535 καὶ
423 1492 658 1549 ἀμφοτέρας
687 1491 830 1546 ἄγουσι
839 1523 852 1543 ,
883 1489 958 1544 τὴν
977 1490 1052 1544 μέν
1078 1493 1137 1548 τῷ
1155 1493 1322 1542 βασιλεῖ’
1339 1490 1378 1532 οἳ
1391 1488 1580 1544 συνοική-
1605 1496 1634 1530 Β

72 1567 306 1614 Ξοσωισαν,
350 1561 426 1616 τὴν
458 1560 500 1603 δ’
529 1559 642 1611 ἄξιον
668 1557 922 1616 εὖρῆσουσαν
950 1558 1021 1601 τὸν
1056 1559 1244 1614 νυμφίον.
1326 1556 1381 1608 ὥς
1415 1559 1460 1601 δὲ
1492 1562 1582 1618 πλῷ

122 1630 344 1687 χρωμένων
368 1630 553 1679 κίνδυνος
579 1629 794 1686 ἐφίσταται
823 1631 876 1684 τῇ
905 1626 1083 1687 προτέρᾳ
1114 1630 1292 1682 χαλεπῆς
1320 1624 1582 1683 ἔνσκηψάσης

218 1741 270 1776 16.
293 1738 472 1787 προτέραν
495 1739 534 1774 Ρ.

127 1830 248 1877 pedum
275 1830 490 1865 offensionem
505 1855 515 1872 ‚
546 1830 582 1864 in
613 1829 779 1876 quandam
805 1830 879 1864 eius
900 1833 1030 1865 tractus
1052 1828 1324 1864 munitiunculam
1347 1826 1434 1862 salvi
1456 1837 1580 1872 perve-

130 1879 264 1910 nerunt.
308 1876 439 1910 reversi
460 1876 594 1922 piratae
618 1887 681 1921 spe
701 1887 764 1910 sua
786 1887 824 1910 se
845 1876 978 1910 delusos
1000 1887 1078 1910 sero
1102 1876 1299 1915 doluerunt,
1346 1884 1524 1917 uamquam
1542 1872 1578 1906 in

126 1921 192 1955 hoc
213 1921 324 1955 verius
346 1921 512 1967 quispiam
535 1922 738 1956 consulentis
765 1921 994 1956 innocentibus
1023 1921 1196 1966 oppressis
1218 1918 1317 1964 provi
1342 1918 1453 1952 entiae
1475 1919 1581 1952 bene-

125 1966 238 2000 ficium
261 1967 394 2000 divinae
415 1978 514 2011 quam
537 1967 700 2002 humanae
727 1967 765 2001 in
795 1967 980 2002 latronibus
1010 1965 1254 2011 imprudentiae
1286 1975 1398 1998 casum
1433 1975 1579 2009 agnove-

126 2011 186 2046 rit.
230 2015 271 2046 ut
293 2014 332 2044 ut
352 2012 408 2052 sit,
422 2012 570 2046 abducta
592 2024 666 2046 cum
687 2024 790 2047 onere
810 2013 944 2047 triremi
966 2012 1100 2058 piratae
1120 2011 1287 2045 abierunt.
1332 2020 1372 2044 re
1393 2009 1578 2054 imperator

127 2056 284 2102 cognita,
315 2056 515 2098 miseratus,
548 2061 588 2091 ut
610 2068 674 2102 par
695 2063 780 2100 erat,
801 2058 972 2099 infelices,
1005 2057 1088 2091 alios
1110 2056 1153 2090 ad
1176 2055 1264 2089 idem
1285 2054 1417 2100 legatos
1437 2055 1578 2090 instruit

127 2107 164 2137 et
185 2102 301 2143 mittit,
323 2102 516 2146 magistrum
537 2102 700 2136 videlicet
719 2103 902 2137 libellorum
924 2104 1080 2137 Ioannem
1106 2102 1240 2145 Glycyn
1263 2105 1299 2135 et
1331 2101 1502 2146 agelarum
1525 2102 1577 2136 lo-

126 2148 298 2193 gothetam
321 2148 534 2182 Theodorum
557 2147 775 2183 Metochiten.
820 2149 853 2182 hi
876 2149 1017 2193 primum
1046 2148 1083 2180 in
1105 2147 1256 2192 Cyprum
1279 2147 1412 2193 appulsi
1428 2157 1578 2192 regeque

125 2193 222 2228 adito
252 2192 385 2227 facilem
416 2204 491 2227 eum
524 2193 568 2227 ad
591 2193 762 2238 postulata
783 2198 994 2239 repererunt.
1039 2193 1075 2226 in
1106 2203 1174 2226 uno
1194 2192 1320 2237 solum,
1351 2191 1440 2238 quod
1471 2193 1578 2227 minus

126 2239 248 2284 legatis
269 2239 446 2281 arrideret,
472 2239 683 2273 obfirmatum
704 2250 742 2273 se
764 2250 826 2273 rex
850 2239 999 2284 Cyprius
1032 2238 1201 2279 ostendit,
1231 2249 1298 2284 quo
1328 2238 1404 2284 ipso
1436 2239 1579 2272 admini-

124 2284 264 2320 strando
286 2296 325 2319 se
348 2284 536 2330 recipiebat
558 2284 757 2318 effecturum
783 2288 822 2318 ut
854 2284 888 2318 id
913 2295 986 2318 cum
1008 2295 1109 2329 quam
1131 2283 1264 2318 minima
1287 2285 1495 2318 Graecorum
1518 2286 1578 2319 of-

125 2330 279 2365 fensione
307 2332 517 2365 succederet.
561 2330 598 2364 id
627 2335 738 2364 autem
771 2333 846 2365 erat
880 2330 1088 2376 approbante
1122 2341 1164 2363 ac
1184 2329 1317 2364 volente
1339 2330 1484 2365 ecclesia
1505 2331 1579 2364 Ro-

127 2387 227 2410 mana
248 2376 311 2410 hoc
333 2376 578 2410 matrimonium
601 2387 776 2422 peragere.
821 2375 881 2410 sed
904 2377 990 2410 haec
1019 2375 1216 2420 indigebant
1237 2378 1388 2420 tempore
1410 2387 1452 2410 ac
1474 2387 1578 2411 mora.

126 2421 261 2455 interim
290 2422 415 2467 legati,
446 2421 536 2468 quod
571 2426 606 2456 et
635 2422 670 2456 in
700 2421 866 2456 mandatis
894 2421 1085 2462 habebant,
1121 2420 1167 2455 ad
1196 2419 1366 2467 principes
1399 2421 1579 2456 Armeniae

125 2467 344 2502 transierunt.
388 2467 438 2501 illi
461 2479 522 2512 pro
545 2479 613 2502 una
641 2467 727 2502 duas
749 2468 851 2502 etiam
881 2467 1109 2501 obtrudebant
1130 2477 1151 2500 e
1171 2477 1252 2511 rege
1275 2471 1459 2512 prognatus
1480 2478 1576 2501 soro-

125 2523 205 2555 res,
224 2513 382 2558 ultroque
401 2513 575 2548 instabant
596 2514 713 2548 ambas
734 2513 888 2559 accipere
914 2524 958 2546 ne
979 2514 1203 2557 gravarentur
1210 2537 1222 2555 ,
1255 2517 1292 2548 et
1311 2512 1507 2558 imperatori
1528 2511 1577 2546 si-

127 2560 231 2600 stere,
250 2563 330 2592 utra
350 2559 459 2603 magis
480 2559 662 2603 placuisset
689 2560 855 2593 electura:
888 2559 939 2592 sui
971 2558 1058 2592 enim
1090 2557 1237 2602 ipsorum
1266 2558 1382 2592 iudicii
1411 2569 1477 2592 non
1500 2567 1575 2592 esse

127 2602 268 2638 alteram
290 2604 389 2638 alteri
410 2606 605 2649 praeferre,
640 2615 726 2650 quas
754 2604 848 2650 paris
872 2604 1016 2637 invicem
1046 2603 1250 2646 dignationis
1271 2614 1314 2638 ac
1335 2604 1444 2638 meriti
1467 2603 1577 2638 habe-

126 2651 214 2682 rent.
270 2649 443 2684 oollocutis
470 2650 561 2684 inter
593 2661 671 2684 sese
702 2650 826 2695 legatis
857 2650 946 2683 haud
983 2649 1191 2694 repudianda
1229 2649 1375 2684 conditio
1408 2648 1483 2682 visa
1513 2650 1578 2683 est.

126 2696 304 2738 utramque
327 2694 433 2739 igitur
454 2695 608 2729 volentes
639 2706 831 2740 germanam
854 2694 1044 2737 abducunt,
1066 2705 1207 2748 quarum
1227 2695 1346 2740 ntique
1368 2704 1435 2728 una
1455 2692 1579 2727 iuniori

127 2737 279 2782 Augusto
301 2741 462 2782 nuberet,
484 2740 584 2774 alteri
605 2740 725 2786 dignus
747 2751 908 2785 sponsus,
933 2739 1023 2774 haud
1042 2739 1111 2774 ium
1131 2740 1322 2782 defuturus,
1343 2742 1576 2784 quaereretur.

124 2781 205 2817 inde
227 2794 301 2818 cum
321 2785 410 2819 inter
430 2785 653 2830 navigandum
674 2786 770 2832 prior
790 2786 956 2831 regiarum
970 2785 1136 2831 virginum
1157 2785 1255 2831 gravi
1277 2788 1438 2831 correpta
1459 2784 1575 2819 morbo
