1858 3126
310 166 410 220 658
703 171 1348 222 OBSERVAT.PAGHY1VOER.

315 298 357 335 p.
376 281 456 326 542
472 293 513 324 V.
523 284 588 324 10.
617 284 702 330 τοῖς
722 278 794 334 μὲν
807 279 1021 335 ναυάρχοις
1032 298 1082 322 τα
1099 284 1182 324 τῶν
1198 279 1469 349 avassolq‘i'vz‘
1433 301 1490 334 ως
1508 283 1629 340 εἶχον,
1647 280 1749 353 πρὸς

179 343 204 376 P
228 344 294 380 460
314 337 502 398 βασιλέως
531 333 830 392 φιλοτιμότερον
856 339 1150 391 μετημφίαστο,
1177 339 1232 377 sic
1256 340 1478 407 exprimit:-
1471 343 1534 383 οἱ
1557 341 1750 396 ναυάρχοι

314 390 543 434 Γεννουῗται
569 397 758 446 τιμῶνται
783 393 890 447 παρα
917 398 992 435 τοῦ
1019 394 1209 448 βασιλέως
1241 392 1426 449 ἀλλαγαῖς
1456 396 1620 449 {partim
1649 403 1749 452 λαμ-

313 463 439 503 πρων.
493 449 549 486 ita
576 449 668 498 ille3
706 450 746 488 in
770 451 911 502 quibus
942 464 1023 488 non
1052 457 1195 490 temere
1222 452 1401 503 suspicor
1429 465 1567 491 vocem
1594 455 1750 505 quidem

313 506 441 558 ipsum
470 501 652 560 ἆλλαγῶν
679 519 729 544 ex
758 506 864 545 hisce
891 520 990 558 quae
1009 507 1127 544 modo
1152 513 1366 546 tractamus
1386 507 1633 560 Pachymeris
1651 510 1751 549 locis

316 561 534 613 accepisse,
566 561 663 612 quid
687 568 815 601 autem
845 576 890 601 ea
915 577 986 601 suo
1004 563 1153 601 iudicio
1172 564 1342 613 valeret,
1372 564 1637 603 demonstrare
1650 570 1751 604 stu-

300 617 446 655 duisse
473 617 726 656 adiunctione
760 619 810 656 ad
837 619 945 656 illam
973 619 1171 670 exegetica
1206 615 1373 671 ἴματίὼν
1398 623 1604 673 λαμπρῶν.
1668 634 1751 659 non

314 673 520 712 omittatur
539 673 588 711 ad
609 680 840 722 extremum,
868 674 961 713 hinc
982 676 1146 713 sortasse
1167 675 1462 740 originationem
1487 676 1579 715 duci
1599 676 1751 727 plausi-

314 729 493 767 biliorem
515 742 630 780 posse
659 730 844 768 vocabuli
868 726 1052 784 ἄλλᾶγιον
1081 744 1124 769 ea
1144 744 1260 781 quam
1283 731 1409 800 priori
1438 738 1571 771 nostro
1590 732 1752 770 Glossa-

313 785 374 822 rio
397 784 669 823 haesitabundi
696 788 1019 838 proponebamus.
1074 787 1170 837 quid
1199 787 1232 824 si
1255 788 1357 825 enim
1382 784 1547 841 αλλᾶγια
1568 794 1752 840 putemus

314 840 416 878 dicta
438 840 558 878 fuisse
581 842 744 892 collegia
766 856 834 880 seu
860 857 1027 895 corpora
1055 842 1224 880 militum
1250 838 1399 899 αλλαγῇ
1421 844 1560 892 simili,
1589 843 1667 882 hoc
1691 849 1752 882 est

300 902 434 941 ·veste‚
462 873 705 935 utentium?o
713 912 808 948 quae
833 898 1053 936 communio
1080 898 1195 936 facile
1220 884 1436 938 coalescere
1453 900 1557 938 inter
1579 899 1752 938 eiusdem

314 952 481 990 nationis
501 959 668 991 armatos
689 954 830 1005 potuit.
888 961 994 993 certe
1014 955 1054 992 id
1079 954 1306 993 convenisse
1333 955 1494 1007 proprio
1521 955 1752 1007 praesertim

314 1009 559 1059 imperatoris
592 1005 762 1065 ἅλλαγίῳ
794 1010 1023 1048 nominatim
1055 1010 1103 1047 ab
1129 1010 1356 1062 Acropolita
1388 1017 1620 1060 memorato,
1666 1011 1752 1050 sive

313 1061 439 1112 τάξει,
469 1077 584 1114 quam
603 1064 707 1104 idem
726 1079 861 1104 vocem
881 1080 952 1118 pro
976 1065 1085 1104 illius
1104 1066 1262 1104 alterius
1279 1080 1499 1117 synonyma
1516 1067 1663 1118 ponit,
1679 1077 1751 1105 ve—

312 1119 546 1158 lisimillime
563 1121 797 1171 cogitabitur
815 1135 864 1159 ex
884 1136 958 1160 usu
978 1135 1130 1173 quoque
1150 1121 1339 1160 hodierno
1360 1122 1623 1172 distinguendi
1641 1127 1751 1160 certo

313 1186 454 1225 genere
479 1176 642 1224 coloris,
669 1177 834 1227 insignis
859 1177 1013 1216 habitus
1041 1183 1107 1215 aut
1133 1178 1340 1228 peculiaris
1371 1177 1588 1229 chlamydis
1620 1183 1750 1216 certos

313 1231 470 1268 ordines
489 1232 679 1281 militum,
709 1233 879 1286 principi
901 1233 1059 1272 nomine
1076 1233 1164 1284 ipso
1187 1246 1233 1270 ac
1254 1233 1444 1284 singulari
1461 1234 1616 1272 delectu
1633 1233 1752 1271 addi-

316 1293 486 1325 ctorum.
542 1294 633 1339 post
658 1288 756 1326 haec
785 1290 912 1327 omnia
938 1290 1082 1341 scripta
1105 1289 1363 1327 animadverti
1382 1289 1511 1328 locum
1530 1288 1752 1328 aliumhuc

314 1343 571 1394 pertinentem
593 1344 719 1382 nostri
736 1345 918 1395 auctoris,
947 1357 1064 1397 quem
1081 1345 1173 1383 vide
1189 1359 1229 1396 p.
1251 1347 1301 1386 81
1325 1358 1365 1384 v.
1377 1347 1424 1387 9·

424 1395 769 1450 ἅλληλένδετα
789 1415 828 1453 p.
844 1404 896 1443 93
913 1413 952 1442 v.
974 1403 1036 1443 18.
1090 1399 1145 1438 ita
1163 1400 1311 1452 optime
1325 1399 1499 1439 omnium
1515 1398 1751 1438 Barberinus

315 1453 464 1502 codex,
493 1466 584 1492 cum
609 1455 828 1494 Allatianus
856 1453 1149 1510 αλληθενδεκτᾶ
1177 1455 1344 1506 scribat,
1382 1455 1594 1495 Vaticanus
1621 1461 1751 1494 autem

313 1505 598 1559 α’λληλενδοτᾶ,
636 1511 706 1549 ille
736 1512 938 1561 vitiosius,
971 1512 1038 1550 hic
1065 1512 1326 1564 propinquius
1360 1525 1466 1551 vero.
1520 1516 1660 1549 notum
1690 1515 1753 1548 est

314 1562 430 1604 δετόν
456 1565 635 1603 vinctum
652 1573 691 1604 et
707 1580 855 1606 nexum
875 1581 1026 1616 sonare,
1057 1581 1078 1605 a
1098 1567 1173 1607 δέω
1190 1569 1285 1619 ligo.
1342 1574 1399 1605 est
1416 1579 1506 1617 ergo
1525 1561 1751 1616 αλληλένδε-

315 1634 384 1659 τον
414 1621 583 1657 invicem
603 1635 765 1672 nexum,
791 1629 837 1661 ut
859 1624 911 1661 sit
933 1620 1175 1674 ἰσοδύναμον
1195 1626 1252 1678 τῷ
1274 1618 1543 1674 ἆλληλόπλοκα
1565 1634 1659 1658 mox
1677 1634 1752 1672 po-

315 1676 405 1724 sito,
434 1676 633 1728 aptissima
656 1677 817 1717 notione
834 1679 885 1717 ad
899 1679 978 1717 loci
996 1664 1239 1728 sententiam,
1268 1683 1313 1716 ut
1330 1678 1454 1717 lector
1478 1676 1659 1716 oculatus
1673 1682 1751 1715 sta-

314 1731 385 1770 tim
410 1738 553 1770 cernet.

425 1783 778 1841 ἄμαγείρευτοι
803 1803 842 1841 p.
867 1793 921 1834 88
941 1803 981 1830 v.
1001 1789 1040 1830 4.
1096 1788 1164 1840 qui
1181 1793 1419 1827 vocarentur
1443 1787 1626 1827 hocloco
1648 1802 1750 1840 αμα-

314 1843 504 1896 γείρευτοι
527 1857 617 1882 cum
639 1846 742 1884 foret
761 1846 937 1884 divinare
961 1846 1223 1884 necessarium
1247 1844 1290 1882 in
1317 1844 1472 1883 silentio
1497 1843 1751 1895 scriptorum,

315 1911 398 1936 non
420 1901 594 1938 occurrit
612 1901 717 1952 quod
732 1902 986 1940 verisimilius
1004 1902 1169 1940 dicerem
1188 1914 1301 1952 quam
1326 1900 1434 1951 quod
1450 1900 1493 1938 in
1510 1899 1750 1951 interpreta—

314 1956 423 1993 tione
439 1956 574 2007 posui,
604 1957 660 1995 sic
685 1970 824 2010 nempe
846 1963 1010 1996 vocatos
1031 1970 1096 1996 eos
1116 1957 1184 2008 qui
1206 1962 1414 2008 postquam
1431 1957 1475 1993 in
1493 1955 1622 2007 aliqua
1641 1960 1752 2006 parte

315 2011 521 2049 ministerii
538 2018 607 2051 aut
631 2015 896 2065 praefecturae
916 2014 1106 2064 coquinae
1122 2012 1318 2051 Palatinae
1337 2013 1563 2050 diuturnam
1581 2010 1750 2063 probas-

317 2074 403 2103 sent
432 2069 610 2118 operam,
637 2069 731 2108 inde
758 2069 908 2108 emeriti
935 2068 1296 2120 promovebantur
1285 2082 1326 2105 m
1351 2067 1585 2135 speciosiora
1605 2066 1749 2115 officia,

317 2128 362 2159 ut
387 2121 453 2159 hic
469 2123 653 2163 Nicolaus
673 2125 722 2163 ad
749 2125 1039 2177 episcopatum,
1075 2138 1306 2176 quamquam
1322 2137 1372 2161 ne
1396 2119 1550 2174 ἆμέσως
1568 2134 1706 2160 manus
1726 2133 1751 2159 e

318 2178 446 2214 culina
466 2179 644 2218 sordidas
672 2181 722 2219 ad
746 2195 831 2219 aras
858 2182 997 2230 ferret,
1026 2181 1266 2233 professione
1284 2191 1395 2230 prlus
1419 2178 1630 2216 monastica
1647 2189 1751 2227 pur-

317 2238 429 2282 gatus
447 2234 575 2273 videri
598 2237 743 2287 potuit,
771 2249 914 2275 nomen
934 2251 983 2275 ex
1002 2251 1043 2275 ea
1067 2242 1279 2288 sumptum,
1308 2234 1517 2285 Neophyti,
1545 2231 1751 2270 cathedrae

317 2288 498 2326 Prusensi
522 2289 722 2330 honestius
749 2292 931 2331 inferens.
998 2293 1070 2331 etsi
1102 2298 1227 2330 autem
1267 2291 1309 2328 in
1349 2288 1507 2328 Graecis
1535 2286 1751 2336 originibus

320 2343 472 2382 culinae
497 2344 563 2382 hic
585 2346 779 2385 Palatinae
796 2349 906 2386 nulla
924 2348 1110 2386 indicatio
1131 2354 1209 2396 est,
1237 2359 1299 2384 res
1317 2351 1447 2382 tamen
1463 2344 1548 2394 ipsa
1566 2341 1752 2393 prudenti

320 2397 585 2437 coniecturam
606 2403 787 2453 suggerit,
814 2404 931 2441 talem
948 2403 1114 2454 intelligi
1134 2407 1326 2454 oportere,
1353 2398 1458 2436 hoc
1446 2411 1532 2449 ipso
1553 2397 1657 2447 quod
1677 2409 1752 2434 cu—

321 2453 404 2490 lina
422 2462 673 2496 memoratur.
729 2472 820 2496 nam
836 2459 877 2496 id
895 2472 964 2509 per
980 2472 1020 2496 se
1040 2465 1120 2496 tam
1138 2458 1217 2494 vile
1235 2454 1489 2493 ministerium
1510 2452 1585 2493 nisi
1600 2465 1620 2490 e
1641 2452 1752 2503 prin-

321 2508 440 2560 cipali
465 2510 580 2548 domo
605 2512 822 2562 splendoris
847 2513 995 2564 aliquid
1018 2513 1204 2564 accipiat,
1234 2509 1443 2548 obsoletius
1472 2508 1753 2558 obscuriusque

321 2575 394 2616 per
419 2577 461 2603 se
485 2565 538 2603 sit
561 2579 678 2616 quam
693 2574 739 2605 ut
756 2567 799 2605 in
817 2569 966 2619 scripto
982 2568 1143 2620 publico
1163 2572 1267 2606 recte
1290 2569 1518 2604 ostentetur.
1572 2569 1752 2615 praeter-

321 2631 437 2671 quam
452 2620 624 2660 favorem
641 2622 878 2675 principum,
906 2623 988 2661 sine
1004 2637 1079 2673 quo
1096 2623 1170 2660 iste
1191 2619 1422 2671 Neophytus
1442 2632 1519 2657 non
1542 2631 1752 2670 promove-

319 2682 432 2714 retur
462 2676 505 2714 in
531 2677 798 2730 episcopatum
825 2678 933 2716 urbis
955 2678 1138 2727 illustris,
1167 2689 1335 2729 pronum
1361 2675 1565 2714 aestimata
1587 2679 1645 2712 est
1669 2686 1753 2711 non

318 2731 394 2770 alia
414 2732 534 2782 gratia
549 2731 642 2771 huic
661 2734 852 2786 aspirasse
871 2747 987 2785 quam
1007 2745 1057 2772 ex
1078 2732 1411 2771 commendatione
1428 2731 1558 2769 intimi
1575 2729 1754 2768 ministe-

319 2786 370 2827 rii
397 2786 491 2827 olim
514 2790 794 2842 regnantibus
782 2789 963 2843 impensi.
1017 2788 1197 2841 congruit
1216 2795 1343 2829 autem
1364 2786 1561 2838 analogia,
1589 2791 1636 2825 ut
1653 2783 1752 2824 mis-
