1858 3126
118 506 1575 590 PETRIPOSSINIEfizk

398 621 1309 687 OBSERVATIONUM

245 723 1456 789 PACHYMERIANARUM

454 831 522 865 AD
554 827 886 865 ms‘romAM
916 823 1246 860 ANDRoMcl

666 895 907 940 LIBER
962 893 1026 936 ΙΙ.

581 973 1109 1027 NOTAE.

123 1218 197 1286 P,
230 1241 282 1280 12
311 1251 350 1278 v.
384 1241 422 1278 7.
481 1238 759 1287 imperatorem
788 1235 839 1272 ab
865 1234 1050 1271 ecclesiae
1068 1233 1312 1270 auctoritate
1334 1233 1419 1274 iam
1441 1230 1579 1267 animo
1603 1229 1631 1263 1>
1655 1228 1721 1262 516

126 1295 301 1346 deficere.
359 1300 418 1331 est
431 1293 498 1331 hic
513 1294 728 1344 imperator
748 1305 825 1342 quo
847 1291 896 1328 de
915 1292 1045 1339 agitur
1060 1290 1144 1326 sine
1164 1287 1287 1325 dubio
1307 1285 1579 1333 Andronicus;

125 1364 244 1402 quem
260 1351 421 1388 vivente
440 1348 572 1387 adhuc
591 1355 727 1400 patre,
756 1347 821 1385 cui
839 1353 923 1384 erat
940 1346 980 1383 in
1003 1345 1171 1396 imperio
1187 1344 1334 1393 collega
1347 1372 1357 1392 ,
1386 1341 1582 1395 perterri-

124 1415 212 1444 tum
243 1407 419 1445 tumultu
444 1405 782 1444 schismaticorum
802 1404 879 1440 iam
900 1402 1030 1440 animo
1051 1401 1236 1439 defecisse
1262 1414 1284 1437 a
1308 1399 1432 1451 patris
1453 1404 1494 1437 et
1514 1412 1580 1436 ec-

124 1462 266 1501 clesiae
305 1461 536 1500 auctoritate
564 1460 774 1499 historicus
798 1459 876 1496 hoc
901 1459 989 1496 loco
1019 1458 1147 1497 docet.
1204 1456 1311 1494 unde
1336 1455 1580 1505 intelligatur

125 1532 243 1571 quam
271 1532 485 1569 congruam
520 1517 751 1555 defectionis
772 1528 939 1568 poenam
965 1514 1122 1562 tulerit,
1154 1512 1222 1564 qui
1243 1518 1353 1550 metu
1370 1511 1578 1550 turbarum

125 1575 333 1615 revolutus
351 1575 394 1612 in
415 1573 605 1612 schisma:
635 1573 789 1611 nullum
806 1572 887 1610 fere
912 1572 954 1609 in
971 1570 1146 1608 omnium
1169 1568 1442 1607 infelicissimo
1466 1567 1578 1618 prin-

124 1633 263 1684 cipatu
280 1632 383 1670 diem
404 1644 572 1668 vacuum
594 1643 615 1666 a
635 1629 760 1676 turbis
783 1627 1006 1666 domesticis
1025 1626 1208 1665 civilibus
1228 1624 1380 1663 bellicis
1398 1623 1578 1662 ecclesia-

125 1688 235 1727 sticis
250 1687 453 1735 habuerit,
485 1693 531 1724 ut
551 1700 599 1724 ex
615 1685 734 1723 huius
752 1684 922 1722 decursu
935 1683 1125 1722 historiae
1144 1681 1302 1733 patebit.

236 1757 276 1783 v.
295 1747 360 1787 12.
407 1745 493 1782 loco
504 1743 766 1793 Acropolitae
776 1743 937 1781 mortui.
976 1739 1190 1779 clarissime
1198 1737 1265 1775 hic
1276 1734 1412 1774 asserit
1421 1733 1578 1785 Pachy-

126 1813 253 1839 meres
270 1800 480 1850 Georgium
499 1798 771 1850 Acropolitam
794 1810 978 1847 magnum
1005 1794 1247 1845 logothetam
1267 1792 1430 1830 vivente
1447 1789 1579 1827 adhuc

126 1855 319 1894 Michasle
329 1856 558 1905 Palaeologo
568 1855 805 1906 imperatore
819 1853 899 1890 fato
911 1853 1114 1898 sunctum;
1130 1849 1236 1900 quod
1248 1849 1351 1886 idem
1364 1859 1454 1885 cum
1465 1858 1580 1896 supe-

127 1911 227 1950 riori
243 1911 445 1950 volumine
459 1912 488 1951 l.
503 1914 529 1952 5
548 1923 580 1948 c.
599 1913 654 1951 26
673 1916 711 1948 et
731 1908 786 1951 84
804 1908 999 1946 innuisset
1019 1908 1150 1958 potius
1171 1917 1288 1955 quam
1310 1903 1454 1940 diserte
1473 1901 1579 1939 affir-

128 1973 286 2016 masset,
300 1967 398 2004 mihi
411 1981 493 2004 non
509 1971 767 2017 persuaserat,
783 1971 830 2002 ut
842 1965 884 2001 in
899 1963 1003 2001 notis
1016 1963 1065 2000 ad
1077 1962 1146 1998 illa
1159 1960 1287 2010 capita
1303 1959 1329 1997 1.
1343 1963 1371 2000 2
1386 1957 1580 1995 Observa-

129 2023 285 2063 tionum
306 2036 482 2061 mearum
502 2036 540 2073 p.
562 2022 645 2062 684
662 2027 699 2058 et
713 2022 794 2062 686
811 2019 989 2070 exposui,
1011 2030 1108 2068 quae
1126 2030 1147 2053 a
1168 2028 1230 2053 me
1248 2015 1354 2052 dieta
1374 2027 1482 2051 nunc
1496 2026 1579 2058 non

129 2079 288 2118 vellem.
342 2092 423 2116 non
446 2078 546 2116 enim
566 2076 681 2115 video
699 2088 771 2113 cur
792 2075 890 2113 fides
907 2073 1039 2124 negari
1056 2072 1194 2110 debeat
1212 2077 1291 2109 tam
1310 2071 1438 2108 clarae
1455 2082 1579 2112 asser·

129 2135 234 2174 tioni
259 2134 438 2173 historici
462 2146 561 2185 quae
589 2144 771 2183 praesens
802 2137 978 2168 cerneret
1002 2127 1222 2167 scribentis.
1278 2126 1439 2165 induxit
1455 2125 1578 2164 mein

130 2192 251 2230 istum
270 2203 441 2230 errorem
461 2203 543 2227 non
562 2188 660 2226 bene
679 2185 969 2227 consideratum
986 2183 1255 2225 testimonium
1271 2181 1452 2221 Demetrii
1473 2183 1578 2219 Ra'ti-

132 2248 201 2297 lis,
230 2247 338 2298 quod
358 2247 401 2284 in
417 2246 555 2284 iisdem
574 2244 681 2282 notis
702 2257 742 2294 p.
761 2242 843 2286 654
861 2242 999 2280 recito.
1057 2240 1148 2288 sed,
1182 2239 1287 2289 quod
1306 2238 1578 2277 animadverto,

133 2317 241 2342 nunc
265 2317 371 2350 sero,
398 2303 443 2339 in
469 2315 514 2340 eo
545 2314 626 2338 non
659 2300 787 2349 agitur
815 2298 864 2336 de
893 2296 1060 2347 Georgio
1082 2296 1332 2347 Acropolita,
1364 2307 1503 2333 verum
1528 2293 1579 2331 de

133 2359 301 2409 Georgio
327 2358 562 2406 Metoohita,
594 2369 709 2407 quem
738 2354 952 2393 Demetrius
981 2365 1164 2402 magnum
1193 2351 1311 2392 fuisse
1338 2350 1578 2402 logothetam

133 2415 191 2454 ibi
215 2415 373 2466 scribit,
403 2415 511 2466 quod
539 2412 638 2451 mihi
663 2413 798 2450 fucum
820 2410 935 2456 fecit,
965 2415 1004 2446 et
1024 2407 1224 2458 quomodo
1243 2420 1381 2446 verum
1404 2420 1487 2446 esse
1505 2420 1578 2457 po-

133 2471 256 2509 tuerit
275 2485 357 2510 non
381 2471 580 2520 intelligo,
607 2481 697 2506 cum
726 2468 884 2505 vivente
917 2463 1108 2503 Michaele
1139 2463 1268 2513 solus,
1297 2463 1406 2514 quod
1435 2476 1486 2500 ex
1504 2462 1579 2499 Pa-

136 2526 320 2577 chymere
342 2523 542 2578 appareat,
572 2523 763 2574 Georgius
785 2522 1010 2572 Acropolita
1032 2520 1103 2557 tali
1121 2518 1310 2570 dignitate
1326 2520 1487 2557 functus
1504 2518 1577 2564 sit3

137 2596 236 2632 quae
264 2590 356 2635 post
384 2584 467 2622 eius
498 2587 663 2620 mortem
693 2581 735 2617 in
763 2579 1012 2616 Theodorum
1040 2575 1285 2618 Muzalonem
1314 2575 1363 2613 ab
1392 2575 1481 2626 ipso
1504 2572 1577 2611 Mi-

138 2637 272 2676 chaale
291 2640 463 2688 Augusto
486 2645 545 2677 est
561 2637 772 2684 translata,
799 2640 919 2687 prout
938 2633 1004 2670 hic
1023 2632 1135 2669 locus
1154 2631 1279 2669 docet·

250 2708 291 2744 p.
311 2697 360 2735 13
378 2708 418 2732 v.
440 2698 477 2736 3.
534 2695 679 2731 mensis
701 2700 785 2730 tum
797 2693 978 2743 primum
998 2689 1256 2739 appositione.
1312 2687 1361 2723 de
1379 2687 1578 2723 reservata

140 2748 284 2786 seniori
309 2749 483 2800 Augusto
503 2749 788 2799 subscriptione
808 2761 897 2784 cum
916 2745 1164 2796 appositione
1185 2742 1345 2789 mensis,
1368 2740 1460 2780 vide
1478 2750 1579 2791 quae

138 2804 365 2853 notavimus
384 2805 585 2844 Glossario
602 2804 729 2858 priori
747 2803 799 2843 acl
816 2803 980 2842 verbum
1000 2802 1244 2854 μηνολογεῖν.
