1858 3126
254 157 349 203 328
673 155 909 200 GEORGII
942 156 1296 202 PACHYMERIS

250 275 397 315 τεῢθεν
432 267 614 322 δεσπόζει
635 273 716 313 τῶν
735 267 872 313 τόπων
893 267 949 320 ὥς
973 274 1182 327 πατρικῶν
1208 269 1394 328 κλήρων,
1434 276 1500 317 καὶ
1531 280 1723 318 καθυπο-

253 340 371 383 κλίνει
389 338 484 388 τοὺς
501 336 758 396 προῦχοντας
777 343 860 382 τῶν
881 341 978 396 τῇδε
996 343 1189 396 Περσῶν,
1221 339 1294 390 οὓς
1313 340 1364 396 δὴ
1386 340 1601 401 σατράπας
1621 346 1722 387 ἐκεῖ-

253 426 315 451 νοι
337 411 521 450 καλοῦσι.
595 410 661 450 καὶ
689 408 729 450 οἷ
744 409 819 462 μὲν
842 405 1000 458 ἑκόντες
1020 407 1186 459 ἄκοντες
1204 409 1475 463 ἐδουλοῦντο,
1504 410 1721 470 Ἀμούριος

206 483 236 517 C
259 478 302 520 δὲ
332 474 352 519 ὅ
383 479 457 519 τοῦ
481 474 580 531 Ἆλῆ
610 477 746 532 πατὴρ
777 475 972 520 ὑπελθών
1000 474 1216 534 Τοχοῖρους
1233 479 1299 520 καὶ
1320 477 1501 533 οὐλαμὸν
1525 480 1567 531 ἐξ
1585 481 1722 525 αὐτῶν

251 542 589 600 προσλαβόμενος
613 545 727 595 ὅλαις
749 544 897 601 ὁρμαῖς
925 545 1175 602 ἀντέπραττε
1193 551 1252 605 τῷ
1273 545 1435 603 Μελήκ.
1507 547 1555 591 οὔ
1575 549 1658 604 μὴν
1678 551 1754 594 δέὅ

251 614 357 658 ἀλλὰ
379 615 446 656 καὶ
464 614 667 666 πολέμους
688 614 791 671 πρὸς
811 614 937 658 αὐτὸν
957 615 1138 672 ἐκφέρων
1159 621 1464 671 κατετροποῧτο
1475 646 1509 669 ,-
1528 615 1634 661 ὥστε
1656 619 1723 661 καὶ

249 680 521 739 ἀπηυδηκότα
542 681 628 733 τοῖς
653 681 763 733 ὅλοις
785 681 952 739 συνάμα
970 685 1128 740 γυναικὶ
1156 686 1225 727 καὶ
1257 686 1375 736 ἰδίοις
1395 689 1545 742 γνῶναι
1563 690 1726 740 βασιλεῖ

250 758 516 809 προσχωρεῖν.
589 750 690 794 ὅθεν
722 754 789 795 καὶ
820 752 894 808 τὴν
914 757 987 795 τοῦ
1007 750 1177 796 Πόντου
1197 758 1443 808 καταλαβεῖν
1462 751 1719 812 ςΗροῖκλειαν.
1767 765 1775 779 ”

250 821 438 864 κάκεῖθεν
465 825 517 878 τῇ
546 822 865 864 Κωνσταντίνου
898 819 1156 877 ἐπιδημήσας
1164 855 1176 875 ,
1217 822 1301 865 ἐπεὶ
1330 823 1524 877 βασιλεὺς
1543 824 1585 874 ἐς
1599 821 1723 879 Νύμ-

252 907 376 948 φαιον
401 887 624 944 ἀπεδήμει,
661 889 737 945 τὴν
759 890 834 945 μὲν
854 888 1027 947 σύζυγον
1047 892 1144 948 τῇδε
1163 889 1481 946 καταλιμπάνει,
1521 891 1646 943 αὐτὸς
1677 894 1723 936 δὲ
1736 903 1779 938 10

196 965 229 1000 D
254 958 331 1003 οὖν
356 964 442 1009 τοῖς
471 957 583 1016 ἀμφ’
615 957 742 1002 αὐτὸν
776 958 846 1016 ἐφ’
879 957 1050 1017 ἡμέραις
1080 959 1242 1010 ἀνεθεὶς
1265 965 1347 1004 τῶν
1371 963 1415 1005 ἐκ
1435 965 1511 1018 τῆς
1529 959 1629 1005 ὁδοῦ
1651 958 1723 1007 κό-

249 1045 351 1081 πων,
383 1025 463 1071 ὑπὸ
481 1031 681 1087 βασιλικῷ
701 1027 919 1086 ποδηγέτῃ,
954 1028 1157 1082 βασιλέως
1175 1027 1484 1086 προστάξαντος
1501 1029 1720 1084 ἀκουσθέν,

252 1101 326 1151 τῆς
349 1097 412 1139 ἐπὶ
432 1096 478 1139 τὸ
498 1094 724 1153 Νύμφαιον
740 1098 840 1141 ἳέτο.
914 1095 1021 1140 ἀλλά
1039 1115 1119 1140 που
1140 1100 1231 1155 περὶ
1251 1097 1299 1141 τὸ
1316 1097 1588 1155 Ἀτραμύτιον
1608 1115 1723 1156 γεγο-

251 1163 356 1218 νώς,
394 1164 472 1208 εἴτε
493 1165 596 1222 παρ’
618 1165 746 1208 ἄλλου
768 1165 924 1220 μαθών
947 1166 1022 1209 εἴτε
1039 1166 1122 1221 μὴν
1144 1168 1212 1209 καὶ
1233 1166 1359 1217 αὐτὸς
1379 1165 1648 1223 ὑποτοπήσας
1667 1165 1723 1218 ὥς

251 1234 325 1276 οὐκ
360 1236 418 1284 εἷς
449 1234 575 1277 καλὸν
604 1235 757 1277 ἐσεῖταί
773 1235 811 1278 οἱ
830 1232 856 1289 ἡ
879 1235 983 1291 πρὸς
1002 1235 1074 1278 τὸν
1095 1234 1252 1278 ἄνακτα
1281 1234 1416 1293 ἄφιξις
1424 1269 1438 1289 ,
1475 1243 1777 1296 γνωσιμαχεῌό

251 1320 295 1345 τε
325 1301 497 1356 αὐτίκα,
535 1305 602 1346 καὶ
634 1307 779 1360 καιροῦ
809 1301 1036 1359 λαβόμενος
1047 1337 1060 1357 ,
1095 1308 1171 1347 τοῦ
1202 1305 1429 1361 ποδηγέτου
1465 1303 1514 1364 (ὅ
1547 1305 1591 1348 δ’
1615 1300 1667 1361 ἦν
1700 1303 1722 1349 ὅ

249 1369 496 1428 Ἀβρᾶμπαξ
516 1370 901 1430 πρωθιερακάριος)
937 1372 1012 1423 τὰς
1028 1374 1262 1431 πολυωρίας
1283 1373 1558 1431 παρενεγκών,
1597 1371 1725 1418 αὗτό-

205 1444 235 1478 Ε
261 1445 335 1483 θεν
365 1438 548 1497 ἐκφεύγει
572 1439 739 1494 νυκτός,
775 1441 881 1497 πλὴν
901 1440 949 1485 οὗ
970 1439 1209 1497 νυκτιλόχου
1231 1439 1383 1499 τρόπον
1388 1475 1406 1496 ‚
1442 1442 1557 1500 παρὰ
1577 1447 1725 1500 γνῶσιν

251 1513 334 1552 τῶν
365 1507 692 1564 ἐντυγχανόντων
722 1512 876 1566 δῆθεν,
913 1510 1009 1553 ἀλλ’
1030 1512 1225 1567 ἐμφανῶς
1249 1513 1316 1554 καὶ
1335 1509 1631 1568 θαρρούντως,
1668 1510 1725 1562 ὥς

252 1577 303 1631 ἤν
323 1594 385 1627 τις
407 1576 477 1620 ἐπ’
504 1577 630 1621 αὐτὸν
649 1578 704 1621 ἴοι
713 1611 726 1630 ,
763 1576 944 1622 αὐτόθεν
965 1577 1330 1634 ἐπεξελευσόμενος.
1378 1580 1559 1636 Πέρσαις
1580 1597 1624 1623 τε
1643 1575 1720 1622 αὗ-
1733 1590 1778 1624 20

254 1650 325 1695 θις
356 1646 640 1704 παραγίνεται,
680 1648 747 1690 καὶ
779 1646 878 1690 λαὸν
913 1647 1176 1704 συναγηοχὼς
1203 1653 1262 1708 τῷ
1290 1645 1467 1706 περιόντι
1488 1653 1562 1704 τῆς
1582 1646 1723 1707 φήμης

254 1805 307 1838 sui
339 1804 490 1839 favorem
522 1807 633 1839 tracto
647 1829 657 1847 ‚
692 1816 735 1839 ex
759 1816 799 1840 eo
822 1808 977 1851 tempore
999 1805 1081 1840 locis
1104 1805 1171 1840 illis
1194 1808 1233 1840 ut
1256 1807 1422 1851 paternae
1454 1804 1637 1840 hereditati
1660 1804 1721 1839 do-

254 1851 399 1885 minatus
430 1855 504 1894 est,
536 1850 751 1897 subiecitque
783 1852 849 1886 sibi
872 1852 932 1898 qui
957 1852 1150 1886 eminebant
1172 1851 1242 1886 illic
1264 1852 1354 1886 inter
1378 1853 1527 1894 Persas,
1558 1861 1644 1898 quos
1673 1851 1722 1886 illi

253 1902 415 1942 satrapas
430 1896 614 1943 appellant.
647 1908 688 1931 ac
710 1897 759 1932 illi
783 1898 918 1943 quidem
943 1898 1094 1932 volentes
1117 1898 1271 1932 nolentes
1293 1897 1584 1943 mancipabantur.
1618 1897 1723 1932 Amu-

252 1942 325 1976 rius
350 1947 462 1977 autem
486 1943 585 1977 Halia
606 1947 705 1988 pater
728 1955 803 1978 cum
827 1955 930 1989 prece
954 1955 995 1978 ac
1018 1944 1191 1989 promissis
1215 1945 1388 1978 ambiisset
1406 1944 1585 1978 Tocharos
1604 1947 1641 1978 et
1659 1954 1723 1978 va-

250 1988 355 2022 lidum
380 2000 422 2022 ex
443 1989 484 2023 iis
508 1996 714 2024 armatorum
735 2001 855 2034 agmen
881 1990 1142 2035 assumpsisset,
1177 1993 1249 2024 toto
1272 1990 1400 2036 impetu
1424 1991 1467 2024 ad
1490 1988 1722 2024 obsistendum

251 2033 385 2068 Meleco
409 2034 584 2079 incubuit3
610 2035 762 2081 adeoque
786 2036 923 2081 praeliis
946 2047 1020 2070 curn
1047 2048 1087 2070 eo
1112 2047 1315 2081 congressus
1338 2048 1405 2070 non
1427 2034 1533 2070 semel
1553 2035 1644 2071 illum
1666 2035 1723 2069 fu·

253 2080 306 2113 dit
339 2080 567 2126 fugavitque,
599 2093 709 2126 eoque
741 2082 875 2127 redegit
898 2082 1145 2127 desperationis
1167 2094 1278 2117 rerum
1301 2093 1437 2117 suarum
1459 2086 1499 2116 ut
1521 2082 1723 2121 decerneret

254 2136 324 2159 una
347 2137 420 2159 cum
444 2138 552 2161 uxore
575 2139 616 2161 ac
638 2127 759 2162 liberis
783 2130 926 2174 supplex
948 2129 993 2162 ad
1016 2128 1252 2173 imperatorem
1277 2130 1471 2173 confugere.
1520 2139 1561 2162 eo
1583 2125 1721 2161 consilio

251 2171 428 2223 profectus
452 2172 655 2208 Heracleam
678 2174 792 2217 Ponti,
820 2179 855 2208 et
877 2173 956 2208 inde
980 2174 1306 2220 Constantinopolim
1329 2184 1542 2220 progressus,
1589 2171 1719 2206 uoniam

251 2227 320 2250 1am
347 2222 427 2251 ante
448 2217 635 2262 imperator
659 2230 696 2253 se
719 2220 955 2267 Nymphaeum
979 2221 1220 2263 transtulerat,
1255 2221 1313 2255 ubi
1342 2231 1380 2255 se
1413 2220 1530 2254 diebus
1553 2218 1682 2263 aiquot
1700 2229 1720 2251 e

253 2261 334 2296 viae
357 2255 559 2307 fatigatione
583 2265 782 2308 refecisset,
817 2278 923 2301 uxore
941 2266 979 2301 in
1002 2267 1087 2300 urbe
1109 2266 1253 2308 relicta,
1279 2267 1354 2311 ipse
1377 2265 1494 2299 ducem
1516 2263 1651 2297 itineris
1674 2262 1719 2297 ab

251 2307 457 2353 imperatore
490 2309 626 2344 missum
657 2322 804 2356 sequens
837 2313 942 2356 (nam
975 2312 1089 2347 audito
1113 2313 1286 2356 Augustus
1309 2311 1381 2345 eius
1403 2311 1552 2346 adventu
1575 2320 1650 2343 eum
1675 2308 1720 2343 ad

252 2365 292 2388 se
312 2353 542 2399 invitaverat)
575 2355 810 2400 Nymphaeum
833 2369 953 2392 versus
975 2357 1042 2391 iter
1065 2358 1221 2392 intendit.
1269 2357 1330 2391 sed
1354 2367 1429 2390 cum
1452 2365 1559 2400 prope
1581 2356 1720 2390 Atram-

252 2398 396 2443 mytium
419 2400 529 2434 eundo
553 2401 774 2446 pervenisset,
799 2403 871 2437 sive
895 2403 1034 2437 alterius
1058 2403 1230 2437 admonitu
1252 2402 1327 2436 sive
1348 2401 1540 2446 suspicione
1563 2400 1719 2446 propria,

251 2450 420 2490 concepta
452 2445 688 2490 desperatione
719 2447 873 2493 prosperi
905 2460 1082 2483 successus
1105 2449 1205 2483 istius
1228 2459 1311 2482 suae
1335 2446 1555 2492 profectionis
1579 2446 1622 2480 ad
1649 2447 1722 2481 Au-

253 2494 408 2535 gustum,
441 2491 635 2536 aliquandiu
666 2492 886 2527 deliberando
919 2494 1069 2528 luctatus
1103 2493 1275 2528 damnavit
1304 2492 1450 2538 denique
1481 2492 1659 2527 consilium
1683 2495 1720 2526 et

255 2540 377 2582 coepto
401 2536 569 2572 absistere
595 2537 784 2573 constituit.
832 2542 1037 2583 captatoque
1059 2551 1136 2574 mox
1159 2543 1330 2584 tempore,
1362 2540 1471 2584 palam
1496 2543 1636 2584 questus
1659 2539 1720 2573 ob-

252 2582 385 2617 servari
418 2594 494 2616 sese
528 2583 693 2617 curiosius
725 2583 1010 2630 suspiciosiusque
1043 2596 1064 2619 a
1096 2584 1280 2619 deductore
1303 2584 1347 2618 ad
1370 2595 1407 2619 se
1430 2584 1530 2619 misso
1564 2584 1667 2628 (erat
1687 2583 1719 2618 is

254 2629 447 2674 Abrampax
471 2628 783 2674 prothieracarius)
812 2641 912 2675 quam
935 2630 1093 2664 benevoli
1115 2630 1244 2665 comitis
1267 2630 1416 2665 officium
1439 2632 1617 2677 posceret,
1639 2629 1720 2664 inde

255 2677 358 2708 noctu
381 2675 532 2718 aufugit,
565 2687 633 2710 non
657 2679 769 2710 tamen
792 2675 948 2710 nocturni
970 2675 1176 2710 insidiatoris
1198 2676 1286 2719 ritu,
1322 2675 1433 2711 vitata
1456 2676 1615 2712 comitum
1639 2686 1721 2710 con-

254 2719 400 2755 scientia
432 2719 585 2764 scilicet,
616 2732 734 2756 verum
767 2722 876 2767 palam
901 2725 938 2756 et
960 2721 1128 2766 fidentem
1166 2733 1250 2768 prae
1273 2733 1311 2756 se
1333 2723 1470 2765 ferens,
1501 2722 1531 2756 si
1559 2721 1635 2766 quis
1656 2731 1720 2766 per

254 2765 322 2799 vim
346 2766 530 2812 prohibere
553 2772 754 2811 conaretur,
786 2767 822 2802 in
846 2778 921 2802 eum
945 2778 984 2802 se
1006 2767 1119 2802 statim
1144 2767 1303 2814 impetum
1336 2769 1516 2803 facturum.
1562 2767 1614 2801 ita
1642 2777 1722 2801 rur-

256 2822 312 2845 sus
347 2811 390 2847 ad
426 2812 550 2863 Persas
584 2824 622 2847 se
649 2813 796 2860 recipit,
835 2813 1046 2860 collectaque
1070 2824 1171 2850 manu
1195 2813 1388 2850 melioribus
1410 2825 1511 2861 quam
1535 2812 1628 2859 prius
1650 2822 1720 2847 rem
