1858 3126
470 173 576 216 Lm.
609 171 685 216 m.
753 167 1250 216 CHRONOLOGIGUS.
1498 168 1594 219 851

148 281 230 345 ὒῧῐ
243 283 251 301 ²
267 280 433 344 3522·
457 278 619 341 hafflig*
671 276 755 317 bris
779 277 902 319 aridis
922 284 963 318 et
974 279 1205 332 procellosis
1225 281 1357 319 aerem
1376 278 1447 318 vix
1465 280 1594 332 spira-

217 361 221 369 ·
289 347 414 376 ufic-u.
673 335 791 374 bitem
810 335 1080 375 reddentibus.
1137 334 1231 376 ibid.

276 381 428 410 Bonifatii
467 377 625 408 Andronici

307 413 391 443 vm.
726 401 841 440 Alani
866 402 934 454 qui
963 402 1036 440 sub
1063 402 1171 454 Noga
1197 402 1485 451 militaverant,
1512 415 1594 441 nu-

134 452 239 493 1301
350 455 378 494 7
502 454 568 510 ,19
595 471 598 473 ’
671 471 778 497 mero
799 457 971 496 sedecim
988 458 1158 496 millium
1171 487 1182 508 ‚
1212 458 1255 497 in
1270 464 1401 512 partes
1420 459 1594 511 imperas-

467 501 615 584 Mag-01.
669 515 771 554 toris
789 520 1008 553 transeunt.
1065 514 1093 553 l.
1117 516 1143 558 4
1163 528 1195 553 c.
1216 518 1281 558 16.

723 579 832 620 Missi
856 581 897 621 iu
918 582 1049 620 Asiam
1067 582 1264 620 Romanos
1280 586 1430 620 vexant
1444 587 1483 619 et
1498 595 1593 633 spo-

668 637 790 688 liant3
818 643 950 676 tamen
967 638 1096 676 iuncti
1119 637 1244 689 copiis
1265 638 1527 690 imperatoriis
1541 638 1591 676 ad
1614 643 1643 678 P
1666 644 1732 680 617

665 694 798 732 locum
814 692 987 732 chenam
1000 694 1154 732 dictum
1165 693 1300 732 hostes
1310 695 1464 745 imperii
1484 707 1594 745 egre-

665 749 727 801 gie
750 749 940 801 vincunt,
968 750 1115 804 praeda
1136 750 1231 789 inde
1246 763 1327 788 non
1345 750 1502 788 modica
1524 751 1590 789 di-

664 806 746 846 tati.
794 805 890 846 ibid.

722 873 835 911 Circa
865 871 942 910 hoc
961 877 1118 924 tempus
1140 871 1285 911 Atman
1302 872 1387 911 sive
1407 873 1591 912 Ottoma-

665 943 732 967 nes
761 928 912 981 regium
947 941 1092 966 nomeu
1118 929 1308 980 sumpsit,
1334 935 1375 968 et
1396 938 1591 982 occupata

666 991 799 1038 postea
820 986 943 1024 Prusa
961 984 1073 1035 regni
1094 985 1225 1022 sedem
1247 985 1332 1022 illic
1360 987 1504 1037 posuit.
1557 988 1591 1024 is

664 1042 837 1080 moriens
869 1041 1011 1079 deinde
1036 1053 1140 1077 anno
1174 1040 1366 1090 Hegirae‚
1396 1049 1442 1079 ut
1468 1043 1592 1080 tradit

666 1098 716 1136 Al
726 1097 938 1136 Iannabius
957 1095 1223 1146 chronologus
1235 1096 1372 1145 Arabs,
1398 1100 1495 1146 726,
1513 1098 1591 1136 hoc

666 1160 724 1191 est
747 1167 850 1191 anno
876 1152 1023 1192 Christi
1044 1152 1200 1190 circiter
1223 1155 1343 1202 1327,
1367 1153 1589 1193 Urebanem

664 1210 791 1248 filium
821 1209 932 1260 regni
960 1209 1002 1246 in
1035 1208 1135 1246 urbe
1162 1208 1283 1246 Prusa
1311 1222 1449 1248 recens
1473 1216 1589 1262 capta

665 1265 843 1304 inchoati
871 1264 1034 1315 reliquit
1066 1263 1289 1303 haeredem.
1345 1264 1494 1304 Prusae
1518 1267 1591 1303 ob-

667 1322 858 1359 sidionem
900 1319 1036 1358 innuit
1076 1319 1337 1372 Pachymeres
1362 1320 1392 1359 l.
1418 1323 1444 1364 5
1476 1336 1508 1359 c.
1535 1325 1588 1363 21

666 1392 706 1430 p.
727 1380 825 1425 296,
853 1375 1185 1428 expugnationem
1215 1382 1348 1414 autem
1378 1378 1404 1419 l,
1419 1381 1446 1419 7
1465 1392 1498 1418 e.
1520 1381 1588 1425 27.

135 1514 242 1556 1302
349 1517 376 1557 8
470 1503 605 1582 Α“Ξὸ’“·
727 1510 795 1547 Die
818 1508 870 1551 14
891 1509 1059 1548 Ianuarii
1074 1508 1161 1547 ¹'visa
1179 1513 1239 1546 est
1249 1506 1592 1559 Constantinopoli

462 1592 610 1622 michael.
670 1566 827 1618 eclipsis
845 1567 965 1604 lunae
986 1564 1200 1603 horribilis.
1257 1564 1283 1602 l.
1301 1563 1328 1605 4
1345 1577 1380 1603 c.
1401 1564 1466 1604 15.

536 1638 563 1678 9
724 1621 895 1660 michael
932 1623 1131 1671 Augustus
1172 1619 1306 1658 iunior
1333 1619 1464 1671 primo
1495 1631 1591 1656 vere

669 1678 774 1717 circa
786 1677 993 1718 paschales
1011 1677 1129 1716 ferias
1148 1689 1239 1714 cum
1260 1675 1394 1715 valido
1413 1674 1591 1716 exercitu

669 1735 712 1773 in
735 1734 937 1772 Orientem
960 1739 1115 1781 movet,
1153 1738 1192 1770 et
1209 1744 1385 1781 magnam
1406 1735 1589 1767 conster-

667 1791 864 1829 nationem
880 1789 944 1828 sui
964 1790 1066 1828 fama
1086 1788 1213 1827 Persis
1236 1787 1375 1826 iniicit.
1403 1786 1429 1825 l.
1442 1786 1512 1826 40.
1528 1788 1591 1825 17.

725 1847 866 1885 Persae
886 1846 1045 1884 tandem
1070 1843 1287 1882 eliciuntur
1306 1841 1355 1878 ad
1373 1846 1591 1878 certamen:

671 1901 739 1938 sed
769 1902 813 1938 in
834 1900 1047 1951 procinctu
1081 1898 1220 1950 praelii
1248 1898 1465 1948 imperator
1494 1908 1590 1947 per-

669 1969 809 1993 suasus
831 1970 853 1992 a
871 1954 1037 1992 ducibus
1055 1953 1242 1991 Romanis
1260 1953 1401 2002 ignave
1419 1964 1592 2002 pugnam

673 2011 877 2049 detrectat.
933 2009 1041 2046 unde
1057 2009 1097 2046 in
1122 2014 1390 2059 contemptum
1412 2006 1591 2044 hostibus

669 2066 800 2115 venit;
840 2079 862 2102 a
889 2065 1030 2115 quibus
1062 2063 1271 2101 universae
1298 2076 1391 2100 mox
1427 2063 1588 2100 illorum

669 2127 871 2159 tractuum
894 2121 1087 2158 Romanae
1098 2120 1274 2169 regiones
1293 2118 1417 2156 saevis
1434 2125 1472 2156 et
1492 2132 1588 2156 ava-

668 2178 722 2214 ris
766 2175 1056 2214 incursionibus
1101 2175 1298 2212 desolatae
1337 2179 1441 2212 sunt.
1498 2174 1528 2212 l.
1560 2174 1586 2215 4

669 2245 702 2270 c.
725 2234 778 2274 18
799 2237 838 2269 et
860 2234 926 2272 21.

724 2288 878 2325 Muzalo
891 2283 1157 2324 hetaeriarcha
1176 2284 1262 2322 dux
1279 2284 1483 2336 copiarum
1502 2283 1585 2323 Ro-

670 2349 872 2382 manarum
890 2342 932 2379 in
942 2341 1144 2392 Bithynia,
1165 2340 1258 2378 dum
1271 2340 1430 2378 Atmani
1442 2346 1586 2377 cuncta

669 2399 840 2437 vastanti
862 2411 902 2435 se
925 2398 1131 2435 adversum
1158 2397 1287 2434 ferens
1307 2397 1492 2434 obsistere
1519 2396 1586 2432 ni-

668 2455 784 2504 titur,
825 2453 995 2492 militum
1031 2453 1320 2500 Romanorum,
1361 2451 1490 2490 taedio
1532 2451 1584 2486 li-

668 2523 766 2549 vore
790 2523 835 2547 ac
863 2508 1132 2559 desperatione
1158 2508 1296 2558 ignave
1314 2506 1584 2559 pugnantium,

670 2567 847 2616 degeneri
862 2566 1051 2614 languore
1064 2563 1262 2611 vincitur3
1291 2570 1332 2602 et
1348 2565 1420 2600 vix
1441 2562 1583 2600 Alano-

668 2637 755 2661 rum
790 2622 886 2660 sorti
915 2633 1034 2671 opera
1071 2619 1255 2670 reliquiae
1281 2619 1358 2656 susi
1390 2616 1583 2655 exercitus

668 2691 800 2717 secum
822 2677 923 2715 intra
941 2674 1206 2714 Nicomediam
1235 2673 1428 2712 recondit.
1485 2685 1584 2709 con-

669 2735 762 2785 tigit
782 2733 877 2771 haec
898 2731 1028 2770 clades
1045 2731 1108 2768 die
1125 2733 1179 2772 27
1202 2730 1344 2768 mensis
1365 2727 1459 2766 Iulii
1478 2727 1583 2765 circa

670 2789 870 2841 Bapheum
891 2800 1016 2842 prope
1035 2786 1313 2825 Nicomediam.
1370 2783 1397 2822 l.
1418 2784 1446 2826 4
1465 2796 1500 2822 c.
1517 2784 1583 2824 25.
