1858 3126
300 154 397 202 824
701 155 1014 202 OBSERVAT.
1047 157 1358 204 PACHYMER.
1374 171 1379 178 '

300 271 415 316 atque
435 263 533 302 adeo
561 263 700 303 morbo
734 264 966 317 impeditum
999 279 1022 304 a
1045 278 1116 318 per
1136 279 1176 305 se
1200 265 1378 305 obeunda
1403 268 1653 319 expeditione
1671 282 1742 308 ne·-

299 319 464 359 cessaria
484 319 684 359 hominem
704 322 770 360 cui
785 322 953 360 maxime
970 321 1109 361 fideret
1130 323 1217 362 vice
1235 335 1306 361 sua
1320 322 1470 362 misisse
1489 323 1742 365 Ghutluchai-

298 389 427 424 mum,
481 376 564 415 sive
594 376 709 415 illum
741 378 924 417 evocavit
957 392 977 416 e
1014 378 1190 431 partibus
1230 378 1606 431 septentrionalibus
1636 381 1741 420 circa

296 431 522 483 Euxinum,
553 433 694 484 quibus
711 447 820 479 eum.
854 435 896 473 in
929 435 1059 473 locum
1082 434 1242 473 Tuctais
1268 434 1352 472 sive
1372 435 1596 485 Tuctaim‘s,
1626 436 1743 475 fuisse

297 488 375 526 iam
408 494 522 526 antea
551 490 796 540 praefectum
819 491 938 542 paulo
972 491 1150 543 superius
1181 491 1500 543 suspicabamur,
1529 491 1612 530 sive
1630 492 1743 531 illum

298 544 429 582 adhuc
458 544 500 582 in
531 545 664 583 officio
686 546 845 597 Atabegi
880 547 985 585 circa
1012 561 1054 586 se
1080 547 1241 596 habuit,
1283 553 1321 585 et
1340 553 1493 586 tantum
1512 554 1604 599 post
1618 547 1743 600 ipsius

297 600 468 639 reditum
489 614 510 638 e
531 602 644 653 Syria
668 602 716 640 ad
739 603 855 642 istum
882 602 1224 654 septentrionalem
1243 602 1405 641 limitem
1428 603 1664 652 destinavit,
1694 616 1743 646 ne

297 657 502 695 occasione
520 664 722 698 secuturae
734 658 848 697 brevi
867 658 991 710 (quod
1004 659 1303 711 praesentiebat)
1317 659 1453 698 mortis
1463 673 1555 698 suae
1569 660 1746 710 Tuctais,

297 726 412 764 quem
441 713 646 752 exclusum
676 714 843 766 imperio
872 716 1030 753 volebat
1065 729 1115 753 ex
1147 715 1233 754 istis
1262 715 1336 754 sibi
1370 715 1520 754 dudum
1561 715 1743 754 obnoxiis

297 769 516 821 provinciis
541 783 635 821 opes
661 770 805 809 ducere
823 778 956 822 posset
984 772 1035 809 ad
1067 773 1261 824 negotium
1281 771 1581 824 Carmpantani,
1610 771 1683 810 sibi
1700 771 1743 810 in

298 825 546 863 successione
579 826 777 877 praelato,
825 828 1105 866 facessendum.
1165 835 1379 878 utcumque
1419 827 1490 876 sit,
1535 833 1744 878 utrumque

295 881 447 919 idoneis
471 882 697 920 auctoribus
719 882 927 931 discimus,
958 890 996 922 et
1021 884 1170 922 bellum
1189 884 1231 922 in
1258 883 1373 935 Syria
1392 897 1466 935 pro
1487 884 1636 923 Cazane
1650 896 1742 934 ges·-

295 937 391 976 sisse
418 937 489 975 illo
516 938 593 976 iam
622 945 845 989 aegrotante
876 939 1239 986 Chutluchaimum‚
1277 946 1316 979 et
1341 940 1489 978 Cazane
1514 953 1597 978 non
1615 939 1742 977 multo

295 999 388 1044 post
414 1000 570 1032 mortuo
600 995 766 1034 eundem
796 996 1024 1047 regionibus
1049 997 1151 1035 circa
1180 996 1382 1035 Euxinum
1412 996 1524 1048 prius
1555 1009 1579 1035 a
1606 995 1744 1034 Tuctai

296 1050 482 1100 possessis
499 1050 724 1102 praefuisse.

407 1107 498 1145 XX.
558 1107 611 1144 De
639 1119 826 1146 successu
852 1121 973 1159 porro
998 1107 1177 1160 Syriacae
1194 1107 1312 1146 huius
1330 1106 1593 1159 expeditionis
1615 1105 1743 1145 Chut-

296 1160 484 1200 luchaimi
515 1162 571 1200 sic
595 1162 769 1202 breviter
800 1164 989 1202 collector
1013 1164 1279 1216 supplementi
1304 1163 1585 1216 Abulpharagii
1606 1162 1742 1204 tradit.

294 1217 470 1269 primum
493 1219 643 1269 equites
670 1219 798 1258 decies
819 1220 931 1258 mille
955 1221 1150 1258 exereitus
1167 1220 1351 1270 Mogulici
1373 1233 1394 1256 a
1419 1219 1587 1258 ducibus
1612 1218 1745 1271 copia.-

295 1287 386 1313 rum
408 1275 711 1326 Aegyptiarum,
741 1276 847 1315 inter
869 1289 967 1327 quos
995 1277 1071 1315 fuit
1088 1276 1304 1324 Abulseda,
1333 1282 1453 1327 prout
1477 1275 1561 1328 ipse
1577 1280 1744 1316 testatur

295 1329 339 1367 in
371 1329 536 1368 historia
567 1332 616 1370 de
642 1331 705 1370 his
731 1333 899 1383 scripta,
928 1333 1044 1371 fuisse
1068 1333 1315 1384 profligatos,
1345 1331 1488 1370 deinde
1513 1331 1743 1370 universum

296 1387 516 1424 exercitum
537 1387 708 1426 fractum
733 1389 911 1439 fugatum
934 1395 972 1427 et
993 1389 1298 1441 pessumdatum.
1356 1388 1463 1426 unde
1478 1386 1663 1426 credibile
1682 1392 1744 1425 est

297 1442 643 1482 Chutluchaimum
675 1457 764 1483 cum
791 1444 967 1495 reliquiis
997 1445 1200 1496 copiarum
1225 1444 1432 1483 revertisse
1453 1443 1743 1495 quamprimum

296 1498 347 1535 ad
366 1498 576 1547 Caznnem,
606 1514 628 1537 a
655 1513 734 1550 quo
756 1500 1027 1550 ingravescere
1048 1502 1274 1551 languorem
1297 1514 1413 1538 suum
1434 1499 1624 1538 sentiente
1642 1511 1743 1550 pro—

298 1559 390 1603 pter
424 1567 575 1591 causam
607 1568 726 1605 supra
754 1556 966 1594 indicatam
998 1557 1139 1595 missus
1158 1557 1207 1594 ad
1226 1557 1414 1594 Arctoum
1431 1556 1595 1594 limitem
1612 1553 1743 1594 fuerit.

297 1609 433 1647 eodem
455 1622 579 1658 anno,
608 1610 772 1660 Hegirae
788 1615 892 1660 702,
922 1613 985 1650 die
1008 1617 1058 1654 13
1076 1613 1218 1650 mensis
1238 1612 1437 1660 Shavalis‚
1467 1617 1512 1649 ut
1531 1610 1585 1648 ait
1601 1610 1742 1648 Ianna-

293 1664 406 1713 bius,
441 1665 610 1704 Cazanes
639 1672 697 1704 est
728 1673 920 1706 mortuus.
978 1674 1036 1706 est
1067 1668 1210 1707 Shaval
1237 1668 1409 1705 decimus
1432 1666 1604 1704 Arabum
1629 1679 1743 1703 men-

296 1721 372 1769 sis,
401 1720 513 1759 cuius
541 1721 643 1759 diem
667 1722 826 1760 tertium
853 1723 1049 1762 decimum
1076 1723 1292 1761 incurrisse
1313 1722 1486 1774 oportuit
1500 1721 1544 1760 in
1562 1721 1666 1760 diem
1685 1724 1739 1765 31

295 1776 440 1814 mensis
464 1776 553 1815 Maii
571 1791 675 1816 anno
695 1777 789 1816 Chr.
815 1781 944 1827 1303,
984 1779 1197 1830 siquidem,
1239 1785 1286 1817 ut
1311 1784 1371 1817 est
1397 1778 1572 1828 dictum,
1601 1778 1742 1815 kalen-

298 1833 368 1870 dae
390 1832 629 1872 Muharrami
650 1840 803 1872 sextum
822 1834 1048 1873 vicesimum
1067 1835 1233 1886 Augusti
1254 1835 1399 1873 mensis
1419 1833 1514 1872 anni
1527 1833 1742 1886 superioris

294 1889 534 1929 insederant.
591 1889 687 1928 hinc
714 1890 877 1928 definire
906 1898 1014 1930 certo
1042 1904 1250 1943 possumus
1277 1889 1608 1938 controversiam,
1642 1902 1742 1941 quae

295 1945 399 1982 inter
422 1945 614 1996 quosdam
635 1960 728 1985 mox
745 1947 972 1986 referendos
1001 1954 1179 1986 auctores
1197 1948 1244 1986 de
1261 1960 1424 1986 numero
1450 1959 1642 1985 annorum
1663 1945 1741 1983 im-

295 2000 394 2052 perii
421 2001 580 2041 cazanis
609 2003 787 2054 agitatur.
845 2004 880 2041 si
903 2004 1024 2051 enim,
1057 2004 1163 2055 quod
1180 2003 1359 2055 superius
1380 2016 1422 2041 n.
1441 2005 1492 2045 17
1513 2001 1738 2050 statuimus,

297 2056 429 2106 coepit
462 2058 630 2096 Cazanes
658 2059 850 2111 imperare
887 2060 993 2099 circa
1021 2061 1178 2098 initium
1204 2059 1435 2098 Novembris
1462 2071 1565 2096 anno
1593 2056 1741 2096 Christi

299 2115 430 2161 1296,
459 2114 630 2152 moriens
654 2115 696 2152 in
721 2115 801 2154 fine
822 2115 915 2156 Maii
935 2117 1027 2154 anni
1048 2115 1194 2155 Christi
1215 2119 1322 2158 1803
1341 2115 1480 2166 utique
1505 2127 1574 2153 sex
1598 2113 1639 2152 in
1659 2113 1740 2152 im-

295 2168 406 2219 perio
428 2183 550 2208 annos
571 2171 764 2222 explevit,
795 2178 834 2210 et
849 2186 1001 2210 menses
1020 2173 1182 2224 insuper
1198 2178 1360 2223 septem.
1417 2171 1508 2222 plus
1525 2183 1616 2220 ergo
1632 2170 1739 2208 iusto

294 2223 411 2274 spatii
444 2225 604 2264 cazanis
636 2227 876 2280 principatui
902 2229 1040 2267 tribuit
1068 2229 1192 2267 Arabs
1230 2227 1494 2276 chronologus
1516 2224 1738 2272 Iannabius‚

295 2279 390 2317 dum
423 2293 511 2319 eum
546 2295 726 2332 regnasse
758 2283 856 2322 dicit
890 2299 1017 2322 annos
1043 2292 1127 2322 octo
1157 2291 1193 2322 et
1222 2297 1371 2322 menses
1409 2283 1566 2320 circiter
1594 2279 1737 2319 decem.

157 2342 183 2375 P
207 2340 272 2380 598
295 2335 458 2374 Ioannes
488 2336 681 2376 Villanius
707 2339 734 2379 l.
753 2342 778 2383 8
803 2353 838 2378 c.
857 2341 928 2387 15,
956 2343 1126 2380 Sanutus
1148 2340 1174 2379 l.
1192 2343 1217 2381 3
1235 2354 1276 2392 p.
1296 2342 1347 2381 13
1371 2352 1406 2382 c.
1422 2341 1448 2380 8
1472 2343 1509 2375 et
1525 2335 1735 2387 Aythonus

296 2390 399 2436 Ηίδῒ,
417 2391 627 2434 orientalis
651 2407 684 2432 c.
703 2394 778 2442 45,
806 2396 877 2433 etsi
901 2396 1045 2435 diserte
1063 2396 1232 2449 spatium
1250 2395 1360 2444 regni
1380 2391 1539 2433 Cazanis
1560 2405 1641 2430 non
1661 2405 1737 2430 ex-

296 2447 496 2499 primunt,
528 2448 718 2498 quaedam
734 2456 865 2489 tamen
889 2452 1086 2491 affirmant
1106 2452 1208 2490 unde
1225 2451 1329 2489 ultra
1346 2447 1608 2500 praescriptos
1625 2462 1647 2485 a
1663 2461 1736 2485 no·-

295 2504 355 2541 bis
373 2502 518 2541 limites
538 2503 641 2541 illud
660 2504 765 2543 haud
793 2507 954 2557 paulum
975 2508 1186 2546 excessisse
1208 2507 1260 2544 sit
1289 2517 1538 2554 consequens·
1593 2516 1736 2555 nempe

299 2559 380 2597 duo
404 2559 552 2611 priores
571 2559 684 2598 aiunt
708 2561 880 2611 coepisse
899 2562 1012 2600 illum
1035 2565 1223 2614 imperare
1244 2575 1346 2598 anno
1371 2559 1518 2598 Christi
1539 2558 1667 2609 1294,
1696 2565 1736 2597 et

294 2614 503 2667 Aythonus
522 2614 673 2670 obitum
693 2616 862 2655 eiusdem
884 2620 1036 2658 confert
1051 2619 1092 2656 in
1113 2630 1259 2655 annum
1271 2615 1416 2655 Christi
1436 2614 1556 2662 1304,
1577 2628 1626 2653 ex
1648 2615 1736 2665 qui-

294 2671 368 2710 bus
390 2671 638 2710 inferendum
667 2678 767 2712 esset
799 2685 887 2713 eum
913 2675 1020 2714 ultra
1045 2686 1186 2712 novem
1211 2673 1349 2725 plenos
1371 2686 1492 2710 annos
1510 2671 1736 2722 Mogulense

294 2727 507 2779 imperium
535 2728 692 2769 rexisse.
748 2728 817 2768 sed
846 2728 895 2767 de
921 2739 1019 2769 *vera
1045 2730 1136 2768 sede
1162 2729 1400 2781 epocharum
1426 2727 1517 2766 initi
1539 2742 1560 2766 a
1584 2728 1734 2765 cazane

294 2784 538 2837 principatus
565 2790 605 2824 et
633 2785 772 2824 mortis
799 2785 927 2826 obitae
957 2785 1105 2836 tutius,
1143 2786 1308 2839 opinor,
1344 2785 1516 2826 creditur
1542 2783 1734 2823 arabibus
