1820 3112
200 163 268 210 76
625 163 867 207 GEORGII
895 162 1248 207 PACHYMERIS

81 281 110 316 Ρ
136 282 182 318 47
201 274 353 334 χρόνον
382 275 700 330 διανυσθέντος,
748 279 817 320 καὶ
845 281 927 320 τῶν
960 277 1115 320 οῗκει’ων
1144 276 1274 320 αὐτοῦ
1301 278 1347 321 δὲ
1364 273 1595 334 ζητούντων
1614 281 1675 335 τῷ

199 343 502 402 πρεσβεύεσθαι
523 345 638 402 παρὰ
660 346 834 399 βασιλέα
855 349 921 389 καὶ
949 350 1327 401 καθυπισχνεῖσθαι
1348 346 1402 390 τὰ
1425 344 1605 402 μεγάλα,
1641 347 1676 388 εἲ

198 412 325 470 μόνον
347 413 479 456 ἀνεῖτο
502 418 585 457 τῶν
611 418 809 471 φυλακῶν
830 416 898 457 καὶ
917 415 1019 470 πρὸς
1043 415 1196 464 αὐτοῦς
1213 415 1368 469 γένοιτο
1382 447 1395 467 ,
1432 412 1454 458 ὅ
1473 415 1548 469 μὲν
1570 432 1675 471 κρα-

201 487 284 526 τῶν
311 480 467 539 ἀνήρτα
489 483 542 524 τὰ
560 485 649 539 περὶ
671 481 844 536 τούτου,
885 486 951 526 καὶ
972 482 1106 540 λόγοις
1133 485 1367 538 οἰκονομίας
1387 482 1480 526 οῧτε
1501 481 1674 536 πάμπαν

202 548 379 606 ἀνήνατο
402 550 496 594 οὔτε
515 551 598 606 μὴν
621 552 830 595 κατένευεν
854 552 895 601 ἒς
915 552 961 595 τὸ
982 553 1188 602 παντελές.
1258 553 1334 603 τὰς
1352 556 1452 608 γοῦν
1482 549 1707 601 vocativam

201 619 413 674 ἀναβολὰς
429 618 659 674 μανθάνων
690 622 837 671 ἐκεῖνος
857 622 1015 676 βουλὴν
1043 619 1282 674 βουλεύεται
1303 621 1500 676 κακίστην
1518 623 1678 674 μᾶλλον

201 687 227 743 ἢ
247 687 432 744 συνετήν.
501 690 733 745 ἓγγειτονῶν
753 690 832 747 γὰρ
851 694 934 732 τῶν
967 688 1207 746 ἀνακτόρων
1235 689 1553 746 ε’γκεκλεισμένος
1572 687 1677 732 ὅπου

150 763 180 797 Β
205 757 254 813 δὴ
289 759 356 800 καὶ
386 758 579 811 βασιλεὺς
608 757 726 816 ᾤκει,
769 758 870 815 ἔγνω
900 763 983 813 πῦρ
1015 759 1158 802 ἐνιέναι
1190 766 1276 808 τοῖς
1296 759 1449 810 οἷ’κοις,
1487 755 1544 808 ὥς
1563 755 1679 813 δήτι

203 833 385 882 γενναῖον
415 824 654 881 ποιούμενος
683 827 731 870 τὸ
767 829 824 877 εἷς
853 833 1039 870 τοιοῦτον
1061 827 1321 883 ἀναρρίπτειν
1339 829 1539 870 κίνδυνον.
1612 827 1680 869 καὶ

203 895 255 949 δὴ
276 895 421 945 νυκτὸς
438 894 541 950 ἀωρὶ
562 894 744 951 κάγκανα
763 895 864 947 ξύλα
887 894 1207 951 ἑτοιμασάμενος
1219 929 1232 949 ,
1271 894 1328 946 ὥς
1346 898 1478 951 δῆθεν
1499 895 1676 951 θερμαί·
1690 904 1734 938 10

201 981 312 1007 νοιτο
345 965 571 1022 (χειμῶνος
601 964 680 1021 γὰρ
702 963 922 1020 ἐπράττετο
950 970 1107 1018 ταῦτα,
1146 966 1240 1020 περί
1257 983 1337 1008 που
1366 967 1678 1020 Σκιρροφοριῶ-

203 1049 274 1082 νος
305 1032 358 1075 τά
388 1033 519 1086 μέσα,
558 1031 604 1082 ὅς
635 1035 744 1076 ἐστιν
778 1032 799 1076 ὅ
831 1034 1105 1090 Λεκέβριος),
1155 1033 1230 1084 τὰς
1258 1032 1396 1090 θίρας
1425 1037 1499 1088 τῆς
1520 1032 1680 1088 εἱρκτῆς

203 1099 538 1157 ἀσφαλισάμενος
558 1101 729 1144 ἔνδοθεν
752 1107 834 1158 πῦρ
858 1103 1008 1157 ἐνίησιν
1019 1136 1032 1155 ,
1072 1102 1093 1145 ὃ
1116 1102 1166 1157 δὴ
1188 1104 1342 1157 καὶτῆς
1363 1100 1474 1158 ὥρας
1493 1117 1678 1144 κατατα-

201 1174 336 1225 χῆσαν
359 1172 504 1225 ἐξῆπτε
526 1172 591 1212 καὶ
614 1177 701 1220 τοῖς
723 1171 837 1220 ἐκτὸς
856 1173 982 1227 δῆλον
1003 1167 1067 1225 ἦν.
1089 1169 1242 1228 φθάνει
1258 1173 1303 1214 δὲ
1331 1172 1398 1214 καὶ
1415 1170 1488 1212 τὸν
1506 1169 1681 1223 βασιλέα

205 1238 493 1294 ἀγρυπνοῦντα
523 1238 581 1281 ἔτι
609 1239 656 1282 τὸ
684 1238 858 1295 γεγονός.
930 1241 997 1282 καὶ
1032 1237 1078 1288 ὃς
1120 1239 1218 1289 τούς
1256 1239 1565 1294 ἀμυνουμένους
1605 1237 1678 1280 οὐκ
1691 1244 1734 1280 15

155 1310 185 1344 C
211 1308 359 1349 ἐκεῖνον
380 1306 484 1349 ἀλλὰ
502 1306 548 1349 τὸ
575 1312 658 1363 πῦρ
687 1310 742 1357 εἷς
769 1306 1016 1362 κατάσβεσιν
1043 1308 1262 1361 ἀπέπεμπε.
1332 1309 1404 1351 καί
1419 1324 1482 1356 τις
1500 1310 1583 1350 τῶν
1603 1305 1680 1348 ἅλ-

205 1380 287 1419 λων
309 1376 500 1430 ἐκτομίας
520 1373 698 1432 Κάρβας
717 1375 929 1433 λεγόμενος
951 1375 1208 1435 προφθάσας
1227 1383 1316 1426 ταῖς
1339 1375 1493 1433 θύραις
1521 1372 1680 1432 προσή-

295 1509 329 1545 7.
353 1507 394 1544 ἐκ
414 1505 618 1553 γειτόνωνΐ

207 1621 353 1657 addatur
375 1633 457 1666 ergo
481 1622 540 1668 qui
564 1622 664 1656 lentis
687 1622 744 1656 diu
767 1622 891 1656 dilatus
914 1622 1106 1656 intervallis
1129 1622 1267 1657 tandem
1289 1621 1508 1668 supervenit,
1535 1618 1682 1655 novissi-

207 1679 282 1702 mus
315 1672 351 1701 et
383 1669 484 1713 plane
515 1669 668 1713 tragicus
698 1668 836 1703 fabulae
865 1672 972 1702 actus.
1023 1673 1182 1703 octavum
1211 1669 1279 1702 iam
1315 1669 1350 1701 in
1383 1667 1538 1702 custodia
1561 1665 1681 1700 infelix

208 1713 357 1748 Michael
380 1725 502 1748 annum
526 1715 742 1759 expleverat,
766 1726 840 1748 cum
864 1714 1067 1748 necessariis
1091 1715 1196 1759 ipsius
1219 1714 1350 1748 crebris
1371 1713 1597 1758 legationibus
1618 1711 1682 1745 im-

207 1766 401 1805 peratorem
425 1761 624 1804 urgentibus
648 1766 684 1794 et
707 1771 829 1805 magna
851 1760 1105 1805 pollicentibus,
1138 1761 1168 1794 si
1194 1761 1349 1794 miserum
1374 1759 1543 1804 tantisper
1562 1759 1682 1793 vincu-

206 1806 249 1840 lis
280 1806 427 1840 solutum
460 1807 504 1840 ad
537 1817 617 1840 suos
649 1806 763 1840 redire
794 1806 1025 1851 permisisset,
1061 1810 1231 1850 Augustus
1255 1818 1321 1840 non
1343 1805 1400 1839 ille
1422 1805 1556 1850 quidem
1579 1814 1683 1850 prae-

206 1853 319 1886 fracte
341 1852 500 1896 negavit,
533 1857 593 1886 aut
624 1863 754 1886 omnem
786 1852 999 1897 supplicibus
1030 1852 1234 1897 impetrandi
1265 1851 1447 1897 aliquando
1471 1851 1562 1896 quod
1586 1853 1683 1895 pete-

209 1903 286 1932 rent
309 1909 404 1943 spem
427 1898 592 1940 abscidit,
620 1909 740 1932 verum
762 1902 874 1932 tamen
899 1910 962 1932 nec
983 1898 1085 1943 plane
1108 1898 1236 1940 annuit,
1262 1898 1323 1932 sed
1346 1897 1460 1931 verbis
1483 1896 1625 1941 placidis
1647 1900 1684 1929 et

209 1944 404 1986 exorabilis,
431 1944 491 1979 ubi
515 1950 682 1978 maturum
705 1947 807 1985 foret,
831 1944 932 1978 animi
979 1945 1102 1978 uadam
1125 1945 1270 1978 humana
1293 1942 1544 1989 significatione
1565 1941 1685 1976 condi-

210 1990 257 2024 tis
287 1990 388 2024 anxie
420 1990 626 2024 solicitorum
648 1993 730 2024 vota
753 1990 922 2024 delinivit.
993 2002 1031 2024 as
1054 1990 1202 2024 michael
1225 1989 1406 2025 Andronici
1427 1987 1686 2033 tergiversatio-

209 2047 271 2070 nes
294 2040 330 2069 et
353 2035 571 2078 artificiosas,
588 2035 645 2070 ubi
669 2036 840 2081 cognovit,
863 2037 1054 2070 detestatus
1077 2048 1202 2080 moras,
1218 2036 1394 2071 consilium
1414 2034 1480 2068 init
1501 2039 1539 2068 et
1561 2038 1686 2079 coeptu

211 2085 248 2115 et
271 2086 394 2115 eventu
417 2082 532 2126 potius
555 2082 865 2128 desperatissimum
887 2094 930 2116 ac
958 2083 1139 2128 pessimum
1165 2094 1264 2128 quam
1288 2082 1354 2116 ullo
1377 2081 1526 2116 astutiae
1547 2079 1684 2124 ingenio

212 2127 486 2162 commendabile.
533 2140 608 2161 cum
632 2129 719 2162 enim
742 2129 777 2163 in
804 2128 892 2162 turri
914 2134 1110 2163 servaretur
1126 2129 1287 2163 Palatinis
1309 2129 1445 2163 admota
1467 2126 1608 2161 aedibus
1629 2125 1685 2160 in-

211 2177 268 2207 tra
292 2184 377 2218 quas
400 2173 475 2218 ipse
501 2173 740 2208 diversabatur
770 2175 978 2220 imperator,
1010 2175 1104 2208 visus
1135 2175 1200 2208 sibi
1237 2179 1292 2209 est
1325 2183 1526 2218 generosum
1556 2169 1685 2225 aliquid

210 2220 386 2261 facturus,
421 2219 452 2252 si
483 2218 625 2254 flammis
658 2231 719 2254 suo
754 2221 885 2254 carceri
907 2221 1071 2256 subiectis
1096 2220 1206 2266 ipsius
1237 2231 1374 2266 quoque
1394 2217 1499 2253 invisi
1519 2215 1685 2262 princ-pis

211 2264 406 2307 contiguum
438 2264 637 2299 incenderet
665 2266 880 2301 domicilium.
926 2271 1026 2301 nocte
1055 2267 1160 2311 igitur
1181 2266 1405 2311 intempesta,
1427 2263 1523 2308 prius
1544 2263 1685 2296 obsera-

210 2310 256 2344 tis
279 2310 462 2354 diligenter
485 2311 634 2344 carceris
658 2313 786 2354 valvis,
823 2313 934 2358 ignem
963 2313 1078 2347 iniecit
1106 2313 1140 2346 in
1164 2316 1292 2346 struem
1313 2311 1478 2355 lignorum
1501 2308 1687 2348 aridorum,

210 2367 312 2400 quam
346 2359 426 2389 ante
459 2361 679 2401 congesserat
712 2358 827 2402 specie
858 2359 1034 2393 habendae
1066 2358 1110 2392 ad
1133 2370 1265 2392 manum
1288 2355 1452 2391 materiae
1473 2353 1686 2388 necessariae

211 2403 288 2436 foco
312 2401 460 2435 cubiculi
482 2401 616 2446 longum
638 2402 674 2436 in
696 2407 830 2448 tempus
863 2404 982 2438 alendo
997 2429 1008 2448 ,
1042 2409 1147 2449 prout
1170 2403 1262 2447 rigor
1283 2401 1446 2437 brumalis
1468 2397 1686 2444 tempestatis

211 2447 430 2492 requirebat:
466 2459 542 2482 nam
577 2449 661 2482 haec
683 2448 776 2482 circa
798 2449 998 2484 Decembris
1020 2449 1164 2484 medium
1189 2454 1267 2483 acta
1289 2452 1379 2483 sunt.
1424 2446 1560 2480 flamma
1584 2452 1685 2490 rapto

211 2493 329 2528 fomite
352 2493 510 2527 celeriter
534 2505 652 2538 pyram
675 2494 808 2528 obviam
833 2496 1010 2540 amplexa,
1050 2494 1230 2528 luculentis
1270 2494 1374 2527 horae
1403 2491 1518 2536 spatio
1538 2490 1687 2525 inclare-

212 2550 312 2574 scens
330 2539 502 2576 auctibus,
528 2551 589 2584 per
612 2546 827 2585 erumpentes
850 2552 870 2574 e
893 2545 985 2574 tecto
1006 2541 1099 2574 intra
1122 2540 1212 2585 quod
1237 2543 1399 2583 coeperat
1410 2539 1559 2572 fumosos
1577 2535 1686 2570 immi-

211 2585 277 2621 stis
299 2585 454 2620 scintillis
477 2585 607 2630 globos,
629 2596 737 2631 usque
760 2586 805 2620 ad
828 2596 962 2620 sensum
990 2592 1089 2620 extra
1112 2585 1305 2629 degentium
1327 2584 1362 2618 in
1386 2583 1537 2628 proximo
1559 2581 1686 2616 indicia

210 2632 263 2667 sui
296 2631 450 2676 pertulit.
496 2642 568 2666 rem
595 2631 631 2665 in
655 2631 771 2677 primis
795 2632 906 2666 adhuc
935 2632 1142 2666 commodum
1165 2631 1310 2675 vigilans
1333 2632 1507 2674 Augustus
1529 2627 1686 2662 animad-

210 2676 340 2721 vertit3
374 2688 417 2711 ac
445 2677 593 2723 raptim,
624 2689 687 2723 pro
719 2677 883 2712 instantia
908 2677 1074 2724 periculi,
1106 2677 1272 2712 satellites
1295 2680 1464 2721 quotquot
1485 2673 1529 2708 ad
1552 2684 1686 2708 manum

210 2725 332 2767 fuere,
355 2723 456 2758 iussit
482 2735 663 2758 accurrere
693 2724 739 2758 ad
762 2735 953 2765 carcerem,
985 2735 1052 2758 non
1082 2734 1211 2768 poenas
1243 2722 1435 2757 inflicturos
1464 2718 1687 2760 incendiario,

210 2780 311 2815 quem
333 2770 445 2805 adhuc
466 2770 544 2815 quis
567 2773 659 2805 esset
680 2770 878 2812 nesciebat,
909 2770 970 2804 sed
993 2769 1181 2804 incendium
1202 2769 1316 2815 ipsum
1339 2767 1559 2802 extincturus.
1606 2769 1687 2799 ante

211 2826 328 2851 omnes
358 2816 404 2852 ad
434 2816 564 2852 iussum
595 2816 744 2852 evolavit
775 2816 948 2852 eunuchus
971 2816 1105 2852 Carbas
1125 2815 1279 2859 nomine,
1306 2813 1514 2859 tentatisque
1542 2811 1686 2853 foribus,
