<?xml version="1.0" encoding="UTF-8"?>
<!DOCTYPE html PUBLIC "-//W3C//DTD XHTML 1.0 Transitional//EN"
    "http://www.w3.org/TR/xhtml1/DTD/xhtml1-transitional.dtd">
<html xmlns="http://www.w3.org/1999/xhtml" xml:lang="en" lang="en">
 <head>
  <title>
</title>
<meta http-equiv="Content-Type" content="text/html;charset=utf-8" />
  <meta name='ocr-system' content='tesseract 3.04.00' />
  <meta name='ocr-capabilities' content='ocr_page ocr_carea ocr_par ocr_line ocrx_word'/>
</head>
<body>
  <div class='ocr_page' id='page_1' title='image "./corpusscriptorum18niebuoft_0727.png"; bbox 0 0 1858 3126; ppageno 0'>
   <div class='ocr_carea' id='block_1_1' title="bbox 544 123 1592 210">
    <p class='ocr_par' dir='ltr' id='par_1_1' title="bbox 544 123 1592 210">
     <span class='ocr_line' id='line_1_1' title="bbox 544 123 1592 210; baseline 0.008 -8"><span class='ocrx_word' id='word_1_1' title='bbox 544 159 647 204; x_wconf 79' lang='lat' dir='ltr'><strong>Lm.</strong></span> <span class='ocrx_word' id='word_1_2' title='bbox 675 157 714 203; x_wconf 80' lang='lat' dir='ltr'><strong>I.</strong></span> <span class='ocrx_word' id='word_1_3' title='bbox 785 158 1147 203; x_wconf 78' lang='lat' dir='ltr'><strong>GLOSSARJUM.</strong></span> <span class='ocrx_word' id='word_1_4' title='bbox 1477 123 1592 210; x_wconf 53' lang='grc' dir='ltr'><strong>711ῥ</strong></span> 
     </span>
    </p>
   </div>
   <div class='ocr_carea' id='block_1_2' title="bbox 114 263 1709 2840">
    <p class='ocr_par' dir='ltr' id='par_1_2' title="bbox 119 263 1578 881">
     <span class='ocr_line' id='line_1_2' title="bbox 123 263 1578 323; baseline 0.002 -15"><span class='ocrx_word' id='word_1_5' title='bbox 123 270 254 310; x_wconf 70' lang='lat' dir='ltr'><strong>affert:</strong></span> <span class='ocrx_word' id='word_1_6' title='bbox 279 267 308 321; x_wconf 77' lang='grc' dir='ltr'><strong><em>ἦ</em></strong></span> <span class='ocrx_word' id='word_1_7' title='bbox 321 267 499 320; x_wconf 71' lang='grc' dir='ltr'><strong>στέρησις</strong></span> <span class='ocrx_word' id='word_1_8' title='bbox 515 283 591 320; x_wconf 83' lang='grc' dir='ltr'><strong>γαρ</strong></span> <span class='ocrx_word' id='word_1_9' title='bbox 611 263 686 307; x_wconf 84' lang='grc' dir='ltr'><strong>ουίι</strong></span> <span class='ocrx_word' id='word_1_10' title='bbox 704 265 808 307; x_wconf 75' lang='grc' dir='ltr'>ἔστιν</span> <span class='ocrx_word' id='word_1_11' title='bbox 825 263 1052 316; x_wconf 78' lang='grc' dir='ltr'>υπὸστασις.</span> <span class='ocrx_word' id='word_1_12' title='bbox 1107 268 1216 309; x_wconf 81' lang='lat' dir='ltr'><strong>unde</strong></span> <span class='ocrx_word' id='word_1_13' title='bbox 1229 267 1350 308; x_wconf 75' lang='lat' dir='ltr'><strong>insert</strong></span> <span class='ocrx_word' id='word_1_14' title='bbox 1364 283 1447 310; x_wconf 88' lang='lat' dir='ltr'><strong>non</strong></span> <span class='ocrx_word' id='word_1_15' title='bbox 1465 285 1578 323; x_wconf 76' lang='lat' dir='ltr'><strong>posse</strong></span> 
     </span>
     <span class='ocr_line' id='line_1_3' title="bbox 122 321 1575 379; baseline 0.002 -14"><span class='ocrx_word' id='word_1_16' title='bbox 122 325 266 365; x_wconf 85' lang='lat' dir='ltr'><strong>habere</strong></span> <span class='ocrx_word' id='word_1_17' title='bbox 284 327 474 365; x_wconf 78' lang='lat' dir='ltr'><strong>virtutem</strong></span> <span class='ocrx_word' id='word_1_18' title='bbox 493 324 639 362; x_wconf 87' lang='lat' dir='ltr'><strong>ullam:</strong></span> <span class='ocrx_word' id='word_1_19' title='bbox 667 321 711 363; x_wconf 77' lang='grc' dir='ltr'><strong>τὸ</strong></span> <span class='ocrx_word' id='word_1_20' title='bbox 730 321 773 363; x_wconf 81' lang='grc' dir='ltr'><strong>δὲ</strong></span> <span class='ocrx_word' id='word_1_21' title='bbox 791 338 846 374; x_wconf 83' lang='grc' dir='ltr'><strong>μη</strong></span> <span class='ocrx_word' id='word_1_22' title='bbox 868 322 1144 375; x_wconf 68' lang='grc' dir='ltr'><strong><em>ὑφιστάμενον</em></strong></span> <span class='ocrx_word' id='word_1_23' title='bbox 1163 326 1285 366; x_wconf 73' lang='grc' dir='ltr'><strong><em>ποίαν</em></strong></span> <span class='ocrx_word' id='word_1_24' title='bbox 1307 326 1383 375; x_wconf 74' lang='grc' dir='ltr'>ἕξει</span> <span class='ocrx_word' id='word_1_25' title='bbox 1403 343 1480 379; x_wconf 80' lang='grc' dir='ltr'><strong>την</strong></span> <span class='ocrx_word' id='word_1_26' title='bbox 1500 327 1575 370; x_wconf 76' lang='grc' dir='ltr'><strong>δυ’·</strong></span> 
     </span>
     <span class='ocr_line' id='line_1_4' title="bbox 122 378 1578 451; baseline 0.004 -32"><span class='ocrx_word' id='word_1_27' title='bbox 122 398 267 435; x_wconf 69' lang='grc' dir='ltr'>ναμινς</span> <span class='ocrx_word' id='word_1_28' title='bbox 295 387 452 420; x_wconf 86' lang='lat' dir='ltr'><strong>enarret</strong></span> <span class='ocrx_word' id='word_1_29' title='bbox 469 380 590 431; x_wconf 87' lang='lat' dir='ltr'><strong>igitur</strong></span> <span class='ocrx_word' id='word_1_30' title='bbox 599 378 854 430; x_wconf 86' lang='lat' dir='ltr'><strong>Pachymeres</strong></span> <span class='ocrx_word' id='word_1_31' title='bbox 873 392 913 417; x_wconf 84' lang='lat' dir='ltr'><strong>se</strong></span> <span class='ocrx_word' id='word_1_32' title='bbox 928 379 1079 432; x_wconf 74' lang='lat' dir='ltr'><strong>ipsum3</strong></span> <span class='ocrx_word' id='word_1_33' title='bbox 1109 387 1149 419; x_wconf 89' lang='lat' dir='ltr'><strong>et</strong></span> <span class='ocrx_word' id='word_1_34' title='bbox 1172 395 1244 421; x_wconf 84' lang='lat' dir='ltr'><strong>cur</strong></span> <span class='ocrx_word' id='word_1_35' title='bbox 1258 381 1578 451; x_wconf 73' lang='grc' dir='ltr'><strong>παρυποπᾶσεις</strong></span> 
     </span>
     <span class='ocr_line' id='line_1_5' title="bbox 121 434 1574 490; baseline 0.004 -14"><span class='ocrx_word' id='word_1_36' title='bbox 121 438 521 485; x_wconf 83' lang='lat' dir='ltr'><strong>viee-subsistentias,</strong></span> <span class='ocrx_word' id='word_1_37' title='bbox 548 442 596 474; x_wconf 86' lang='lat' dir='ltr'><strong>ut</strong></span> <span class='ocrx_word' id='word_1_38' title='bbox 620 436 675 473; x_wconf 86' lang='lat' dir='ltr'><strong>sic</strong></span> <span class='ocrx_word' id='word_1_39' title='bbox 699 435 888 483; x_wconf 84' lang='lat' dir='ltr'>dixerim,</span> <span class='ocrx_word' id='word_1_40' title='bbox 915 434 959 475; x_wconf 80' lang='grc' dir='ltr'><strong>ἐκ</strong></span> <span class='ocrx_word' id='word_1_41' title='bbox 983 439 1056 487; x_wconf 82' lang='grc' dir='ltr'><strong>τῆς</strong></span> <span class='ocrx_word' id='word_1_42' title='bbox 1082 452 1163 477; x_wconf 83' lang='grc' dir='ltr'><strong>των</strong></span> <span class='ocrx_word' id='word_1_43' title='bbox 1186 434 1352 490; x_wconf 78' lang='grc' dir='ltr'><strong>α’γαθαῖν</strong></span> <span class='ocrx_word' id='word_1_44' title='bbox 1376 435 1574 489; x_wconf 56' lang='lat' dir='ltr'><strong>&amp;mustus</strong></span> 
     </span>
     <span class='ocr_line' id='line_1_6' title="bbox 119 489 1575 560; baseline 0.001 -26"><span class='ocrx_word' id='word_1_45' title='bbox 119 501 238 534; x_wconf 77' lang='lat' dir='ltr'><strong>vocet</strong></span> <span class='ocrx_word' id='word_1_46' title='bbox 255 489 371 542; x_wconf 74' lang='grc' dir='ltr'><strong>κακά,</strong></span> <span class='ocrx_word' id='word_1_47' title='bbox 401 493 602 531; x_wconf 80' lang='lat' dir='ltr'><strong>declaret</strong></span> <span class='ocrx_word' id='word_1_48' title='bbox 591 491 637 529; x_wconf 74' lang='lat' dir='ltr'><strong>iis</strong></span> <span class='ocrx_word' id='word_1_49' title='bbox 653 491 745 543; x_wconf 88' lang='lat' dir='ltr'><strong>ipsis</strong></span> <span class='ocrx_word' id='word_1_50' title='bbox 765 490 893 528; x_wconf 89' lang='lat' dir='ltr'><strong>verbis</strong></span> <span class='ocrx_word' id='word_1_51' title='bbox 913 504 1011 541; x_wconf 86' lang='lat' dir='ltr'><strong>quae</strong></span> <span class='ocrx_word' id='word_1_52' title='bbox 1034 506 1115 530; x_wconf 82' lang='lat' dir='ltr'><strong>non</strong></span> <span class='ocrx_word' id='word_1_53' title='bbox 1132 493 1248 560; x_wconf 89' lang='lat' dir='ltr'><strong>longo</strong></span> <span class='ocrx_word' id='word_1_54' title='bbox 1263 494 1472 534; x_wconf 81' lang='lat' dir='ltr'><strong>intervallo</strong></span> <span class='ocrx_word' id='word_1_55' title='bbox 1487 503 1575 548; x_wconf 84' lang='lat' dir='ltr'><strong>post</strong></span> 
     </span>
     <span class='ocr_line' id='line_1_7' title="bbox 121 545 1575 616; baseline 0.002 -27"><span class='ocrx_word' id='word_1_56' title='bbox 121 550 240 590; x_wconf 82' lang='lat' dir='ltr'><strong>modo</strong></span> <span class='ocrx_word' id='word_1_57' title='bbox 259 549 487 616; x_wconf 75' lang='lat' dir='ltr'><strong>descripta</strong></span> <span class='ocrx_word' id='word_1_58' title='bbox 476 563 518 587; x_wconf 87' lang='lat' dir='ltr'><strong>m</strong></span> <span class='ocrx_word' id='word_1_59' title='bbox 544 548 626 586; x_wconf 84' lang='lat' dir='ltr'><strong>eius</strong></span> <span class='ocrx_word' id='word_1_60' title='bbox 643 546 870 614; x_wconf 70' lang='lat' dir='ltr'><strong>paraphrasi</strong></span> <span class='ocrx_word' id='word_1_61' title='bbox 894 547 1100 598; x_wconf 83' lang='lat' dir='ltr'><strong>leguntur:</strong></span> <span class='ocrx_word' id='word_1_62' title='bbox 1137 545 1198 590; x_wconf 78' lang='grc' dir='ltr'>ὅτι</span> <span class='ocrx_word' id='word_1_63' title='bbox 1222 547 1309 591; x_wconf 78' lang='grc' dir='ltr'>τότε</span> <span class='ocrx_word' id='word_1_64' title='bbox 1336 550 1367 603; x_wconf 78' lang='grc' dir='ltr'><em>ἦ</em></span> <span class='ocrx_word' id='word_1_65' title='bbox 1398 551 1575 604; x_wconf 80' lang='grc' dir='ltr'><strong>στέρησις</strong></span> 
     </span>
     <span class='ocr_line' id='line_1_8' title="bbox 119 598 1574 660; baseline -0.001 -12"><span class='ocrx_word' id='word_1_66' title='bbox 119 602 460 660; x_wconf 73' lang='grc' dir='ltr'>παρνφίσταται”</span> <span class='ocrx_word' id='word_1_67' title='bbox 440 619 501 646; x_wconf 78' lang='lat' dir='ltr'><strong>ote</strong></span> <span class='ocrx_word' id='word_1_68' title='bbox 527 601 571 645; x_wconf 77' lang='grc' dir='ltr'><strong>τὸ</strong></span> <span class='ocrx_word' id='word_1_69' title='bbox 601 599 759 656; x_wconf 81' lang='grc' dir='ltr'><strong><em>α’γαθὸν</em></strong></span> <span class='ocrx_word' id='word_1_70' title='bbox 786 598 1011 655; x_wconf 69' lang='grc' dir='ltr'>ἐπέρχεται,</span> <span class='ocrx_word' id='word_1_71' title='bbox 1052 607 1245 655; x_wconf 73' lang='lat' dir='ltr'><strong>quoniam</strong></span> <span class='ocrx_word' id='word_1_72' title='bbox 1276 614 1374 645; x_wconf 81' lang='lat' dir='ltr'><strong>tunc</strong></span> <span class='ocrx_word' id='word_1_73' title='bbox 1394 610 1574 659; x_wconf 76' lang='lat' dir='ltr'><em>privatio</em></span> 
     </span>
     <span class='ocr_line' id='line_1_9' title="bbox 122 659 1575 715; baseline 0.001 -15"><span class='ocrx_word' id='word_1_74' title='bbox 122 665 247 715; x_wconf 74' lang='lat' dir='ltr'><strong>quasi</strong></span> <span class='ocrx_word' id='word_1_75' title='bbox 277 662 485 711; x_wconf 67' lang='lat' dir='ltr'><strong>subsistit,</strong></span> <span class='ocrx_word' id='word_1_76' title='bbox 532 659 694 712; x_wconf 78' lang='lat' dir='ltr'><strong>quando</strong></span> <span class='ocrx_word' id='word_1_77' title='bbox 723 659 873 697; x_wconf 80' lang='lat' dir='ltr'><strong>bonum</strong></span> <span class='ocrx_word' id='word_1_78' title='bbox 902 660 1036 709; x_wconf 87' lang='lat' dir='ltr'><strong>(cuius</strong></span> <span class='ocrx_word' id='word_1_79' title='bbox 1066 667 1124 698; x_wconf 81' lang='lat' dir='ltr'><strong>est</strong></span> <span class='ocrx_word' id='word_1_80' title='bbox 1157 661 1352 712; x_wconf 81' lang='lat' dir='ltr'><strong>privatio)</strong></span> <span class='ocrx_word' id='word_1_81' title='bbox 1381 664 1575 707; x_wconf 66' lang='lat' dir='ltr'><strong>abscedit.</strong></span> 
     </span>
     <span class='ocr_line' id='line_1_10' title="bbox 121 715 1576 768; baseline 0.001 -11"><span class='ocrx_word' id='word_1_82' title='bbox 121 719 230 758; x_wconf 84' lang='lat' dir='ltr'><strong>unde</strong></span> <span class='ocrx_word' id='word_1_83' title='bbox 249 717 347 756; x_wconf 85' lang='lat' dir='ltr'>nihil</span> <span class='ocrx_word' id='word_1_84' title='bbox 372 724 431 755; x_wconf 81' lang='lat' dir='ltr'><strong>est</strong></span> <span class='ocrx_word' id='word_1_85' title='bbox 455 717 643 765; x_wconf 84' lang='lat' dir='ltr'><strong>solidum,</strong></span> <span class='ocrx_word' id='word_1_86' title='bbox 670 715 738 754; x_wconf 83' lang='lat' dir='ltr'><strong>sed</strong></span> <span class='ocrx_word' id='word_1_87' title='bbox 755 716 879 754; x_wconf 75' lang='lat' dir='ltr'><strong>forma</strong></span> <span class='ocrx_word' id='word_1_88' title='bbox 899 716 1014 754; x_wconf 85' lang='lat' dir='ltr'><strong>solidi</strong></span> <span class='ocrx_word' id='word_1_89' title='bbox 1042 729 1282 768; x_wconf 78' lang='lat' dir='ltr'><strong>expressum.</strong></span> <span class='ocrx_word' id='word_1_90' title='bbox 1339 725 1384 756; x_wconf 90' lang='lat' dir='ltr'><strong>ut</strong></span> <span class='ocrx_word' id='word_1_91' title='bbox 1402 733 1492 758; x_wconf 86' lang='lat' dir='ltr'><strong>cum</strong></span> <span class='ocrx_word' id='word_1_92' title='bbox 1511 727 1576 758; x_wconf 85' lang='lat' dir='ltr'><strong>te·-</strong></span> 
     </span>
     <span class='ocr_line' id='line_1_11' title="bbox 121 771 1575 836; baseline 0.002 -23"><span class='ocrx_word' id='word_1_93' title='bbox 121 775 263 814; x_wconf 82' lang='lat' dir='ltr'><strong>nebras</strong></span> <span class='ocrx_word' id='word_1_94' title='bbox 280 774 367 824; x_wconf 80' lang='lat' dir='ltr'><strong>quis</strong></span> <span class='ocrx_word' id='word_1_95' title='bbox 386 773 499 821; x_wconf 85' lang='lat' dir='ltr'><strong>dicit,</strong></span> <span class='ocrx_word' id='word_1_96' title='bbox 528 772 690 811; x_wconf 82' lang='lat' dir='ltr'><strong>videtur</strong></span> <span class='ocrx_word' id='word_1_97' title='bbox 703 771 916 836; x_wconf 80' lang='lat' dir='ltr'><strong>positivum</strong></span> <span class='ocrx_word' id='word_1_98' title='bbox 933 772 1079 822; x_wconf 80' lang='lat' dir='ltr'><strong>aliquid</strong></span> <span class='ocrx_word' id='word_1_99' title='bbox 1097 773 1238 825; x_wconf 84' lang='lat' dir='ltr'>dicere,</span> <span class='ocrx_word' id='word_1_100' title='bbox 1264 787 1309 813; x_wconf 86' lang='lat' dir='ltr'><strong>re</strong></span> <span class='ocrx_word' id='word_1_101' title='bbox 1327 787 1422 814; x_wconf 83' lang='lat' dir='ltr'><strong>vera</strong></span> <span class='ocrx_word' id='word_1_102' title='bbox 1443 783 1575 816; x_wconf 87' lang='lat' dir='ltr'><strong>autem</strong></span> 
     </span>
     <span class='ocr_line' id='line_1_12' title="bbox 122 827 1078 895; baseline -0.004 -25"><span class='ocrx_word' id='word_1_103' title='bbox 122 830 222 870; x_wconf 77' lang='lat' dir='ltr'><strong>nihil</strong></span> <span class='ocrx_word' id='word_1_104' title='bbox 241 830 337 868; x_wconf 82' lang='lat' dir='ltr'><strong>dicit</strong></span> <span class='ocrx_word' id='word_1_105' title='bbox 359 830 433 867; x_wconf 87' lang='lat' dir='ltr'><strong>nisi</strong></span> <span class='ocrx_word' id='word_1_106' title='bbox 449 829 641 895; x_wconf 80' lang='lat' dir='ltr'>positivae</span> <span class='ocrx_word' id='word_1_107' title='bbox 662 829 719 866; x_wconf 90' lang='lat' dir='ltr'><strong>rei</strong></span> <span class='ocrx_word' id='word_1_108' title='bbox 735 827 948 865; x_wconf 77' lang='lat' dir='ltr'><strong>absentiam</strong></span> <span class='ocrx_word' id='word_1_109' title='bbox 967 828 1078 868; x_wconf 86' lang='lat' dir='ltr'><strong>lucis.</strong></span> 
     </span>
    </p>

    <p class='ocr_par' dir='ltr' id='par_1_3' title="bbox 118 881 1709 1443">
     <span class='ocr_line' id='line_1_13' title="bbox 233 881 1574 949; baseline 0 -23"><span class='ocrx_word' id='word_1_110' title='bbox 233 899 410 937; x_wconf 81' lang='grc' dir='ltr'>πεισμο</span> <span class='ocrx_word' id='word_1_111' title='bbox 425 881 485 937; x_wconf 80' lang='grc' dir='ltr'><strong>νή</strong></span> <span class='ocrx_word' id='word_1_112' title='bbox 515 899 553 937; x_wconf 90' lang='grc' dir='ltr'><strong>Ρ.</strong></span> <span class='ocrx_word' id='word_1_113' title='bbox 579 887 659 926; x_wconf 83' lang='grc'><strong>120</strong></span> <span class='ocrx_word' id='word_1_114' title='bbox 675 897 713 923; x_wconf 86' lang='lat' dir='ltr'><strong>v.</strong></span> <span class='ocrx_word' id='word_1_115' title='bbox 730 887 769 926; x_wconf 89' lang='lat'><strong>6.</strong></span> <span class='ocrx_word' id='word_1_116' title='bbox 826 883 882 922; x_wconf 87' lang='lat' dir='ltr'><strong>ait</strong></span> <span class='ocrx_word' id='word_1_117' title='bbox 904 883 1166 949; x_wconf 77' lang='lat' dir='ltr'>patriarcham</span> <span class='ocrx_word' id='word_1_118' title='bbox 1186 886 1374 937; x_wconf 85' lang='lat' dir='ltr'><strong>Cyprium</strong></span> <span class='ocrx_word' id='word_1_119' title='bbox 1399 900 1574 926; x_wconf 89' lang='lat' dir='ltr'><strong>errorem</strong></span> 
     </span>
     <span class='ocr_line' id='line_1_14' title="bbox 120 940 1575 993; baseline 0.001 -12"><span class='ocrx_word' id='word_1_120' title='bbox 120 943 165 981; x_wconf 85' lang='lat' dir='ltr'><strong>in</strong></span> <span class='ocrx_word' id='word_1_121' title='bbox 192 943 274 981; x_wconf 87' lang='lat' dir='ltr'><strong>eius</strong></span> <span class='ocrx_word' id='word_1_122' title='bbox 298 948 407 980; x_wconf 80' lang='lat' dir='ltr'><strong>tomo</strong></span> <span class='ocrx_word' id='word_1_123' title='bbox 434 940 716 993; x_wconf 84' lang='lat' dir='ltr'><strong>deprehensum</strong></span> <span class='ocrx_word' id='word_1_124' title='bbox 739 953 945 991; x_wconf 82' lang='lat' dir='ltr'><strong>agnoscere</strong></span> <span class='ocrx_word' id='word_1_125' title='bbox 974 954 1020 978; x_wconf 85' lang='lat' dir='ltr'><strong>ac</strong></span> <span class='ocrx_word' id='word_1_126' title='bbox 1049 943 1241 992; x_wconf 80' lang='lat' dir='ltr'>corrigere</span> <span class='ocrx_word' id='word_1_127' title='bbox 1267 943 1465 981; x_wconf 88' lang='lat' dir='ltr'><strong>nolentem</strong></span> <span class='ocrx_word' id='word_1_128' title='bbox 1492 958 1575 983; x_wconf 90' lang='lat' dir='ltr'><strong>non</strong></span> 
     </span>
     <span class='ocr_line' id='line_1_15' title="bbox 120 996 1574 1050; baseline 0.002 -14"><span class='ocrx_word' id='word_1_129' title='bbox 120 999 248 1037; x_wconf 84' lang='lat' dir='ltr'><strong>solnm</strong></span> <span class='ocrx_word' id='word_1_130' title='bbox 270 1000 505 1050; x_wconf 84' lang='grc' dir='ltr'>πεισμονῆς,</span> <span class='ocrx_word' id='word_1_131' title='bbox 534 996 611 1034; x_wconf 83' lang='grc' dir='ltr'>1ιοο</span> <span class='ocrx_word' id='word_1_132' title='bbox 638 1002 698 1034; x_wconf 91' lang='lat' dir='ltr'><strong>est</strong></span> <span class='ocrx_word' id='word_1_133' title='bbox 721 1009 898 1034; x_wconf 79' lang='lat' dir='ltr'><strong>assensus</strong></span> <span class='ocrx_word' id='word_1_134' title='bbox 923 998 966 1034; x_wconf 87' lang='lat' dir='ltr'><strong>in</strong></span> <span class='ocrx_word' id='word_1_135' title='bbox 993 1010 1166 1035; x_wconf 87' lang='lat' dir='ltr'><strong>errorem</strong></span> <span class='ocrx_word' id='word_1_136' title='bbox 1185 1004 1323 1036; x_wconf 82' lang='lat' dir='ltr'><strong>eontra</strong></span> <span class='ocrx_word' id='word_1_137' title='bbox 1340 999 1480 1047; x_wconf 87' lang='lat' dir='ltr'><strong>fidem,</strong></span> <span class='ocrx_word' id='word_1_138' title='bbox 1504 1001 1574 1039; x_wconf 87' lang='lat' dir='ltr'><strong>sed</strong></span> 
     </span>
     <span class='ocr_line' id='line_1_16' title="bbox 119 1052 1573 1106; baseline 0.001 -14"><span class='ocrx_word' id='word_1_139' title='bbox 119 1055 238 1093; x_wconf 79' lang='lat' dir='ltr'><strong>etiam</strong></span> <span class='ocrx_word' id='word_1_140' title='bbox 261 1054 457 1106; x_wconf 77' lang='grc' dir='ltr'><strong><em>αἱρέσεως,</em></strong></span> <span class='ocrx_word' id='word_1_141' title='bbox 485 1052 724 1091; x_wconf 81' lang='lat' dir='ltr'><strong>contumacis</strong></span> <span class='ocrx_word' id='word_1_142' title='bbox 739 1052 922 1091; x_wconf 85' lang='lat' dir='ltr'><strong>videlicet</strong></span> <span class='ocrx_word' id='word_1_143' title='bbox 939 1053 982 1091; x_wconf 90' lang='lat' dir='ltr'><strong>in</strong></span> <span class='ocrx_word' id='word_1_144' title='bbox 1001 1060 1156 1092; x_wconf 82' lang='lat' dir='ltr'><strong>ostenso</strong></span> <span class='ocrx_word' id='word_1_145' title='bbox 1175 1066 1308 1092; x_wconf 89' lang='lat' dir='ltr'><strong>errore</strong></span> <span class='ocrx_word' id='word_1_146' title='bbox 1325 1055 1573 1106; x_wconf 74' lang='lat' dir='ltr'><strong>pertinaciae,</strong></span> 
     </span>
     <span class='ocr_line' id='line_1_17' title="bbox 119 1109 1573 1164; baseline 0.003 -15"><span class='ocrx_word' id='word_1_147' title='bbox 119 1117 345 1149; x_wconf 80' lang='lat' dir='ltr'><strong>accusatum</strong></span> <span class='ocrx_word' id='word_1_148' title='bbox 363 1109 470 1161; x_wconf 88' lang='lat' dir='ltr'><strong>apud</strong></span> <span class='ocrx_word' id='word_1_149' title='bbox 488 1109 763 1160; x_wconf 81' lang='lat' dir='ltr'><strong>imperatorem</strong></span> <span class='ocrx_word' id='word_1_150' title='bbox 779 1109 908 1148; x_wconf 80' lang='lat' dir='ltr'><strong>fuisse.</strong></span> <span class='ocrx_word' id='word_1_151' title='bbox 964 1110 1072 1147; x_wconf 89' lang='lat' dir='ltr'><strong>unde</strong></span> <span class='ocrx_word' id='word_1_152' title='bbox 1090 1117 1253 1161; x_wconf 87' lang='lat' dir='ltr'><strong>apparet</strong></span> <span class='ocrx_word' id='word_1_153' title='bbox 1269 1111 1358 1149; x_wconf 81' lang='lat' dir='ltr'><strong>voci</strong></span> <span class='ocrx_word' id='word_1_154' title='bbox 1375 1109 1573 1164; x_wconf 82' lang='grc' dir='ltr'><strong>πεισμονή</strong></span> 
     </span>
     <span class='ocr_line' id='line_1_18' title="bbox 120 1164 1574 1218; baseline 0.002 -14"><span class='ocrx_word' id='word_1_155' title='bbox 120 1167 375 1205; x_wconf 82' lang='lat' dir='ltr'><strong>ecclesiastico</strong></span> <span class='ocrx_word' id='word_1_156' title='bbox 398 1179 475 1205; x_wconf 89' lang='lat' dir='ltr'><strong>usu</strong></span> <span class='ocrx_word' id='word_1_157' title='bbox 494 1165 597 1203; x_wconf 88' lang='lat' dir='ltr'><strong>hanc</strong></span> <span class='ocrx_word' id='word_1_158' title='bbox 613 1166 728 1203; x_wconf 85' lang='lat' dir='ltr'><strong>fuisse</strong></span> <span class='ocrx_word' id='word_1_159' title='bbox 746 1164 958 1203; x_wconf 88' lang='lat' dir='ltr'><strong>subiectam</strong></span> <span class='ocrx_word' id='word_1_160' title='bbox 977 1167 1199 1215; x_wconf 82' lang='lat' dir='ltr'><strong>notionem,</strong></span> <span class='ocrx_word' id='word_1_161' title='bbox 1227 1172 1274 1204; x_wconf 89' lang='lat' dir='ltr'><strong>ut</strong></span> <span class='ocrx_word' id='word_1_162' title='bbox 1293 1179 1338 1204; x_wconf 86' lang='lat' dir='ltr'><strong>ea</strong></span> <span class='ocrx_word' id='word_1_163' title='bbox 1354 1167 1574 1218; x_wconf 78' lang='lat' dir='ltr'><strong>designaret</strong></span> 
     </span>
     <span class='ocr_line' id='line_1_19' title="bbox 120 1220 1572 1273; baseline 0.001 -12"><span class='ocrx_word' id='word_1_164' title='bbox 120 1222 393 1261; x_wconf 85' lang='lat' dir='ltr'><strong>adhaesionem</strong></span> <span class='ocrx_word' id='word_1_165' title='bbox 417 1222 516 1260; x_wconf 90' lang='lat' dir='ltr'><strong>male</strong></span> <span class='ocrx_word' id='word_1_166' title='bbox 539 1234 744 1272; x_wconf 82' lang='lat' dir='ltr'><strong>persuasae</strong></span> <span class='ocrx_word' id='word_1_167' title='bbox 761 1221 904 1259; x_wconf 78' lang='lat' dir='ltr'><strong>mentis</strong></span> <span class='ocrx_word' id='word_1_168' title='bbox 926 1220 977 1258; x_wconf 80' lang='lat' dir='ltr'><strong>ad</strong></span> <span class='ocrx_word' id='word_1_169' title='bbox 1003 1221 1142 1272; x_wconf 83' lang='lat' dir='ltr'><strong>dogma</strong></span> <span class='ocrx_word' id='word_1_170' title='bbox 1161 1221 1324 1269; x_wconf 77' lang='lat' dir='ltr'><strong>falsum3</strong></span> <span class='ocrx_word' id='word_1_171' title='bbox 1352 1236 1451 1273; x_wconf 88' lang='lat' dir='ltr'><strong>quae</strong></span> <span class='ocrx_word' id='word_1_172' title='bbox 1467 1238 1572 1262; x_wconf 87' lang='lat' dir='ltr'><strong>non-</strong></span> 
     </span>
     <span class='ocr_line' id='line_1_20' title="bbox 119 1277 1709 1330; baseline 0.001 -13"><span class='ocrx_word' id='word_1_173' title='bbox 119 1279 216 1317; x_wconf 79' lang='lat' dir='ltr'><strong>dum</strong></span> <span class='ocrx_word' id='word_1_174' title='bbox 237 1279 405 1316; x_wconf 86' lang='lat' dir='ltr'><strong>haeresis</strong></span> <span class='ocrx_word' id='word_1_175' title='bbox 425 1284 664 1326; x_wconf 87' lang='lat' dir='ltr'><strong>censeretur,</strong></span> <span class='ocrx_word' id='word_1_176' title='bbox 690 1277 763 1315; x_wconf 88' lang='lat' dir='ltr'><strong>nisi</strong></span> <span class='ocrx_word' id='word_1_177' title='bbox 779 1283 988 1328; x_wconf 84' lang='lat' dir='ltr'><strong>postquam</strong></span> <span class='ocrx_word' id='word_1_178' title='bbox 1009 1278 1244 1326; x_wconf 85' lang='lat' dir='ltr'><strong>admonitus,</strong></span> <span class='ocrx_word' id='word_1_179' title='bbox 1271 1278 1340 1328; x_wconf 88' lang='lat' dir='ltr'><strong>qui</strong></span> <span class='ocrx_word' id='word_1_180' title='bbox 1356 1287 1569 1330; x_wconf 85' lang='lat' dir='ltr'><strong>erraverat,</strong></span> <span class='ocrx_word' id='word_1_181' title='bbox 1591 1286 1620 1322; x_wconf 82' lang='lat' dir='ltr'>P</span> <span class='ocrx_word' id='word_1_182' title='bbox 1642 1288 1709 1324; x_wconf 84' lang='grc'><strong>503</strong></span> 
     </span>
     <span class='ocr_line' id='line_1_21' title="bbox 119 1333 1574 1399; baseline 0.002 -26"><span class='ocrx_word' id='word_1_183' title='bbox 119 1335 387 1399; x_wconf 77' lang='lat' dir='ltr'><strong>obtemperare</strong></span> <span class='ocrx_word' id='word_1_184' title='bbox 405 1334 653 1373; x_wconf 82' lang='lat' dir='ltr'><strong>monentibus</strong></span> <span class='ocrx_word' id='word_1_185' title='bbox 679 1340 720 1371; x_wconf 89' lang='lat' dir='ltr'><strong>et</strong></span> <span class='ocrx_word' id='word_1_186' title='bbox 739 1346 903 1384; x_wconf 85' lang='lat' dir='ltr'><strong>pravam</strong></span> <span class='ocrx_word' id='word_1_187' title='bbox 922 1333 1144 1384; x_wconf 85' lang='lat' dir='ltr'><strong>opinionem</strong></span> <span class='ocrx_word' id='word_1_188' title='bbox 1171 1347 1359 1374; x_wconf 82' lang='lat' dir='ltr'><strong>revocare</strong></span> <span class='ocrx_word' id='word_1_189' title='bbox 1374 1335 1574 1377; x_wconf 79' lang='lat' dir='ltr'><strong>abnuisset</strong></span> 
     </span>
     <span class='ocr_line' id='line_1_22' title="bbox 118 1391 1579 1443; baseline -0.005 -13"><span class='ocrx_word' id='word_1_190' title='bbox 118 1391 333 1443; x_wconf 76' lang='lat' dir='ltr'><strong>pertinacia</strong></span> <span class='ocrx_word' id='word_1_191' title='bbox 354 1404 395 1428; x_wconf 89' lang='lat' dir='ltr'><strong>se</strong></span> <span class='ocrx_word' id='word_1_192' title='bbox 414 1391 619 1429; x_wconf 85' lang='lat' dir='ltr'><strong>involvens</strong></span> <span class='ocrx_word' id='word_1_193' title='bbox 635 1403 719 1428; x_wconf 84' lang='lat' dir='ltr'><strong>sua.</strong></span> <span class='ocrx_word' id='word_1_194' title='bbox 1577 1419 1579 1422; x_wconf 14' lang='grc' dir='ltr'><em>Α</em></span> 
     </span>
    </p>

    <p class='ocr_par' dir='ltr' id='par_1_4' title="bbox 114 1445 1578 2223">
     <span class='ocr_line' id='line_1_23' title="bbox 231 1445 1572 1501; baseline 0 -14"><span class='ocrx_word' id='word_1_195' title='bbox 231 1446 455 1498; x_wconf 79' lang='grc' dir='ltr'><strong>πέλαγος</strong></span> <span class='ocrx_word' id='word_1_196' title='bbox 481 1459 523 1498; x_wconf 84' lang='grc' dir='ltr'><strong>Ρ.</strong></span> <span class='ocrx_word' id='word_1_197' title='bbox 548 1447 627 1489; x_wconf 83' lang='lat'><strong>142</strong></span> <span class='ocrx_word' id='word_1_198' title='bbox 654 1449 780 1488; x_wconf 84' lang='lat' dir='ltr'>v.12-</span> <span class='ocrx_word' id='word_1_199' title='bbox 836 1459 974 1485; x_wconf 85' lang='lat' dir='ltr'><strong>vocem</strong></span> <span class='ocrx_word' id='word_1_200' title='bbox 995 1445 1165 1501; x_wconf 77' lang='grc' dir='ltr'><strong>πέλαγος</strong></span> <span class='ocrx_word' id='word_1_201' title='bbox 1187 1446 1295 1485; x_wconf 83' lang='lat' dir='ltr'><strong>aliud</strong></span> <span class='ocrx_word' id='word_1_202' title='bbox 1318 1448 1520 1500; x_wconf 86' lang='lat' dir='ltr'><strong>quidpiam</strong></span> <span class='ocrx_word' id='word_1_203' title='bbox 1547 1463 1572 1487; x_wconf 86' lang='lat' dir='ltr'><strong>a</strong></span> 
     </span>
     <span class='ocr_line' id='line_1_24' title="bbox 118 1500 1578 1555; baseline 0.002 -14"><span class='ocrx_word' id='word_1_204' title='bbox 118 1509 328 1555; x_wconf 83' lang='lat' dir='ltr'><strong>pervagata</strong></span> <span class='ocrx_word' id='word_1_205' title='bbox 349 1502 541 1553; x_wconf 88' lang='lat' dir='ltr'><strong>obviaque</strong></span> <span class='ocrx_word' id='word_1_206' title='bbox 558 1501 719 1540; x_wconf 86' lang='lat' dir='ltr'><strong>notione</strong></span> <span class='ocrx_word' id='word_1_207' title='bbox 740 1500 816 1539; x_wconf 86' lang='lat' dir='ltr'><strong>hoc</strong></span> <span class='ocrx_word' id='word_1_208' title='bbox 834 1501 921 1540; x_wconf 89' lang='lat' dir='ltr'><strong>loco</strong></span> <span class='ocrx_word' id='word_1_209' title='bbox 939 1515 1079 1540; x_wconf 84' lang='lat' dir='ltr'><strong>sonare</strong></span> <span class='ocrx_word' id='word_1_210' title='bbox 1096 1502 1270 1553; x_wconf 82' lang='lat' dir='ltr'><strong>quisquis</strong></span> <span class='ocrx_word' id='word_1_211' title='bbox 1286 1504 1424 1543; x_wconf 84' lang='lat' dir='ltr'><strong>intime</strong></span> <span class='ocrx_word' id='word_1_212' title='bbox 1440 1506 1578 1544; x_wconf 85' lang='lat' dir='ltr'><strong>intro--</strong></span> 
     </span>
     <span class='ocr_line' id='line_1_25' title="bbox 118 1557 1572 1625; baseline 0.001 -27"><span class='ocrx_word' id='word_1_213' title='bbox 118 1559 290 1611; x_wconf 81' lang='lat' dir='ltr'><strong>spexerit</strong></span> <span class='ocrx_word' id='word_1_214' title='bbox 307 1559 458 1597; x_wconf 80' lang='lat' dir='ltr'><strong>sentiet.</strong></span> <span class='ocrx_word' id='word_1_215' title='bbox 512 1558 665 1610; x_wconf 85' lang='lat' dir='ltr'><strong>reperio</strong></span> <span class='ocrx_word' id='word_1_216' title='bbox 686 1557 792 1608; x_wconf 86' lang='lat' dir='ltr'><strong>apud</strong></span> <span class='ocrx_word' id='word_1_217' title='bbox 812 1557 1052 1609; x_wconf 81' lang='lat' dir='ltr'><strong>Hesychium</strong></span> <span class='ocrx_word' id='word_1_218' title='bbox 1070 1560 1289 1612; x_wconf 80' lang='grc' dir='ltr'><strong><em>πελαγίζειν</em></strong></span> <span class='ocrx_word' id='word_1_219' title='bbox 1303 1561 1487 1625; x_wconf 76' lang='lat' dir='ltr'><strong>explicari</strong></span> <span class='ocrx_word' id='word_1_220' title='bbox 1505 1561 1572 1614; x_wconf 75' lang='grc' dir='ltr'><strong>ἐγ-</strong></span> 
     </span>
     <span class='ocr_line' id='line_1_26' title="bbox 117 1611 1577 1669; baseline 0 -14"><span class='ocrx_word' id='word_1_221' title='bbox 117 1617 262 1669; x_wconf 68' lang='grc' dir='ltr'>γίζειν,</span> <span class='ocrx_word' id='word_1_222' title='bbox 291 1611 543 1666; x_wconf 75' lang='grc' dir='ltr'><em>πλησιάζειν,</em></span> <span class='ocrx_word' id='word_1_223' title='bbox 578 1621 622 1652; x_wconf 80' lang='lat' dir='ltr'><strong>ut</strong></span> <span class='ocrx_word' id='word_1_224' title='bbox 647 1627 727 1652; x_wconf 87' lang='lat' dir='ltr'><strong>non</strong></span> <span class='ocrx_word' id='word_1_225' title='bbox 746 1620 892 1652; x_wconf 89' lang='lat' dir='ltr'><strong>temere</strong></span> <span class='ocrx_word' id='word_1_226' title='bbox 915 1615 1156 1666; x_wconf 85' lang='lat' dir='ltr'><strong>suspicemur</strong></span> <span class='ocrx_word' id='word_1_227' title='bbox 1184 1615 1382 1664; x_wconf 81' lang='lat' dir='ltr'><strong>quandam</strong></span> <span class='ocrx_word' id='word_1_228' title='bbox 1406 1617 1577 1656; x_wconf 80' lang='lat' dir='ltr'><strong>viciniae-</strong></span> 
     </span>
     <span class='ocr_line' id='line_1_27' title="bbox 117 1664 1570 1723; baseline 0.001 -14"><span class='ocrx_word' id='word_1_229' title='bbox 117 1671 394 1710; x_wconf 75' lang='lat' dir='ltr'><strong>indicationem</strong></span> <span class='ocrx_word' id='word_1_230' title='bbox 412 1671 604 1709; x_wconf 83' lang='lat' dir='ltr'><strong>vocabulo</strong></span> <span class='ocrx_word' id='word_1_231' title='bbox 629 1664 826 1723; x_wconf 71' lang='grc' dir='ltr'><strong>πελάγους</strong></span> <span class='ocrx_word' id='word_1_232' title='bbox 849 1670 914 1708; x_wconf 85' lang='lat' dir='ltr'><strong>hic</strong></span> <span class='ocrx_word' id='word_1_233' title='bbox 933 1684 956 1707; x_wconf 88' lang='lat' dir='ltr'><strong>a</strong></span> <span class='ocrx_word' id='word_1_234' title='bbox 982 1677 1119 1709; x_wconf 82' lang='lat' dir='ltr'><strong>nostro</strong></span> <span class='ocrx_word' id='word_1_235' title='bbox 1135 1671 1321 1718; x_wconf 78' lang='lat' dir='ltr'><strong>inditam,</strong></span> <span class='ocrx_word' id='word_1_236' title='bbox 1349 1685 1467 1722; x_wconf 85' lang='lat' dir='ltr'><strong>quam</strong></span> <span class='ocrx_word' id='word_1_237' title='bbox 1492 1673 1570 1711; x_wconf 90' lang='lat' dir='ltr'><strong>loci</strong></span> 
     </span>
     <span class='ocr_line' id='line_1_28' title="bbox 117 1726 1571 1778; baseline 0 -12"><span class='ocrx_word' id='word_1_238' title='bbox 117 1741 214 1766; x_wconf 79' lang='lat' dir='ltr'><strong>sane</strong></span> <span class='ocrx_word' id='word_1_239' title='bbox 230 1727 422 1765; x_wconf 85' lang='lat' dir='ltr'><strong>sententia</strong></span> <span class='ocrx_word' id='word_1_240' title='bbox 438 1727 568 1778; x_wconf 82' lang='lat' dir='ltr'><strong>exigit.</strong></span> <span class='ocrx_word' id='word_1_241' title='bbox 624 1738 740 1776; x_wconf 89' lang='lat' dir='ltr'><strong>quem</strong></span> <span class='ocrx_word' id='word_1_242' title='bbox 764 1726 867 1764; x_wconf 89' lang='lat' dir='ltr'><strong>enim</strong></span> <span class='ocrx_word' id='word_1_243' title='bbox 887 1727 1032 1777; x_wconf 79' lang='lat' dir='ltr'><strong>alioqui</strong></span> <span class='ocrx_word' id='word_1_244' title='bbox 1050 1739 1230 1778; x_wconf 87' lang='lat' dir='ltr'><strong>saporem</strong></span> <span class='ocrx_word' id='word_1_245' title='bbox 1251 1727 1410 1775; x_wconf 86' lang='lat' dir='ltr'><strong>habeat,</strong></span> <span class='ocrx_word' id='word_1_246' title='bbox 1439 1728 1571 1767; x_wconf 81' lang='lat' dir='ltr'><strong>dicere</strong></span> 
     </span>
     <span class='ocr_line' id='line_1_29' title="bbox 118 1780 1570 1834; baseline 0 -13"><span class='ocrx_word' id='word_1_247' title='bbox 118 1783 397 1834; x_wconf 85' lang='lat' dir='ltr'><strong>Pachymerem</strong></span> <span class='ocrx_word' id='word_1_248' title='bbox 417 1796 457 1820; x_wconf 89' lang='lat' dir='ltr'><strong>se</strong></span> <span class='ocrx_word' id='word_1_249' title='bbox 474 1797 522 1820; x_wconf 71' lang='lat' dir='ltr'><strong>ex</strong></span> <span class='ocrx_word' id='word_1_250' title='bbox 538 1797 580 1820; x_wconf 82' lang='lat' dir='ltr'><strong>eo</strong></span> <span class='ocrx_word' id='word_1_251' title='bbox 599 1780 712 1833; x_wconf 83' lang='lat' dir='ltr'><strong>quod</strong></span> <span class='ocrx_word' id='word_1_252' title='bbox 719 1784 918 1833; x_wconf 68' lang='lat' dir='ltr'><strong>pertineat</strong></span> <span class='ocrx_word' id='word_1_253' title='bbox 935 1783 994 1820; x_wconf 83' lang='lat' dir='ltr'><strong>ad</strong></span> <span class='ocrx_word' id='word_1_254' title='bbox 1012 1783 1233 1832; x_wconf 71' lang='lat' dir='ltr'><strong>Christum,</strong></span> <span class='ocrx_word' id='word_1_255' title='bbox 1255 1783 1307 1820; x_wconf 83' lang='lat' dir='ltr'><strong>ab</strong></span> <span class='ocrx_word' id='word_1_256' title='bbox 1329 1785 1416 1833; x_wconf 73' lang='lat' dir='ltr'><strong>ipso</strong></span> <span class='ocrx_word' id='word_1_257' title='bbox 1437 1782 1570 1821; x_wconf 74' lang='lat' dir='ltr'><strong>eodem</strong></span> 
     </span>
     <span class='ocr_line' id='line_1_30' title="bbox 115 1838 1568 1890; baseline 0.001 -14"><span class='ocrx_word' id='word_1_258' title='bbox 115 1841 262 1889; x_wconf 78' lang='lat' dir='ltr'><strong>puniri</strong></span> <span class='ocrx_word' id='word_1_259' title='bbox 288 1839 546 1889; x_wconf 71' lang='lat' dir='ltr'><strong>benignitatis</strong></span> <span class='ocrx_word' id='word_1_260' title='bbox 572 1841 797 1876; x_wconf 66' lang='lat' dir='ltr'><strong>existimare</strong></span> <span class='ocrx_word' id='word_1_261' title='bbox 817 1839 1026 1890; x_wconf 73' lang='lat' dir='ltr'><strong>pelagus?</strong></span> <span class='ocrx_word' id='word_1_262' title='bbox 1062 1839 1211 1876; x_wconf 89' lang='lat' dir='ltr'><strong>diceret</strong></span> <span class='ocrx_word' id='word_1_263' title='bbox 1232 1838 1366 1888; x_wconf 85' lang='lat' dir='ltr'><strong>potius</strong></span> <span class='ocrx_word' id='word_1_264' title='bbox 1387 1839 1568 1890; x_wconf 69' lang='lat' dir='ltr'><strong>pignus:</strong></span> 
     </span>
     <span class='ocr_line' id='line_1_31' title="bbox 119 1893 1569 1946; baseline 0.001 -15"><span class='ocrx_word' id='word_1_265' title='bbox 119 1893 219 1932; x_wconf 82' lang='lat' dir='ltr'><strong>nihil</strong></span> <span class='ocrx_word' id='word_1_266' title='bbox 241 1893 343 1931; x_wconf 88' lang='lat' dir='ltr'><strong>enim</strong></span> <span class='ocrx_word' id='word_1_267' title='bbox 367 1894 418 1931; x_wconf 85' lang='lat' dir='ltr'><strong>ad</strong></span> <span class='ocrx_word' id='word_1_268' title='bbox 443 1894 608 1931; x_wconf 87' lang='lat' dir='ltr'><strong>fiduciae</strong></span> <span class='ocrx_word' id='word_1_269' title='bbox 635 1907 750 1931; x_wconf 91' lang='lat' dir='ltr'><strong>omen</strong></span> <span class='ocrx_word' id='word_1_270' title='bbox 777 1894 1114 1932; x_wconf 86' lang='lat' dir='ltr'><strong>accommodatum</strong></span> <span class='ocrx_word' id='word_1_271' title='bbox 1137 1893 1257 1931; x_wconf 86' lang='lat' dir='ltr'><strong>habet</strong></span> <span class='ocrx_word' id='word_1_272' title='bbox 1281 1907 1363 1931; x_wconf 85' lang='lat' dir='ltr'><strong>vox</strong></span> <span class='ocrx_word' id='word_1_273' title='bbox 1378 1895 1569 1946; x_wconf 67' lang='lat' dir='ltr'><strong>pelagus,</strong></span> 
     </span>
     <span class='ocr_line' id='line_1_32' title="bbox 120 1947 1568 2003; baseline -0.001 -17"><span class='ocrx_word' id='word_1_274' title='bbox 120 1950 155 1987; x_wconf 81' lang='lat' dir='ltr'><strong>si</strong></span> <span class='ocrx_word' id='word_1_275' title='bbox 175 1949 327 2000; x_wconf 80' lang='lat' dir='ltr'><strong>vulgari</strong></span> <span class='ocrx_word' id='word_1_276' title='bbox 346 1949 566 1999; x_wconf 85' lang='lat' dir='ltr'><strong>significatu</strong></span> <span class='ocrx_word' id='word_1_277' title='bbox 582 1955 805 1999; x_wconf 73' lang='lat' dir='ltr'><strong>usurpetur.</strong></span> <span class='ocrx_word' id='word_1_278' title='bbox 860 1951 1047 1988; x_wconf 86' lang='lat' dir='ltr'><strong>nimirum</strong></span> <span class='ocrx_word' id='word_1_279' title='bbox 1063 1963 1087 1986; x_wconf 85' lang='lat' dir='ltr'><strong>a</strong></span> <span class='ocrx_word' id='word_1_280' title='bbox 1101 1949 1232 1996; x_wconf 80' lang='grc' dir='ltr'><strong><em>πέλας,</em></strong></span> <span class='ocrx_word' id='word_1_281' title='bbox 1250 1948 1359 2000; x_wconf 80' lang='lat' dir='ltr'><strong>quod</strong></span> <span class='ocrx_word' id='word_1_282' title='bbox 1376 1956 1435 1986; x_wconf 88' lang='lat' dir='ltr'><strong>est</strong></span> <span class='ocrx_word' id='word_1_283' title='bbox 1451 1947 1568 2003; x_wconf 67' lang='grc' dir='ltr'><em>ἐγγύς</em></span> 
     </span>
     <span class='ocr_line' id='line_1_33' title="bbox 114 2001 1567 2056; baseline 0.001 -14"><span class='ocrx_word' id='word_1_284' title='bbox 114 2019 253 2056; x_wconf 79' lang='lat' dir='ltr'><strong>prope,</strong></span> <span class='ocrx_word' id='word_1_285' title='bbox 283 2010 352 2042; x_wconf 81' lang='lat' dir='ltr'><strong>aut</strong></span> <span class='ocrx_word' id='word_1_286' title='bbox 369 2018 390 2040; x_wconf 83' lang='lat' dir='ltr'><strong>a</strong></span> <span class='ocrx_word' id='word_1_287' title='bbox 412 2001 605 2054; x_wconf 72' lang='grc' dir='ltr'>πελάζειν,</span> <span class='ocrx_word' id='word_1_288' title='bbox 634 2004 741 2054; x_wconf 84' lang='lat' dir='ltr'><strong>quod</strong></span> <span class='ocrx_word' id='word_1_289' title='bbox 757 2011 872 2042; x_wconf 81' lang='lat' dir='ltr'><strong>sonat</strong></span> <span class='ocrx_word' id='word_1_290' title='bbox 892 2004 1110 2047; x_wconf 81' lang='lat' dir='ltr'><strong>admoveri</strong></span> <span class='ocrx_word' id='word_1_291' title='bbox 1139 2008 1473 2056; x_wconf 77' lang='lat' dir='ltr'><strong>appropinquare,</strong></span> <span class='ocrx_word' id='word_1_292' title='bbox 1501 2006 1567 2044; x_wconf 81' lang='lat' dir='ltr'><strong>vi-</strong></span> 
     </span>
     <span class='ocr_line' id='line_1_34' title="bbox 122 2059 1566 2112; baseline 0 -14"><span class='ocrx_word' id='word_1_293' title='bbox 122 2060 207 2098; x_wconf 89' lang='lat' dir='ltr'><strong>deri</strong></span> <span class='ocrx_word' id='word_1_294' title='bbox 226 2074 308 2098; x_wconf 89' lang='lat' dir='ltr'><strong>non</strong></span> <span class='ocrx_word' id='word_1_295' title='bbox 334 2060 527 2098; x_wconf 78' lang='lat' dir='ltr'><strong>immerito</strong></span> <span class='ocrx_word' id='word_1_296' title='bbox 548 2065 678 2110; x_wconf 84' lang='lat' dir='ltr'><strong>potest</strong></span> <span class='ocrx_word' id='word_1_297' title='bbox 696 2059 861 2098; x_wconf 89' lang='lat' dir='ltr'><strong>ductum</strong></span> <span class='ocrx_word' id='word_1_298' title='bbox 886 2061 1121 2098; x_wconf 86' lang='lat' dir='ltr'><strong>vocabulum</strong></span> <span class='ocrx_word' id='word_1_299' title='bbox 1148 2061 1334 2112; x_wconf 77' lang='grc' dir='ltr'><strong>πέλαγος,</strong></span> <span class='ocrx_word' id='word_1_300' title='bbox 1362 2068 1566 2112; x_wconf 87' lang='lat' dir='ltr'><strong>propterea</strong></span> 
     </span>
     <span class='ocr_line' id='line_1_35' title="bbox 121 2115 1565 2168; baseline 0.001 -14"><span class='ocrx_word' id='word_1_301' title='bbox 121 2129 202 2154; x_wconf 89' lang='lat' dir='ltr'><strong>non</strong></span> <span class='ocrx_word' id='word_1_302' title='bbox 219 2116 334 2168; x_wconf 85' lang='lat' dir='ltr'><strong>plane</strong></span> <span class='ocrx_word' id='word_1_303' title='bbox 351 2115 565 2154; x_wconf 85' lang='lat' dir='ltr'><strong>abhorrens</strong></span> <span class='ocrx_word' id='word_1_304' title='bbox 583 2129 606 2152; x_wconf 91' lang='lat' dir='ltr'><strong>a</strong></span> <span class='ocrx_word' id='word_1_305' title='bbox 633 2116 807 2153; x_wconf 75' lang='lat' dir='ltr'><strong>viciniae</strong></span> <span class='ocrx_word' id='word_1_306' title='bbox 831 2128 879 2152; x_wconf 86' lang='lat' dir='ltr'><strong>ac</strong></span> <span class='ocrx_word' id='word_1_307' title='bbox 897 2117 1220 2166; x_wconf 73' lang='lat' dir='ltr'><strong>propinquitatu-</strong></span> <span class='ocrx_word' id='word_1_308' title='bbox 1238 2116 1457 2167; x_wconf 82' lang='lat' dir='ltr'><strong>mentione,</strong></span> <span class='ocrx_word' id='word_1_309' title='bbox 1484 2117 1565 2156; x_wconf 86' lang='lat' dir='ltr'><strong>huc</strong></span> 
     </span>
     <span class='ocr_line' id='line_1_36' title="bbox 120 2170 1330 2223; baseline -0.001 -13"><span class='ocrx_word' id='word_1_310' title='bbox 120 2185 213 2210; x_wconf 86' lang='lat' dir='ltr'><strong>sane</strong></span> <span class='ocrx_word' id='word_1_311' title='bbox 232 2178 474 2223; x_wconf 86' lang='lat' dir='ltr'><strong>opportuna,</strong></span> <span class='ocrx_word' id='word_1_312' title='bbox 502 2184 619 2221; x_wconf 87' lang='lat' dir='ltr'><strong>quam</strong></span> <span class='ocrx_word' id='word_1_313' title='bbox 637 2171 725 2208; x_wconf 90' lang='lat' dir='ltr'><strong>ideo</strong></span> <span class='ocrx_word' id='word_1_314' title='bbox 744 2170 1039 2221; x_wconf 85' lang='lat' dir='ltr'><strong>interpretando</strong></span> <span class='ocrx_word' id='word_1_315' title='bbox 1058 2171 1330 2222; x_wconf 83' lang='lat' dir='ltr'><strong>expressimus.</strong></span> 
     </span>
    </p>

    <p class='ocr_par' dir='ltr' id='par_1_5' title="bbox 120 2224 1565 2840">
     <span class='ocr_line' id='line_1_37' title="bbox 233 2224 1562 2278; baseline 0 -11"><span class='ocrx_word' id='word_1_316' title='bbox 233 2224 455 2278; x_wconf 77' lang='grc' dir='ltr'><em>Πηλεύς.</em></span> <span class='ocrx_word' id='word_1_317' title='bbox 513 2227 563 2264; x_wconf 87' lang='lat' dir='ltr'><strong>ad</strong></span> <span class='ocrx_word' id='word_1_318' title='bbox 592 2239 636 2264; x_wconf 87' lang='lat' dir='ltr'><strong>ea</strong></span> <span class='ocrx_word' id='word_1_319' title='bbox 662 2239 762 2276; x_wconf 85' lang='lat' dir='ltr'><strong>quae</strong></span> <span class='ocrx_word' id='word_1_320' title='bbox 795 2226 987 2264; x_wconf 85' lang='lat' dir='ltr'><strong>Glossario</strong></span> <span class='ocrx_word' id='word_1_321' title='bbox 1015 2227 1139 2278; x_wconf 88' lang='lat' dir='ltr'><strong>priori</strong></span> <span class='ocrx_word' id='word_1_322' title='bbox 1166 2228 1267 2265; x_wconf 86' lang='lat' dir='ltr'><strong>circa</strong></span> <span class='ocrx_word' id='word_1_323' title='bbox 1292 2227 1370 2266; x_wconf 86' lang='lat' dir='ltr'><strong>hoc</strong></span> <span class='ocrx_word' id='word_1_324' title='bbox 1395 2229 1562 2268; x_wconf 81' lang='lat' dir='ltr'><strong>verbum</strong></span> 
     </span>
     <span class='ocr_line' id='line_1_38' title="bbox 120 2283 1563 2335; baseline 0.001 -13"><span class='ocrx_word' id='word_1_325' title='bbox 120 2284 255 2322; x_wconf 83' lang='lat' dir='ltr'><strong>notavi</strong></span> <span class='ocrx_word' id='word_1_326' title='bbox 257 2284 467 2334; x_wconf 80' lang='lat' dir='ltr'><strong>,quaedam</strong></span> <span class='ocrx_word' id='word_1_327' title='bbox 484 2283 524 2320; x_wconf 91' lang='lat' dir='ltr'><strong>in</strong></span> <span class='ocrx_word' id='word_1_328' title='bbox 542 2295 649 2320; x_wconf 83' lang='lat' dir='ltr'><strong>meae</strong></span> <span class='ocrx_word' id='word_1_329' title='bbox 665 2283 976 2333; x_wconf 78' lang='lat' dir='ltr'><strong>supplementum</strong></span> <span class='ocrx_word' id='word_1_330' title='bbox 992 2283 1167 2320; x_wconf 83' lang='lat' dir='ltr'><strong>inscitiae</strong></span> <span class='ocrx_word' id='word_1_331' title='bbox 1179 2283 1228 2320; x_wconf 89' lang='lat' dir='ltr'><strong>ab</strong></span> <span class='ocrx_word' id='word_1_332' title='bbox 1242 2284 1374 2321; x_wconf 87' lang='lat' dir='ltr'><strong>amicis</strong></span> <span class='ocrx_word' id='word_1_333' title='bbox 1389 2291 1563 2335; x_wconf 82' lang='lat' dir='ltr'><strong>suggesta</strong></span> 
     </span>
     <span class='ocr_line' id='line_1_39' title="bbox 122 2339 1564 2392; baseline 0.001 -14"><span class='ocrx_word' id='word_1_334' title='bbox 122 2339 188 2377; x_wconf 86' lang='lat' dir='ltr'><strong>hic</strong></span> <span class='ocrx_word' id='word_1_335' title='bbox 210 2340 429 2389; x_wconf 84' lang='lat' dir='ltr'><strong>adiungam.</strong></span> <span class='ocrx_word' id='word_1_336' title='bbox 483 2340 531 2379; x_wconf 82' lang='lat' dir='ltr'><strong>R.</strong></span> <span class='ocrx_word' id='word_1_337' title='bbox 551 2339 592 2378; x_wconf 87' lang='lat' dir='ltr'><strong>P.</strong></span> <span class='ocrx_word' id='word_1_338' title='bbox 610 2339 771 2376; x_wconf 85' lang='lat' dir='ltr'><strong>Ioannes</strong></span> <span class='ocrx_word' id='word_1_339' title='bbox 788 2339 969 2389; x_wconf 87' lang='lat' dir='ltr'><strong>Fayonus</strong></span> <span class='ocrx_word' id='word_1_340' title='bbox 986 2340 1026 2376; x_wconf 85' lang='lat' dir='ltr'><strong>S.</strong></span> <span class='ocrx_word' id='word_1_341' title='bbox 1042 2339 1070 2376; x_wconf 88' lang='grc' dir='ltr'><strong>Ι.</strong></span> <span class='ocrx_word' id='word_1_342' title='bbox 1089 2339 1173 2377; x_wconf 86' lang='lat' dir='ltr'><strong>viso</strong></span> <span class='ocrx_word' id='word_1_343' title='bbox 1200 2339 1305 2377; x_wconf 87' lang='lat' dir='ltr'><strong>edito</strong></span> <span class='ocrx_word' id='word_1_344' title='bbox 1327 2339 1564 2392; x_wconf 86' lang='lat' dir='ltr'><strong>Pachymere</strong></span> 
     </span>
     <span class='ocr_line' id='line_1_40' title="bbox 122 2393 1565 2446; baseline 0.001 -13"><span class='ocrx_word' id='word_1_345' title='bbox 122 2396 281 2446; x_wconf 80' lang='lat' dir='ltr'><strong>scripsit</strong></span> <span class='ocrx_word' id='word_1_346' title='bbox 300 2397 352 2434; x_wconf 87' lang='lat' dir='ltr'><strong>ad</strong></span> <span class='ocrx_word' id='word_1_347' title='bbox 375 2408 437 2434; x_wconf 87' lang='lat' dir='ltr'><strong>me</strong></span> <span class='ocrx_word' id='word_1_348' title='bbox 466 2395 538 2433; x_wconf 88' lang='lat' dir='ltr'><strong>sibi</strong></span> <span class='ocrx_word' id='word_1_349' title='bbox 563 2395 688 2433; x_wconf 86' lang='lat' dir='ltr'><strong>videri</strong></span> <span class='ocrx_word' id='word_1_350' title='bbox 716 2394 989 2445; x_wconf 81' lang='lat' dir='ltr'><strong>Pachymerem</strong></span> <span class='ocrx_word' id='word_1_351' title='bbox 1012 2393 1109 2432; x_wconf 84' lang='lat' dir='ltr'><strong>haec</strong></span> <span class='ocrx_word' id='word_1_352' title='bbox 1129 2395 1361 2435; x_wconf 78' lang='lat' dir='ltr'><strong>scribentem</strong></span> <span class='ocrx_word' id='word_1_353' title='bbox 1384 2397 1433 2434; x_wconf 90' lang='lat' dir='ltr'><strong>de</strong></span> <span class='ocrx_word' id='word_1_354' title='bbox 1449 2397 1565 2435; x_wconf 85' lang='lat' dir='ltr'><strong>Vecci</strong></span> 
     </span>
     <span class='ocr_line' id='line_1_41' title="bbox 123 2445 1562 2504; baseline 0.003 -16"><span class='ocrx_word' id='word_1_355' title='bbox 123 2452 314 2497; x_wconf 66' lang='lat' dir='ltr'><strong>castitate,</strong></span> <span class='ocrx_word' id='word_1_356' title='bbox 345 2452 475 2502; x_wconf 72' lang='grc' dir='ltr'><strong><em>ῥοπῆς</em></strong></span> <span class='ocrx_word' id='word_1_357' title='bbox 491 2449 565 2504; x_wconf 73' lang='grc' dir='ltr'>γιὶρ</span> <span class='ocrx_word' id='word_1_358' title='bbox 587 2451 642 2498; x_wconf 85' lang='grc' dir='ltr'><strong>εἰς</strong></span> <span class='ocrx_word' id='word_1_359' title='bbox 658 2451 846 2501; x_wconf 83' lang='grc' dir='ltr'><strong><em>πορνείαν</em></strong></span> <span class='ocrx_word' id='word_1_360' title='bbox 866 2466 941 2490; x_wconf 77' lang='lat' dir='ltr'><strong>nav</strong></span> <span class='ocrx_word' id='word_1_361' title='bbox 957 2447 1116 2501; x_wconf 75' lang='grc' dir='ltr'><strong>Πηλεύς</strong></span> <span class='ocrx_word' id='word_1_362' title='bbox 1132 2445 1311 2501; x_wconf 70' lang='grc' dir='ltr'><strong><em>ωφλεν“</em></strong></span> <span class='ocrx_word' id='word_1_363' title='bbox 1280 2468 1307 2503; x_wconf 80' lang='grc' dir='ltr'><strong><em>η</em></strong></span> <span class='ocrx_word' id='word_1_364' title='bbox 1329 2467 1382 2492; x_wconf 87' lang='grc' dir='ltr'><strong>αν</strong></span> <span class='ocrx_word' id='word_1_365' title='bbox 1400 2451 1562 2500; x_wconf 75' lang='grc' dir='ltr'><strong>ἐκεῖνος,</strong></span> 
     </span>
     <span class='ocr_line' id='line_1_42' title="bbox 122 2505 1562 2558; baseline -0.001 -13"><span class='ocrx_word' id='word_1_366' title='bbox 122 2506 330 2545; x_wconf 79' lang='lat' dir='ltr'><strong>habuisse·</strong></span> <span class='ocrx_word' id='word_1_367' title='bbox 318 2522 362 2545; x_wconf 85' lang='lat'><strong>111</strong></span> <span class='ocrx_word' id='word_1_368' title='bbox 381 2514 512 2545; x_wconf 84' lang='lat' dir='ltr'><strong>mente</strong></span> <span class='ocrx_word' id='word_1_369' title='bbox 527 2507 656 2545; x_wconf 89' lang='lat' dir='ltr'><strong>locum</strong></span> <span class='ocrx_word' id='word_1_370' title='bbox 672 2505 970 2557; x_wconf 79' lang='lat' dir='ltr'><strong>Aristophanis</strong></span> <span class='ocrx_word' id='word_1_371' title='bbox 960 2519 1002 2543; x_wconf 83' lang='lat'><strong>111</strong></span> <span class='ocrx_word' id='word_1_372' title='bbox 1018 2506 1193 2546; x_wconf 76' lang='lat' dir='ltr'><strong>Nubibus</strong></span> <span class='ocrx_word' id='word_1_373' title='bbox 1212 2511 1352 2558; x_wconf 75' lang='lat' dir='ltr'><strong>p-112</strong></span> <span class='ocrx_word' id='word_1_374' title='bbox 1370 2507 1431 2545; x_wconf 86' lang='lat' dir='ltr'><strong>ed.</strong></span> <span class='ocrx_word' id='word_1_375' title='bbox 1448 2508 1562 2545; x_wconf 84' lang='lat' dir='ltr'><strong>Basil.</strong></span> 
     </span>
     <span class='ocr_line' id='line_1_43' title="bbox 126 2559 1563 2626; baseline 0.003 -27"><span class='ocrx_word' id='word_1_376' title='bbox 126 2563 219 2600; x_wconf 85' lang='lat' dir='ltr'><strong>anni</strong></span> <span class='ocrx_word' id='word_1_377' title='bbox 239 2563 364 2604; x_wconf 83' lang='lat'>1547:</span> <span class='ocrx_word' id='word_1_378' title='bbox 391 2563 460 2603; x_wconf 80' lang='grc' dir='ltr'><strong>καὶ</strong></span> <span class='ocrx_word' id='word_1_379' title='bbox 478 2560 552 2614; x_wconf 75' lang='grc' dir='ltr'><strong>τὴν</strong></span> <span class='ocrx_word' id='word_1_380' title='bbox 572 2562 686 2602; x_wconf 73' lang='grc' dir='ltr'>Θέτιν</span> <span class='ocrx_word' id='word_1_381' title='bbox 705 2559 743 2602; x_wconf 80' lang='grc' dir='ltr'><strong>δ’</strong></span> <span class='ocrx_word' id='word_1_382' title='bbox 764 2562 879 2617; x_wconf 75' lang='grc' dir='ltr'><strong><em>ἔγημε</em></strong></span> <span class='ocrx_word' id='word_1_383' title='bbox 899 2559 966 2602; x_wconf 71' lang='grc' dir='ltr'>διαὶ</span> <span class='ocrx_word' id='word_1_384' title='bbox 983 2561 1027 2602; x_wconf 74' lang='grc' dir='ltr'><strong>τό</strong></span> <span class='ocrx_word' id='word_1_385' title='bbox 1043 2567 1266 2614; x_wconf 81' lang='grc' dir='ltr'><strong><em>σωφρονεῖν</em></strong></span> <span class='ocrx_word' id='word_1_386' title='bbox 1283 2562 1305 2604; x_wconf 83' lang='grc' dir='ltr'>ὁ</span> <span class='ocrx_word' id='word_1_387' title='bbox 1322 2559 1492 2626; x_wconf 80' lang='grc' dir='ltr'><em>Πηλευς,</em></span> <span class='ocrx_word' id='word_1_388' title='bbox 1519 2562 1563 2603; x_wconf 80' lang='lat' dir='ltr'><strong>in</strong></span> 
     </span>
     <span class='ocr_line' id='line_1_44' title="bbox 125 2617 1565 2668; baseline 0.001 -13"><span class='ocrx_word' id='word_1_389' title='bbox 125 2630 223 2666; x_wconf 82' lang='lat' dir='ltr'><strong>quae</strong></span> <span class='ocrx_word' id='word_1_390' title='bbox 249 2619 370 2657; x_wconf 82' lang='lat' dir='ltr'><strong>verba</strong></span> <span class='ocrx_word' id='word_1_391' title='bbox 393 2619 617 2657; x_wconf 82' lang='lat' dir='ltr'><strong>scholiastes</strong></span> <span class='ocrx_word' id='word_1_392' title='bbox 645 2618 769 2656; x_wconf 84' lang='lat' dir='ltr'><strong>multa</strong></span> <span class='ocrx_word' id='word_1_393' title='bbox 799 2623 991 2656; x_wconf 87' lang='lat' dir='ltr'><strong>memorat</strong></span> <span class='ocrx_word' id='word_1_394' title='bbox 1013 2631 1111 2667; x_wconf 89' lang='lat' dir='ltr'><strong>quae</strong></span> <span class='ocrx_word' id='word_1_395' title='bbox 1134 2618 1382 2657; x_wconf 83' lang='lat' dir='ltr'><strong>castimoniae</strong></span> <span class='ocrx_word' id='word_1_396' title='bbox 1404 2617 1565 2668; x_wconf 84' lang='lat' dir='ltr'><strong>insignis</strong></span> 
     </span>
     <span class='ocr_line' id='line_1_45' title="bbox 124 2669 1563 2725; baseline 0.002 -16"><span class='ocrx_word' id='word_1_397' title='bbox 124 2672 237 2711; x_wconf 86' lang='lat' dir='ltr'><strong>Peleo</strong></span> <span class='ocrx_word' id='word_1_398' title='bbox 251 2674 408 2712; x_wconf 85' lang='lat' dir='ltr'><strong>laudem</strong></span> <span class='ocrx_word' id='word_1_399' title='bbox 421 2681 618 2722; x_wconf 79' lang='lat' dir='ltr'><strong>asserunt,</strong></span> <span class='ocrx_word' id='word_1_400' title='bbox 646 2675 749 2713; x_wconf 84' lang='lat' dir='ltr'><strong>inter</strong></span> <span class='ocrx_word' id='word_1_401' title='bbox 772 2675 846 2714; x_wconf 78' lang='lat' dir='ltr'><strong>alia</strong></span> <span class='ocrx_word' id='word_1_402' title='bbox 866 2674 960 2711; x_wconf 88' lang='lat' dir='ltr'><strong>hoc:</strong></span> <span class='ocrx_word' id='word_1_403' title='bbox 985 2669 1240 2725; x_wconf 71' lang='grc' dir='ltr'>Ἀστυδάμεια</span> <span class='ocrx_word' id='word_1_404' title='bbox 1264 2672 1307 2714; x_wconf 77' lang='grc' dir='ltr'><strong>δὲ</strong></span> <span class='ocrx_word' id='word_1_405' title='bbox 1326 2690 1353 2724; x_wconf 87' lang='grc' dir='ltr'><strong><em>η</em></strong></span> <span class='ocrx_word' id='word_1_406' title='bbox 1374 2669 1563 2713; x_wconf 75' lang='grc' dir='ltr'><strong><em>Ἄκαστον</em></strong></span> 
     </span>
     <span class='ocr_line' id='line_1_46' title="bbox 123 2725 1565 2796; baseline -0.001 -27"><span class='ocrx_word' id='word_1_407' title='bbox 123 2725 241 2793; x_wconf 73' lang='grc' dir='ltr'><strong><em>γυνή,</em></strong></span> <span class='ocrx_word' id='word_1_408' title='bbox 254 2730 466 2796; x_wconf 80' lang='grc' dir='ltr'><em>ἐρασθεῖσα</em></span> <span class='ocrx_word' id='word_1_409' title='bbox 480 2729 655 2781; x_wconf 81' lang='grc' dir='ltr'><em>Πηλέως,</em></span> <span class='ocrx_word' id='word_1_410' title='bbox 667 2731 735 2788; x_wconf 58' lang='lat' dir='ltr'><strong>itui.</strong></span> <span class='ocrx_word' id='word_1_411' title='bbox 749 2746 803 2781; x_wconf 83' lang='grc' dir='ltr'><strong>μη</strong></span> <span class='ocrx_word' id='word_1_412' title='bbox 818 2730 983 2770; x_wconf 82' lang='grc' dir='ltr'><strong><em>πείσασα</em></strong></span> <span class='ocrx_word' id='word_1_413' title='bbox 998 2726 1064 2769; x_wconf 76' lang='grc' dir='ltr'>διαὶ</span> <span class='ocrx_word' id='word_1_414' title='bbox 1078 2727 1344 2783; x_wconf 76' lang='grc' dir='ltr'><strong><em>σωφροσύνην</em></strong></span> <span class='ocrx_word' id='word_1_415' title='bbox 1355 2731 1565 2771; x_wconf 75' lang='grc' dir='ltr'><strong><em>συνελθεῖν</em></strong></span> 
     </span>
     <span class='ocr_line' id='line_1_47' title="bbox 125 2779 1563 2840; baseline 0.001 -16"><span class='ocrx_word' id='word_1_416' title='bbox 125 2779 252 2838; x_wconf 69' lang='grc' dir='ltr'><strong><em>αὐτῇ,</em></strong></span> <span class='ocrx_word' id='word_1_417' title='bbox 278 2781 567 2837; x_wconf 63' lang='grc' dir='ltr'>καταψευδεται</span> <span class='ocrx_word' id='word_1_418' title='bbox 593 2783 720 2827; x_wconf 69' lang='grc' dir='ltr'><strong><em>αὐτοῦ</em></strong></span> <span class='ocrx_word' id='word_1_419' title='bbox 742 2784 846 2840; x_wconf 70' lang='grc' dir='ltr'><strong>προς</strong></span> <span class='ocrx_word' id='word_1_420' title='bbox 861 2783 1058 2828; x_wconf 72' lang='grc' dir='ltr'><strong>’Ἄκαστον</strong></span> <span class='ocrx_word' id='word_1_421' title='bbox 1077 2790 1151 2828; x_wconf 78' lang='lat' dir='ltr'><strong>eto.</strong></span> <span class='ocrx_word' id='word_1_422' title='bbox 1205 2785 1322 2838; x_wconf 78' lang='lat' dir='ltr'><strong>paulo</strong></span> <span class='ocrx_word' id='word_1_423' title='bbox 1343 2789 1435 2825; x_wconf 74' lang='lat' dir='ltr'><strong>ante</strong></span> <span class='ocrx_word' id='word_1_424' title='bbox 1458 2784 1563 2825; x_wconf 75' lang='lat' dir='ltr'><strong>idem</strong></span> 
     </span>
    </p>
   </div>
  </div>
 </body>
</html>
