1858 3126
249 179 349 226 796
643 178 957 224 OBSERVAT.
986 179 1297 226 PAGHYMER'.
1342 182 1366 219 5

249 295 418 329 cometes
438 288 591 339 fuerat,
619 302 751 328 mense
769 290 950 328 Ianuario
968 296 1216 341 conspectam
1235 291 1407 343 eclipsim
1425 293 1553 342 lunae.
1609 294 1710 332 scri-

248 347 309 385 bit
329 351 367 383 et
384 351 568 383 numerat
590 359 701 385 more
718 347 970 386 Graecorum.
1026 347 1069 385 hi
1087 348 1190 386 enim
1209 348 1350 386 mundi
1367 362 1502 398 annos,
1521 362 1597 400 qua
1619 364 1711 388 aera

248 401 367 451 vulgo
394 401 632 451 utebantur,
662 417 684 440 a
704 403 923 455 Septembri
948 415 1079 441 mense
1099 403 1352 443 inchoabant.
1407 405 1515 444 unde
1542 410 1623 444 non
1651 412 1712 444 est

250 458 414 496 dubium
443 458 538 508 quin
563 472 633 510 per
661 466 898 498 autumnum
927 461 1019 498 anni
1037 460 1185 499 Christi
1212 464 1315 503 1301
1343 475 1448 500 nova
1475 461 1542 499 illa
1567 461 1711 500 'crinita

246 514 361 552 stella
386 521 593 565 conspecta
620 516 662 554 in
695 517 803 555 coelo
826 517 969 566 fuerit3
998 517 1093 567 quin
1117 530 1140 554 a
1169 517 1302 555 vernis
1322 518 1518 555 mensibus
1538 516 1713 556 eiusdem*

247 571 342 608 anni
362 570 414 608 ad
438 570 557 610 finem
577 573 815 624 Septembris
841 573 1061 623 prodigiosa
1084 573 1171 621 illa,
1198 586 1316 624 quam
1337 573 1522 612 describit
1545 572 1714 612 histori-

246 640 317 665 cus
336 633 514 666 extremo
541 642 576 669 c.
600 629 675 677 14,
704 629 896 668 exarserit
915 630 1012 667 coeli
1037 629 1218 678 ariditas,
1247 636 1420 681 prataet
1437 635 1582 681 segetes
1596 630 1714 681 plan-

246 690 387 733 tasque
413 685 539 722 omnis
565 685 714 736 generis
743 686 913 724 adurens
928 715 938 734 ,
970 692 1110 737 puteos
1138 699 1294 737 quoque
1325 699 1512 738 perennes
1537 691 1576 724 et
1599 686 1712 724 vivas

247 741 538 779 uberrimorum
558 741 730 780 fontium
755 742 1007 792 scaturigines
1028 743 1237 781 exsiccans.
1295 742 1463 793 denique
1481 741 1589 794 quod
1609 743 1713 780 inter

247 796 368 846 haec,
397 796 475 835 hoc
502 804 561 835 est
582 798 684 836 circa
711 798 789 836 hoc
808 805 986 849 tempus,
1014 804 1264 839 contractum
1283 798 1494 837 historicus
1518 804 1712 837 memorat

248 866 288 905 P?
309 852 391 895 304
405 866 445 893 v.
463 856 501 905 3,
536 853 736 893 Michaelis
760 855 946 905 despotae
975 869 1066 893 cum
1086 855 1259 893 Terteris
1285 855 1363 899 filia
1390 868 1411 894 a
1437 855 1540 900 crale
1554 855 1713 898 Serbiae

248 909 455 960 repudiata
474 911 728 960 connubium,
752 911 802 949 ad
821 911 930 949 hunc
946 924 1102 967 quoque
1119 911 1247 964 ipsum
1273 914 1374 952 1301
1401 911 1544 954 Christi
1564 924 1712 949 annum

249 965 360 1009 haud
390 966 507 1004 dubie
528 967 724 1018 pertinere
744 967 967 1019 putandum
989 974 1060 1006 est.
1117 973 1156 1006 et
1177 967 1434 1006 confirmatur
1449 967 1554 1006 idem
1571 967 1711 1005 chara-

251 1029 359 1065 ctere
391 1022 683 1075 chronologico,
727 1038 805 1074 quo
832 1024 1005 1062 anterius
1029 1031 1190 1062 narrata
1212 1023 1403 1076 superiori
1435 1037 1539 1067 anno
1567 1023 1714 1069 Christi

251 1079 525 1118 trecentesimo
557 1094 677 1132 supra
703 1080 949 1118 millesimum
976 1080 1253 1129 vindicantur,
1284 1081 1405 1118 refert
1431 1079 1622 1131 siquidem
1635 1080 1713 1118 Pa-

251 1134 456 1191 chymeres
473 1150 512 1192 p,
524 1139 606 1184 302
619 1150 657 1176 v.
671 1139 696 1178 8
708 1136 970 1188 patriarcham
982 1137 1166 1175 Ioannem
1177 1137 1355 1174 Cosmam
1372 1149 1412 1174 se
1433 1135 1643 1179 contulisse
1660 1135 1712 1182 ad

251 1191 523 1230 Andronicum
542 1193 829 1245 imperatorem,
861 1199 901 1231 et
917 1207 1006 1231 cum
1023 1205 1069 1231 eo
1087 1193 1202 1231 simul
1218 1193 1267 1230 ad
1287 1192 1604 1244 Palaeologorum
1624 1206 1714 1230 mo-

252 1249 465 1287 nasterium
485 1249 600 1287 ivisse
623 1249 686 1287 die
703 1253 758 1293 25
782 1250 986 1295 Octobris,
1016 1262 1114 1298 quae
1136 1255 1232 1287 tunc
1255 1254 1461 1287 numerata
1477 1249 1596 1287 suerit
1615 1248 1713 1287 seria

252 1303 512 1343 hebdomadis
534 1307 665 1344 tertia.
721 1319 859 1357 nempe
883 1319 987 1344 anno
1006 1305 1150 1343 Christi
1173 1307 1280 1347 1300
1297 1305 1483 1343 bissextili
1500 1304 1634 1356 cyclus
1645 1318 1712 1342 so·-

112 1363 140 1397 P
165 1364 232 1399 577
254 1361 302 1399 lis
332 1364 383 1402 21
414 1362 549 1399 literas
577 1363 827 1405 dominicales
850 1362 969 1400 habet
997 1362 1117 1411 duas,
1147 1362 1176 1399 C
1196 1367 1238 1399 et
1259 1361 1312 1410 B,
1341 1375 1505 1410 quarum
1519 1360 1713 1412 posterior

252 1432 344 1461 cum
369 1418 579 1469 insigniens
604 1422 658 1461 23
679 1419 863 1457 Octobris
889 1419 988 1456 diem
1013 1417 1198 1456 ostendat
1220 1430 1305 1455 eam
1333 1417 1400 1458 illo
1419 1431 1522 1455 anno
1541 1417 1713 1455 domini-

251 1488 337 1512 cam
364 1475 500 1523 fuisse,
536 1475 781 1513 demonstrat
806 1476 952 1526 pariter
980 1475 1034 1516 25
1061 1474 1235 1513 eiusdem
1260 1474 1402 1512 mensis
1430 1473 1546 1512 fuisse
1575 1473 1710 1511 seriam

250 1530 422 1572 tertiam.
479 1544 524 1568 ac
546 1531 636 1580 quia
654 1538 806 1569 caetera
826 1537 965 1569 eventa
983 1536 1069 1568 tum
1090 1536 1180 1568 ante
1201 1536 1286 1568 tum
1303 1536 1393 1581 post
1410 1530 1526 1568 istam
1541 1529 1711 1581 eclipsim

251 1599 297 1624 ea
313 1587 392 1623 sere
407 1599 483 1636 qua
500 1592 606 1636 gesta
624 1594 716 1628 sunt
731 1587 828 1625 serie
845 1588 886 1624 in
905 1587 980 1627 hac
996 1586 1160 1624 historia
1176 1587 1416 1634 referuntur,
1437 1598 1573 1624 eornm
1589 1585 1711 1622 ferme

251 1642 427 1686 omnium
446 1654 584 1680 verum
603 1648 758 1694 tempus
777 1656 825 1680 ex
841 1642 918 1681 hac
935 1643 1091 1681 coelesti
1107 1648 1202 1680 nota
1222 1642 1412 1692 designari
1430 1646 1581 1693 posset5
1601 1640 1711 1691 quod

250 1698 354 1737 sacili
390 1697 658 1750 experimento
691 1699 1017 1746 demonstrarem,
1047 1698 1079 1735 si
1106 1698 1207 1736 tanti
1239 1703 1336 1735 esset
1368 1697 1410 1735 in
1435 1697 1483 1734 iis
1509 1696 1711 1738 immorari

252 1754 413 1799 diutius.
474 1754 640 1792 sufficiat
667 1755 775 1806 quod
809 1755 851 1792 in
882 1768 927 1792 eo
955 1766 1095 1805 genere
1117 1754 1167 1791 ad
1193 1753 1350 1791 lectoris
1378 1753 1559 1791 solatium
1580 1752 1712 1810 conati

251 1822 388 1849 sumus
411 1811 536 1862 capite
565 1811 704 1849 ultimo
730 1811 850 1855 liuius
869 1810 1196 1849 Observationum
1219 1809 1310 1848 libri
1336 1809 1463 1858 tertii,
1488 1809 1558 1848 ubi
1577 1809 1712 1861 plera-

253 1880 330 1918 que
349 1867 458 1905 libris
478 1873 625 1918 septem
643 1868 967 1919 Pachymerianae
986 1867 1035 1904 de
1051 1867 1168 1904 rebus
1191 1865 1409 1904 Andronici
1429 1865 1618 1903 historiae
1640 1865 1712 1903 de—

252 1924 400 1975 scripta
421 1924 493 1961 sub
511 1937 636 1962 unum
654 1925 767 1962 velut
782 1929 983 1975 aspectum
999 1923 1042 1960 in
1061 1936 1183 1960 annos
1203 1923 1350 1973 digesta
1367 1922 1612 1962 coniecimus.
1652 1927 1712 1959 est

254 1986 388 2018 tamen
411 1992 460 2017 ex
482 1979 565 2020 istis
586 1981 736 2018 eventis
754 1994 877 2018 unum
898 1980 1015 2030 paulo
1034 1978 1254 2017 intricatius
1270 1978 1532 2030 implicatione
1550 1990 1711 2020 casuum

255 2043 298 2074 et
319 2036 506 2086 ambiguis
535 2037 859 2075 affirmationibus
879 2035 1069 2084 auctoris,
1096 2048 1215 2085 quam
1248 2041 1295 2072 ut
1326 2034 1496 2084 relinqui
1530 2047 1552 2070 a
1584 2033 1710 2082 nobis,

256 2092 439 2132 evolvere
467 2093 744 2143 perplexitates
768 2092 1059 2143 chronologicas
1079 2090 1156 2129 hoc
1184 2091 1270 2128 loco
1290 2091 1495 2141 professis,
1515 2090 1710 2128 intactum

256 2147 409 2188 debeat.
466 2154 549 2186 esto
572 2149 691 2202 igitur
709 2150 751 2188 id
772 2154 1044 2201 argumentum
1063 2148 1199 2199 capitis
1218 2147 1423 2198 sequentis·

728 2292 1079 2348 CAPUT
1148 2290 1242 2338 VI.

260 2379 480 2421 Inm'catae
506 2384 684 2420 rationes
720 2390 938 2434 temporum
974 2382 1083 2419 circa
1112 2382 1318 2418 Romani
1346 2393 1395 2417 ac
1429 2378 1709 2417 Catelamrum
1777 2397 1782 2402 ·

713 2454 774 2477 res
802 2446 838 2475 et
865 2446 962 2476 acta
989 2438 1254 2489 explicantur.

374 2538 406 2580 Ι.
464 2539 576 2586 Quae
601 2539 728 2577 tribus
760 2540 908 2579 ultimis
930 2539 1038 2576 libris
1063 2537 1180 2578 huius
1201 2535 1387 2574 historiae
1414 2533 1463 2571 de
1481 2534 1706 2582 Rontzerio,

259 2595 463 2639 Pharenda
481 2596 624 2641 Tzime,
645 2596 877 2646 Mpyrigerio
896 2595 1042 2632 Tentza
1060 2599 1100 2630 et
1114 2591 1345 2643 quibusdam
1366 2589 1447 2627 aliis
1466 2589 1610 2630 Latinis
1628 2589 1709 2628 du·-

260 2653 390 2701 cibus,
417 2657 505 2690 tum
530 2651 579 2689 de
596 2652 783 2690 militibus
804 2651 943 2700 quibus
963 2654 1187 2700 praeerant,
1217 2647 1407 2685 Catelanis
1431 2652 1471 2683 et
1488 2645 1708 2696 Amogaba-

260 2709 338 2755 ris,
361 2708 531 2759 primum
557 2708 812 2746 auxiliaribus
829 2705 958 2743 infidis
971 2734 981 2754 ,
1013 2704 1153 2742 deinde
1182 2703 1272 2742 seris
1297 2703 1474 2741 hostibus
1495 2701 1710 2740 Andronici

261 2770 304 2802 et
326 2766 608 2814 Romanorum,
639 2765 886 2807 reseruntur,
914 2761 1022 2798 haud
1043 2760 1136 2798 satis
1155 2759 1324 2798 dilucide
1348 2758 1530 2798 ordinata
1546 2764 1640 2796 sunt
1659 2757 1720 2795 ab.

262 2820 472 2872 historico,
501 2821 566 2862 vel
583 2820 789 2861 subfinem
803 2818 912 2871 longi,
928 2823 970 2856 et
992 2816 1176 2856 laboriosi
1192 2816 1320 2869 open‘s
1337 2816 1457 2866 sesso,
1481 2814 1548 2854 vel
1567 2813 1619 2853 ob
1646 2812 1710 2856 in:-
