1820 3112
372 145 446 188 DE
480 146 809 190 ANDRONICO
838 147 1213 191 PALAEOLOGO
1249 148 1295 192 L.
1315 147 1371 192 H.
1498 148 1589 194 181

131 255 236 302 αῧτό
254 275 333 301 που
356 256 496 302 διόλου
519 258 560 302 ἵν
581 276 657 302 τινι
680 263 763 302 τῶν
780 263 1002 312 βασιλικῶν
1032 257 1278 315 οἰκημάτων.
1346 260 1431 303 ἐκεῖ
1451 261 1590 304 τοίνυν

129 327 413 383 συναγομένων
447 328 490 370 αἲ
523 328 686 382 σκέψεις
712 328 912 383 ἐγίνοντο,
958 329 994 370 εἴ
1021 330 1190 383 ἐγχωρεῖ
1215 330 1404 385 πορνείας
1437 330 1589 385 ἐκείνης

128 393 344 450 προβάσης
373 396 646 438 συνίστασθαι
679 395 726 438 τὸ
756 393 1049 450 συνάλλαγμα·
1087 399 1153 439 καὶ
1184 397 1264 439 ἐπεὶ
1295 404 1383 447 τοῖς
1402 398 1476 451 μὲν
1499 405 1588 447 τοῖς

129 463 176 506 δ’
209 463 304 507 οὐδ’
337 462 442 514 ὅλως
469 463 617 517 ἐδόκει,
657 462 678 506 ὃ
709 463 901 516 βασιλεῦς
923 462 1109 518 ἇγάλλειν
1129 465 1284 507 talam
1304 467 1452 508 ἐκεῖνον
1474 460 1507 524 ᾧ
1531 466 1584 522 δὴ

93 533 194 574 ὄκαὶ
221 532 398 590 συνέργῳ
424 534 490 574 καὶ
519 530 739 590 συμβούλῳ
772 532 876 587 πρὸς
905 532 1027 574 πάντ’
1062 533 1208 587 ἐχρᾶτο
1244 533 1580 592 πρακτικωτάτῳ,
1605 544 1635 579 c

124 599 172 643 τὸ
205 600 438 657 ἀμφίβολον
464 598 685 656 παρεικῶς,
723 605 780 658 τῷ
802 601 876 654 μὲν
898 600 1063 659 ἀδελφῷ
1091 601 1166 656 τὴν
1188 606 1262 643 τοῦ
1286 602 1475 658 πιγκέρνη
1493 606 1583 646 Λι-

122 669 327 724 βαδαρίου
357 669 566 725 θυγατέρα
594 670 636 711 ἔκ
661 670 1034 725 πρωτοβεστιαρίου
1053 669 1392 725 ἔξευγενιζομένην
1409 669 1579 714 πάππου

122 734 358 793 συνεζεύγνυ
387 737 489 793 πρὸς
515 735 692 794 γάμους,
729 737 804 792 τὴν
833 738 878 780 δὲ
907 742 980 780 τοῦ
1011 740 1384 795 πρωτοβεστιαριόυ
1402 738 1580 792 ΙΙΙουζά-

122 808 252 855 λωνος
280 810 340 863 τῷ
368 807 457 864 ἰδίῳ
487 808 601 848 παιδὶ
631 807 931 864 Κωνσταντίνῳ
958 811 1228 862 κατηγγυιῖτο.
1299 806 1393 849 ἀλλ’
1424 807 1517 850 οὔτε
1555 806 1577 850 ὅ

66 881 112 916 10
122 876 436 924 Κωνσταντΐνος
458 872 659 929 δεσπότης
684 869 734 928 ἦν
765 892 830 918 πω
861 875 903 924 ἐξ
925 872 1156 928 ἀξιώματος
1165 907 1178 926 ,
1213 872 1327 933 μόνῳ
1347 876 1393 917 δὲ
1413 880 1471 934 τῷ
1488 876 1578 926 υἱὸς

118 942 320 996 βασιλέως
337 941 436 985 εἶναι
455 947 688 999 περιφανῶς
704 943 909 995 humeto,
947 941 1040 986 οὔτε
1060 942 1142 997 μὴν
1162 941 1182 986 ὅ
1206 935 1577 1001 πρὼτοβεστιάριος

118 1012 197 1063 ζῶν
217 1008 295 1053 εἶδε
314 1011 411 1060 τούς
432 1008 600 1067 γάμους,
622 1010 716 1053 ἀλλ’
741 1013 783 1054 ἓν
804 1012 931 1053 ἐλπίσι
949 1008 1095 1064 μόναις
1115 1013 1181 1053 καὶ
1205 1013 1467 1067 προσδοκίαις
1484 1014 1568 1056 ε’τε-
1591 1023 1628 1059 Ι)

116 1075 239 1121 λεῦτα
266 1078 338 1121 τὸν
365 1081 470 1133 βίον.
539 1079 586 1122 τὸ
612 1079 659 1121 δέ
679 1097 721 1135 γε
743 1081 799 1129 εἷς
818 1079 932 1128 τέλος
948 1079 1064 1134 ἐξέβη
1086 1081 1395 1135 προβληθέντος
1415 1083 1481 1123 καὶ
1506 1084 1574 1124 δε-

116 1144 269 1190 σπότου
290 1152 364 1190 τοῦ
383 1149 714 1199 Κωνσταντίνου,
741 1142 790 1190 οὗ
813 1148 862 1203 dr}
885 1146 906 1190 ὅ
931 1146 1147 1203 Θεόδωρος
1167 1148 1240 1190 οὐκ
1259 1148 1420 1203 ἠξίωτο.
1471 1150 1572 1192 {³sz-

60 1223 104 1259 15
115 1232 186 1258 νον
205 1215 284 1271 γὰρ
305 1218 370 1258 καὶ
392 1217 481 1259 λίαν
503 1214 526 1269 ἡ
547 1214 682 1271 μήτηρ
702 1216 918 1272 ὀρεγομένη
942 1214 1144 1271 δεσπότην
1167 1219 1340 1259 κατιδεῖν
1363 1217 1476 1273 παρὰ
1495 1218 1571 1261 τᾶ-

114 1285 268 1340 δελφοῦ
296 1285 362 1326 καὶ
388 1285 587 1338 βασιλέως
617 1286 878 1340 φημισθέντα
890 1318 903 1338 ,
940 1286 1006 1326 καὶ
1031 1284 1162 1326 πολλὰ
1187 1285 1258 1327 τὸν
1278 1285 1368 1328 υἱὸν
1389 1285 1570 1342 ἀναγκά-

113 1351 265 1404 ζουσα,
296 1351 370 1394 οὔκ
397 1349 584 1407 ἐτύγχανε
601 1357 675 1407 τῆς
699 1354 871 1410 ἐφέσεως
883 1386 896 1405 ,
932 1352 1007 1407 οὐχ
1026 1351 1087 1395 ὅτι
1107 1348 1156 1408 ἦν
1174 1358 1224 1410 τῇ
1243 1355 1367 1411 μητρὶ
1393 1354 1570 1409 ἀπειθὴς

112 1417 135 1463 ὅ
155 1423 343 1478 κρατῶν,
386 1420 479 1463 ἀλλ’
500 1419 562 1464 ὅτι
580 1420 627 1464 τὸ
650 1420 819 1475 εὐλαβὲς
839 1423 905 1462 καὶ
924 1422 1117 1474 θεοσεβὲς
1136 1419 1369 1464 διεκώλυεν·
1405 1421 1568 1479 ἔφθασε

200 1540 233 1575 1.
257 1537 378 1576 &titoni
397 1539 440 1575 Ρ.

105 1641 198 1687 gusti
221 1641 266 1676 ad
298 1653 428 1677 manum
450 1641 578 1677 habere
600 1654 698 1689 quem
722 1642 858 1678 assidue
880 1643 1070 1678 consuleret
1090 1643 1262 1679 studentis>
1281 1645 1386 1679 ferme
1409 1644 1444 1679 iu
1467 1645 1566 1680 aedi·

104 1688 169 1722 bus
203 1687 320 1732 regiae
349 1688 470 1722 vicinis
493 1693 552 1723 aut
573 1689 607 1722 in
631 1693 730 1734 parte
759 1690 877 1724 domus
911 1690 1019 1735 ipsius
1040 1691 1215 1735 Augustae
1236 1691 1368 1725 solebat
1390 1691 1560 1726 habitare.

104 1744 181 1768 cum
209 1733 315 1778 igitur
346 1734 382 1768 in
410 1735 484 1780 ipso
515 1736 649 1778 aegroti
673 1735 862 1769 Muzalonis
886 1735 1073 1771 diversorio
1097 1748 1210 1770 coram
1233 1737 1350 1770 eodem
1371 1737 1562 1771 sententiae

102 1789 207 1824 super
229 1779 402 1824 proposito
425 1780 515 1825 quod
538 1781 609 1814 dixi
631 1786 828 1825 argumento
850 1787 1064 1825 rogarentur,
1086 1783 1231 1827 illaeque
1246 1783 1278 1816 in
1295 1782 1467 1816 contraria
1489 1782 1560 1816 dis-

101 1825 343 1869 traherentur,
374 1825 574 1870 quibusdam
608 1826 794 1869 aientibus,
825 1828 1025 1872 negantibus
1057 1828 1151 1869 aliis,
1183 1829 1368 1872 imperator
1391 1827 1559 1861 consolari

102 1871 242 1914 cupiens
263 1871 348 1906 adeo
371 1871 435 1906 sibi
456 1883 568 1906 carum
592 1878 628 1906 et
650 1873 752 1906 fidum
781 1873 964 1916 hominem,
997 1885 1065 1919 quo
1093 1873 1287 1907 administro
1311 1878 1347 1905 et
1369 1872 1561 1906 consiliario
1621 1893 1631 1897 «

101 1915 307 1960 peritissimo
341 1917 384 1950 ad
417 1923 538 1951 cuncta
570 1919 749 1960 utebatur,
782 1919 1026 1963 disceptatione
1054 1919 1088 1952 in
1120 1919 1275 1962 ambiguo
1306 1917 1426 1951 relicta
1457 1918 1558 1952 fratri

101 1959 237 2005 quidem
261 1961 432 2005 coniugem
456 1963 549 1996 dedit
569 1964 751 2008 pincernae
772 1965 944 1998 Libadarii
966 1964 1090 2004 filiam,
1126 1964 1179 1997 cui
1211 1963 1397 1996 nobilitatis
1420 1963 1555 2008 praeci-

101 2016 190 2050 puae
221 2008 536 2041 commendationem
568 2009 753 2051 afferebat,
785 2011 873 2054 quod
897 2022 939 2044 ex
962 2021 1026 2043 avo
1049 2010 1138 2042 illam
1170 2008 1422 2053 protovestiarii
1445 2008 1555 2054 digni-

101 2055 176 2085 tate
199 2053 376 2096 conspicuo
402 2054 579 2086 constabat
602 2066 676 2088 csse
700 2059 918 2099 prognatam:
954 2055 1057 2088 filiam
1080 2066 1163 2088 vero
1190 2054 1282 2087 illam
1305 2053 1411 2098 ipsam
1433 2061 1552 2099 proto-

100 2096 276 2138 vestiarii‚
309 2098 389 2131 licet
420 2103 632 2142 corruptam,
661 2100 730 2133 iam
763 2111 850 2134 nunc
881 2100 1035 2144 promisit
1060 2112 1097 2134 se
1119 2100 1359 2144 desponsuram
1382 2100 1552 2134 Constan-

98 2141 170 2176 tino
193 2143 331 2188 proprio
355 2143 446 2185 filio,
477 2144 535 2188 qui
559 2145 701 2178 nondum
724 2146 858 2190 quidem
881 2147 1043 2190 despotae
1066 2145 1290 2190 appellatione
1311 2145 1551 2190 honorabatur,

97 2193 269 2222 caeterum
292 2200 332 2222 eo
353 2189 424 2222 solo
447 2189 536 2234 quod
559 2189 772 2233 imperatoris
795 2194 870 2224 erat
891 2191 1003 2233 filius,
1026 2190 1114 2224 inter
1136 2190 1262 2235 primos
1287 2191 1385 2225 aulae
1407 2203 1551 2226 consen-

96 2237 198 2268 taneo
219 2238 339 2268 tautae
362 2234 525 2268 nobilitati
549 2235 726 2280 splendore
747 2236 909 2279 fulgebat.
955 2237 1092 2270 suerunt
1114 2236 1179 2270 hae
1200 2236 1339 2282 nuptiae
1353 2238 1546 2272 necessario

95 2279 241 2323 dilatae,
264 2280 353 2325 quod
376 2280 604 2314 obducendum
626 2281 758 2326 puellae
776 2282 895 2315 vitium
919 2293 1012 2316 mora
1032 2282 1151 2316 saltem
1174 2283 1335 2327 quadam,
1368 2288 1404 2318 et
1426 2283 1454 2317 si
1478 2295 1544 2330 quo

95 2325 194 2359 modo
216 2331 355 2371 posset,
389 2326 633 2360 obliterandum
660 2327 842 2362 videretur.
887 2327 1005 2372 itaque
1024 2327 1306 2372 protovestiarius
1327 2330 1441 2363 morbo
1463 2341 1545 2375 per-

93 2370 201 2405 tinaci
223 2372 323 2406 morti
347 2372 468 2406 sensim
491 2372 644 2406 admotus
674 2373 798 2406 durare
825 2384 933 2418 usque
955 2373 999 2407 ad
1022 2373 1097 2407 eius
1117 2374 1315 2408 matrimonii
1337 2386 1544 2409 consumma-

93 2416 217 2450 tionem
252 2429 319 2451 non
349 2418 482 2463 potuit:
516 2422 627 2452 tamen
650 2418 828 2453 affinitatis
857 2423 925 2452 tam
949 2419 1079 2463 amplae
1101 2420 1174 2454 sola
1194 2420 1274 2454 licet
1295 2431 1357 2466 spe
1383 2432 1424 2455 ac
1447 2424 1544 2454 certa

93 2462 328 2506 expectatione
350 2464 528 2508 praecepit
549 2463 727 2508 gaudium,
748 2464 782 2498 in
805 2476 913 2509 eoque
934 2464 1036 2498 vitam
1058 2465 1214 2499 absolvit.
1259 2477 1300 2500 eo
1323 2471 1452 2500 mortuo
1475 2466 1543 2499 rite

92 2508 299 2542 celebratum
327 2507 360 2542 id
393 2509 636 2544 matrimonium
660 2515 731 2553 est,
762 2515 798 2544 et
820 2510 954 2555 quidem
978 2510 1199 2545 Constantino
1220 2511 1289 2545 iam
1310 2512 1353 2546 ad
1376 2512 1540 2557 despotae

91 2551 290 2596 dignitatem
320 2560 458 2597 evect03
490 2555 579 2600 quod
611 2556 743 2590 minime
771 2560 969 2589 consecutus
991 2557 1296 2599 Theodorus·suit‚
1325 2556 1540 2603 quantumvis

91 2596 166 2632 eius
197 2605 308 2633 mater
338 2600 439 2633 valde
466 2602 603 2646 cupiens
636 2602 700 2635 isto
722 2602 918 2635 decoratum
939 2601 1069 2636 nomine
1091 2603 1179 2636 bunc
1200 2614 1334 2648 quoque
1355 2603 1460 2636 filium
1482 2601 1539 2635 vi-

91 2641 185 2685 dere,
207 2644 456 2680 instantissimis
480 2647 522 2680 ab
547 2647 698 2691 Augusto
720 2658 780 2681 suo
803 2647 883 2680 item
906 2646 976 2681 filio
998 2648 1205 2682 contenderit
1227 2650 1384 2694 precibus
1406 2652 1444 2681 ut
1465 2649 1539 2681 sra-

90 2690 177 2722 trem
200 2700 241 2723 eo
263 2691 387 2724 bonore
410 2691 617 2735 dignaretur.
648 2697 699 2727 >at
719 2703 897 2737 numquam
918 2692 1133 2738 impetravit,
1161 2706 1227 2729 non
1249 2695 1338 2739 quod
1362 2705 1445 2737 erga
1467 2704 1539 2727 ma-

89 2737 177 2766 trem
199 2734 391 2780 obsequium
414 2735 610 2781 imperatori
632 2738 788 2779 deesset,
821 2738 880 2772 sed
910 2739 1067 2783 quoniam
1089 2740 1123 2774 in
1145 2739 1208 2774 boc
1231 2741 1363 2785 quidem
1380 2739 1540 2773 obstabat

88 2777 206 2824 religio
228 2780 368 2826 pietati:
391 2793 490 2818 casus
512 2783 599 2818 enim
622 2784 756 2829 quidam
779 2783 873 2830 prius
893 2786 1021 2820 tulerat
1042 2790 1082 2820 ut
1104 2785 1236 2831 (nescio
1258 2796 1327 2831 qua
1345 2784 1539 2828 occasione)
