1858 3126
478 185 581 231 un.
599 185 673 232 ΠΙ.
730 181 1214 229 CHRONOLOGIGUS.
1477 180 1575 227 785

130 301 224 338 aeto
245 294 351 335 adeo'
365 300 523 334 strenue
542 309 564 334 a
583 294 735 333 civibus
751 298 952 346 reparatae
967 298 1083 342 sunt,
1111 297 1159 331 ut
1184 290 1413 331 rediens‘in
1437 290 1578 331 urbem

130 352 347 404 imperator
374 359 552 391 extremo
580 351 693 389 Iunio
713 350 805 388 anni
825 352 933 392 1292
952 349 1256 400 gratularetur,
1287 347 1392 400 quod
1410 346 1578 386 histori-

131 421 201 446 cus
217 408 271 446 ait
290 422 328 459 p.
354 411 433 451 180
454 422 493 447 v.
513 410 539 449 8
552 436 563 455 ,
591 407 677 444 solo
705 406 786 444 sibi
810 407 976 443 aurium
1002 404 1155 443 indicio
1181 412 1363 442 constare
1390 405 1579 441 notitiam

132 463 328 511 incendii,
358 464 471 502 nullo
502 465 586 500 iam
610 464 742 500 oculis
758 463 966 513 superstite
983 463 1053 499 aui
1070 462 1240 512 vestigio
1258 460 1472 499 sensibilis.
1530 459 1580 498 ab

131 519 208 558 hoc
233 520 324 558 loco
351 533 452 571 quae
479 525 692 557 narrantur
717 532 740 556 a
769 523 904 556 nostro
932 515 1123 555 historico
1151 518 1251 556 serie
1273 517 1484 565 continua,
1514 528 1578 554 res

133 582 257 628 prout
283 588 448 614 evenere
475 575 718 623 declarante,
745 586 870 624 usque
887 572 936 611 ad
959 586 992 611 c.
1010 576 1064 615 29
1086 574 1112 612 l.
1134 575 1181 621 3,
1211 573 1385 624 quinque
1405 573 1486 611 fere
1510 585 1581 610 an-

132 644 275 670 norum
294 632 457 683 explent
476 631 659 682 spatium.
714 629 820 668 unde
843 629 951 680 quod
973 628 1162 668 scribitur
1177 642 1217 680 p.
1239 631 1322 672 270
1332 643 1370 667 v.
1384 631 1450 678 16,
1469 642 1579 666 mor-

131 693 244 726 tuum
263 700 344 726 esse
362 687 529 725 Veccum
551 686 623 724 sub
641 686 760 724 finem
782 685 931 733 Martii,
960 685 1010 723 ad
1034 698 1182 723 annum
1205 685 1290 723 sine
1308 685 1430 724 dubio
1449 685 1579 736 perti-

131 749 202 781 net
229 742 375 781 Christi
405 746 525 785 1298.
573 749 660 780 octo
685 741 808 791 igitur
837 742 950 779 annis
974 747 1066 792 post
1092 741 1263 779 laxatam
1287 740 1581 792 aliquantulum

134 799 378 847 custodiam,
419 805 600 850 perstans
640 797 896 836 nihilominus
933 796 1097 835 Ioannes
1132 797 1286 836 Veccus
1325 797 1368 835 in
1410 809 1580 845 carcere,

133 855 318 906 quoniam
339 854 566 906 imperatori
587 853 767 892 assentiri
788 854 837 891 ad
862 852 1029 890 schisma
1050 853 1249 891 revocanti
1270 853 1583 892 constantissime

134 923 287 962 semper
308 911 466 959 renuit,
496 910 547 948 ad
569 923 725 949 suorum
738 938 751 959 ,
778 916 825 948 ut
841 922 998 958 sperare
1018 909 1131 958 licet,
1159 909 1333 960 praemia
1355 909 1537 948 laborum
1558 922 1582 946 a

135 966 212 1004 deo
234 973 399 1004 vocatus
417 966 460 1004 in
479 966 628 1004 coelum
653 971 722 1004 est.
777 971 818 1003 at
839 964 1116 1013 Meliteniotes,
1145 965 1245 1003 alter
1266 965 1349 1003 eins
1367 965 1580 1015 sociorum,

132 1035 215 1060 non
233 1022 345 1074 prius
366 1035 482 1072 quam
501 1028 591 1073 post
607 1021 742 1060 decem
758 1021 936 1059 evolutos
951 1020 1045 1059 inde
1064 1034 1201 1070 annos,
1230 1021 1318 1073 pari
1334 1021 1452 1060 laude
1468 1035 1582 1060 com·
1603 1022 1631 1057 P
1655 1021 1719 1056 563

133 1079 340 1116 mend-tus
355 1077 526 1116 invictae
547 1078 589 1115 in
607 1077 685 1116 fide
703 1078 877 1116 Romana
896 1077 1160 1125 constantiae,
1190 1077 1368 1115 decessit.
1422 1083 1582 1130 tempus

133 1133 191 1172 sic
210 1133 399 1186 exprimit
411 1132 664 1185 Pachymeres
685 1146 722 1183 p.
736 1135 817 1175 636
834 1145 874 1172 v.
889 1136 915 1175 7
926 1130 1053 1184 μηνὸς
1069 1131 1487 1184 Βοηδρομιῶνος-κατά
1505 1132 1582 1185 τήν

133 1187 280 1241 καινήν
301 1186 500 1242 κυριακήν
527 1203 654 1227 mense
676 1188 819 1240 Aprili
844 1190 1132 1227 circa-novam
1159 1188 1420 1230 dominicam.
1476 1189 1583 1228 inter

136 1245 353 1283 dominicas
380 1246 619 1283 Graecorum
645 1245 797 1282 nnllam
816 1245 858 1282 in
878 1244 1022 1283 horum
1046 1245 1320 1284 ecclesiasticis
1338 1245 1448 1284 libris
1468 1259 1584 1298 repe-

134 1300 197 1339 rio
219 1313 318 1351 quae
341 1302 504 1352 propi-io
528 1301 684 1338 nomine
699 1297 820 1351 καινή
840 1314 945 1338 nova
961 1307 1141 1340 vocetur.
1198 1307 1299 1353 puto
1317 1300 1375 1339 sic
1390 1301 1535 1339 dictam
1560 1316 1583 1340 a

134 1356 373 1407 Pachymere
393 1357 628 1394 dominicam
640 1356 862 1394 Paschalem
874 1385 887 1405 ,
916 1355 1028 1394 cuius
1050 1356 1262 1395 hebdomas
1280 1353 1584 1408 διακαινήσιμος

135 1412 216 1450 illis
241 1412 405 1450 dicitur:
435 1413 490 1450 sic
521 1413 624 1450 enim
650 1412 772 1462 aliqui
795 1425 932 1451 vocem
950 1412 1059 1449 illam
1077 1412 1268 1452 scribunt.
1326 1413 1402 1451 fuit
1420 1413 1488 1452 ille
1507 1428 1582 1451 an·-

136 1481 232 1516 nus,
259 1474 305 1506 ut
321 1480 373 1505 ex
390 1468 488 1506 serie
507 1481 638 1506 rerum
656 1468 699 1505 in
715 1467 879 1520 synopsi
899 1467 1146 1514 demonstro,
1174 1468 1322 1507 Christi
1342 1472 1472 1517 1308,
1503 1483 1584 1520 quo

135 1523 284 1562 Pascha
311 1523 451 1563 incidit
478 1524 520 1562 in
552 1524 605 1566 14
634 1524 794 1576 Aprilis.
852 1523 960 1562 eirca
977 1523 1091 1562 illum
1110 1538 1202 1576 ergo
1221 1525 1324 1563 diem
1343 1524 1485 1564 obierit
1500 1525 1584 1564 Me-

134 1579 341 1619 liteniotes.

600 1722 955 1773 CAPUT
1023 1723 1130 1772 111.

249 1813 458 1863 Definitur
494 1820 650 1864 tempus
683 1815 895 1852 evectionis
930 1812 989 1851 ad
1018 1815 1228 1865 imperium
1257 1812 1473 1850 Michaelis

143 1891 150 1896 -
193 1868 435 1919 Palaeologi
463 1869 693 1906 Andronici
718 1871 826 1920 filii,
860 1883 931 1907 nec
958 1884 1039 1907 non
1069 1870 1196 1906 huius
1225 1870 1407 1920 coniugii
1434 1882 1527 1907 cum

547 1927 686 1962 Maria
696 1926 799 1975 fllia
819 1928 925 1976 regis
943 1925 1170 1962 Armeniae.

246 2022 277 2061 1.
334 2022 477 2060 Scribit
509 2023 769 2075 Pachymeres
797 2024 825 2062 l.
844 2027 870 2066 3
897 2037 931 2062 c.
955 2027 975 2064 1
992 2054 1002 2072 ,
1032 2037 1124 2061 cum
1152 2023 1304 2061 videret
1331 2023 1584 2064 Andronicus

139 2076 371 2117 michaelem
394 2079 521 2116 filium
543 2093 654 2117 suum
673 2079 979 2130 primogenitum
1004 2079 1081 2116 iam
1105 2079 1211 2116 ultra
1229 2079 1416 2130 puberem
1437 2093 1584 2132 prove-

139 2140 243 2172 ctum
263 2140 452 2183 aetatem,
482 2140 521 2172 et
541 2148 584 2172 ea
607 2135 781 2173 edentem
803 2134 1016 2186 specimina
1040 2135 1164 2172 bonae
1183 2134 1326 2172 indolis
1348 2148 1583 2186 morumque

138 2189 354 2242 proborum
373 2203 471 2240 quae
489 2190 651 2238 dignum
674 2203 762 2228 eum
781 2190 954 2240 Augusto
974 2190 1127 2240 fastigio
1147 2196 1423 2239 monstrarent,
1453 2192 1583 2229 adaci-

138 2245 328 2284 scendum
357 2245 487 2297 ipsum
517 2246 587 2282 sibi
618 2252 777 2297 putasse
794 2246 836 2283 in
855 2246 1020 2296 imperio
1050 2246 1258 2295 collegam,
1285 2245 1452 2297 ideoque
1471 2247 1582 2286 sole-

137 2315 271 2340 mnem
303 2301 384 2339 eius
408 2302 744 2351 inaugurationem
766 2301 808 2338 in
829 2301 977 2350 templo
1003 2302 1170 2339 Sanctae
1189 2300 1357 2352 Sophiae
1375 2315 1397 2339 a
1413 2303 1582 2354 patriar-

139 2357 212 2395 cha
246 2357 431 2395 celebrari
451 2370 626 2403 curasse3
654 2371 769 2408 quam
799 2356 984 2394 describit
1011 2356 1084 2394 illo
1111 2369 1145 2394 c.
1167 2357 1234 2398 11.
1252 2359 1291 2399 3.
1320 2358 1439 2396 fuisse
1464 2358 1582 2396 illum

138 2413 403 2465 patriarcham
418 2413 602 2450 Ioannem
628 2414 807 2451 cosmam
829 2426 877 2450 ex
900 2412 1040 2461 rebus,
1070 2424 1180 2463 quae,
1196 2418 1286 2450 ante
1306 2426 1351 2451 ac
1378 2420 1468 2463 post
1486 2427 1583 2452 nar-

138 2475 297 2518 rantur,
327 2470 578 2507 manifestum
611 2469 803 2507 redditur.
859 2468 967 2505 unde
987 2480 1077 2505 cum
1100 2468 1133 2504 is
1152 2468 1334 2506 ecclesiae
1356 2468 1582 2507 Constanti-

140 2525 391 2575 nopolitanae
418 2537 594 2576 praeesse
626 2525 823 2576 coeperit,
851 2529 898 2562 ut
925 2523 1055 2574 capite
1082 2524 1258 2574 sequenti
1286 2530 1325 2562 et
1350 2525 1393 2562 in
1416 2522 1583 2575 synopsi

142 2579 416 2630 chronologica
444 2580 562 2618 liuius
588 2579 773 2618 historiae
806 2578 1179 2628 demonstrabimus,
1207 2579 1386 2618 kalendis
1411 2579 1583 2617 Ianuarii

142 2635 236 2672 anni
253 2635 396 2673 Christi
420 2639 547 2686 1293,
575 2650 655 2674 non
674 2636 834 2674 videtur
849 2635 1009 2673 dubium
1027 2633 1123 2684 quin
1141 2634 1270 2672 statim
1289 2641 1380 2687 post
1398 2634 1479 2672 illic
1499 2646 1583 2671 me-

143 2696 294 2727 morata
306 2691 754 2740 Michaelis-coronatio,
782 2690 999 2729 ministerio
1019 2689 1263 2742 patriarchae
1281 2692 1381 2729 sacta
1397 2690 1460 2728 die
1480 2690 1582 2727 sesto

143 2745 273 2794 magni
296 2746 568 2792 Constantini,
599 2748 648 2786 ad
676 2748 792 2785 illum
815 2760 930 2798 quem
952 2746 1032 2784 dixi
1061 2758 1203 2783 annum
1222 2747 1439 2798 pertineat,
1467 2751 1507 2783 et
1531 2744 1583 2784 ad

144 2813 316 2838 mensem
346 2801 428 2840 eius
457 2802 614 2844 Maium.
670 2817 762 2841 nam
780 2809 827 2842 ut
845 2803 987 2841 diserte
1007 2800 1220 2840 historicus
1238 2806 1446 2850 memorat,
1476 2806 1518 2840 et
1535 2813 1585 2839 ex

202 2860 374 2904 Georgius
402 2862 623 2906 Pachymeres
652 2863 700 2896 11.
1258 2857 1313 2897 50
