1858 3126
246 169 346 218 364
447 222 452 226 ,
665 170 903 215 GEoRGn
937 159 1290 218 PACHYMERIS

197 289 229 324 D
252 282 697 343 ἐφῆφθαιῬωμαιόις,
734 281 891 340 ἔλεγον,
927 286 995 328 καὶ
1014 289 1146 329 ταῦτα
1165 285 1218 330 τὰ
1233 285 1402 344 μέγιστα
1423 282 1480 332 ὧν
1508 288 1611 347 ἀκοῇ
1633 308 1715 333 πα-

247 352 519 410 ρειλήφαμεν,
557 351 651 396 οὕτε
676 350 862 408 μάντεως
894 352 988 397 οὔτε
1015 354 1098 410 μὴν
1129 354 1347 413 προφήτου
1375 352 1497 400 εἷπεΐν
1514 358 1714 415 χρῄζοιεν.

243 422 292 466 τὸ
314 423 359 465 δὲ
379 423 447 465 καὶ
466 419 621 465 θεόθεν
649 421 933 479 ὀργιζομένου,
973 425 1039 466 καὶ
1069 422 1119 474 ἃς
1139 424 1232 483 εἴπῃ
1252 442 1314 476 τις
1341 424 1392 469 ἂν
1414 428 1547 477 αἲτιάς
1559 460 1573 480 ,
1612 432 1715 470 πολ-

247 495 330 535 λῶν
351 508 394 548 γε
413 490 564 544 οὐσῶν,
593 492 804 549 ἓξαίρομεν
823 491 963 546 μέντοι
985 494 1052 535 καὶ
1070 490 1278 550 ἁμαρτίας
1294 494 1370 545 τὰς
1389 499 1465 538 τοῦ
1487 495 1592 538 καθ’
1619 497 1716 540 ἕκα-

247 577 367 613 στον,
403 559 685 617 Χριστιανούς
714 578 758 617 γε
794 559 918 611 ὄντας
948 563 1015 604 καὶ
1053 561 1355 619 πρεσβεύοντας
1381 561 1576 620 πρόνοιαν
1613 565 1749 616 εῗκός5

246 630 418 682 ἐννοεῖν,
456 630 524 673 καὶ
547 629 642 686 εἴγ’
668 630 732 672 ἐπὶ
758 627 920 680 τούτοις
953 629 977 685 ἦ
1000 631 1064 672 ἐπὶ
1089 636 1164 674 τοῦ
1197 636 1382 690 λιπαρῶς
1409 637 1514 676 θεοῦ
1547 633 1718 677 δέεσθαι

247 698 464 754 συμβουλὴ
498 696 555 748 ὥς
575 696 818 752 εὐμενίζοιτό
841 716 884 742 τε
907 700 974 742 καὶ
1005 698 1131 759 ἐλεῴη
1150 701 1340 754 ἵσταται,
1375 701 1626 756 θαυμαστὸν
1643 702 1718 746 οὗ-

193 768 231 832 Ε,
251 768 332 812 δέν.
401 766 642 810 τούναντίον
667 769 742 822 μὲν
771 763 844 811 οὖν
873 765 924 810 ἂν
945 769 1197 822 θαυμαστὸν
1226 772 1262 813 εἷ
1281 769 1528 826 εὖθηνοῦσιν
1546 771 1585 821 ἔς
1607 769 1718 815 ἅπαν

245 839 314 880 καὶ
335 835 453 881 οὐδὲν
479 835 617 891 ἔχουσι
635 837 818 894 λυπηρὸν
838 837 1031 894 προέλεγε
1048 855 1110 888 τις
1128 838 1180 881 τὰ
1200 837 1360 895 φοβερά
1370 872 1385 893 ,
1422 838 1474 883 ἃν
1497 839 1597 890 τέως
1615 839 1717 883 ἀπέ-

244 911 402 960 βαινον,
439 903 542 948 ὅπου
563 922 606 961 γε
623 907 690 948 καὶ
712 905 852 955 Ἰωνᾶς
870 904 1129 950 ὑπωπτεύετο
1149 910 1380 959 Νινευ·ί’ταις
1395 913 1581 966 τρυφῶσι
1599 908 1716 965 μέχρι
1730 921 1774 955 10

246 977 314 1018 καὶ
345 974 494 1030 ἀκοῆς,
542 973 641 1017 ἀλλ’
674 974 722 1018 οὗ
751 976 916 1032 πείρας,
965 976 1205 1020 σταθέντων
1235 981 1318 1020 τῶν
1337 981 1545 1035 λυπηρῶν.
1618 979 1652 1020 εἴ
1673 978 1718 1020 δὲ

247 1045 314 1087 καὶ
335 1044 589 1101 προφητείας
607 1041 755 1104 ἇξιῷτό
778 1061 840 1094 τις
861 1045 926 1086 ε’πὶ
944 1049 1004 1104 τῷ
1026 1044 1162 1088 πλέονι
1183 1050 1267 1089 τῶν
1286 1050 1436 1099 κακῶν,
1470 1046 1720 1101 θαυμαστὸς

108 1122 136 1157 Ρ
160 1123 229 1158 250
250 1114 324 1169 μὲν
350 1114 501 1163 ἐκεῖνος
525 1110 675 1163 δόξειεν
708 1111 760 1156 ἅν
771 1146 784 1166 ,
815 1116 1063 1170 μακαριστοὶ
1091 1115 1221 1157 δὲκαὶ
1243 1113 1359 1170 ἧμεῖς
1379 1117 1642 1171 λογιζοῖμεθα
1663 1113 1720 1165 ὥς

248 1182 323 1226 οὐκ
363 1183 514 1225 ἐκείνου
548 1181 645 1224 ἀλλ’
689 1180 805 1237 ἡμῶν
849 1199 892 1238 γε
929 1180 1052 1239 χάριν
1086 1187 1161 1238 τῆς
1195 1181 1461 1240 προρρήσεως
1496 1185 1719 1240 γεγονυίας.

247 1249 508 1308 κρύπτεσθαι
526 1251 602 1306 μὲν
623 1245 696 1294 οὗν
720 1252 869 1294 ἐκεῖνον
887 1253 953 1294 καὶ
979 1252 1038 1306 μὴ
1069 1250 1375 1309 φανερούμενον
1399 1253 1649 1309 ἔκφανεροῦν
1665 1251 1717 1295 τὰ
1731 1261 1774 1296 15

247 1325 345 1364 θεῖα
364 1318 600 1378 μυστήρια,
638 1319 742 1379 πρὸς
759 1324 818 1381 τῷ
837 1319 896 1377 μὴ
919 1320 1084 1372 ἔνδοξον
1107 1319 1205 1364 εἶναι
1221 1321 1327 1365 κατὰ
1342 1321 1416 1378 τὴν
1435 1320 1615 1380 γραφήν,
1652 1322 1720 1365 καὶ

337 1431 370 1465 8-
396 1423 493 1476 οὖν]
517 1427 564 1476 ἦν
579 1431 598 1465 ,9

246 1545 417 1578 Romanos
437 1543 644 1588 infortunia,
669 1547 706 1578 et
730 1556 771 1580 ea
793 1544 930 1590 quidem
952 1545 1096 1580 omnium
1118 1557 1208 1592 quae
1229 1545 1332 1580 fando
1355 1545 1545 1581 audivimus
1565 1544 1723 1590 maxima,-

247 1602 311 1624 nec
344 1597 424 1624 vate
458 1601 523 1624 nec
554 1592 724 1636 propheta
769 1602 855 1636 opus
889 1592 1077 1636 habemus,‘
1115 1592 1325 1638 experientia
1355 1592 1494 1637 publica
1532 1591 1567 1625 id
1597 1591 1720 1636 cuique

247 1636 382 1671 abunde
404 1640 624 1670 monstrante.
671 1637 705 1670 in
729 1647 770 1670 eo
790 1637 896 1671 solum
914 1649 994 1671 usus
1018 1641 1108 1672 esset
1126 1643 1162 1672 et
1186 1641 1286 1676 mirus
1309 1642 1345 1671 et
1368 1636 1528 1683 optabilis
1547 1637 1721 1671 monitoris

247 1682 409 1717 divinitus
439 1682 574 1724 afflati,
608 1682 637 1716 si
668 1682 744 1728 quis
774 1683 1016 1728 indignationis
1047 1684 1103 1718 dei
1125 1684 1324 1718 manifestae
1345 1683 1411 1718 iam
1433 1683 1468 1718 in
1490 1694 1552 1717 nos
1576 1693 1722 1717 arcanas

249 1733 285 1763 et
307 1729 404 1763 nobis
428 1728 529 1763 noxie
551 1729 727 1773 ignoratas
759 1741 778 1763 e
809 1730 903 1763 coelo
927 1730 1067 1764 edoctus
1089 1729 1258 1763 indicaret
1280 1741 1411 1764 causas.
1457 1740 1577 1775 nempe
1599 1729 1634 1763 in
1657 1740 1720 1774 ge-

248 1787 331 1809 nere
363 1774 498 1820 quidem
528 1775 670 1817 scimus,
703 1780 872 1820 quotquot
902 1775 1021 1809 imbuti
1044 1775 1245 1810 Christianis
1277 1774 1460 1820 disciplinis
1491 1773 1720 1809 administrari

248 1821 408 1856 mundum
431 1832 542 1866 aequa
573 1826 609 1855 et
630 1820 774 1866 sapienti
805 1821 1018 1867 providentia
1039 1821 1330 1867 persuasissimum
1354 1821 1534 1863 habemus,
1567 1820 1722 1866 peccatis

248 1867 382 1913 utique,
405 1868 519 1914 qualia
542 1866 692 1914 quotidie
713 1866 856 1911 plurima
888 1871 1088 1913 pao-antur,
1121 1868 1205 1902 iram
1239 1867 1295 1902 dei
1328 1872 1448 1902 contra
1480 1866 1630 1902 homines
1663 1877 1722 1900 ar-

248 1913 356 1948 mari:
390 1915 557 1960 quodnam
580 1919 694 1948 tamen
716 1913 926 1959 potissimum
947 1918 1099 1948 nostrum
1129 1915 1254 1948 crimen
1277 1914 1364 1948 h‘aec
1386 1914 1450 1948 sub
1474 1913 1598 1959 quibus
1620 1912 1722 1946 hodie

249 1960 413 2004 gemimus
435 1960 573 2005 flagella
594 1960 817 2003 ulciscantur,
851 1965 891 1994 ut
917 1961 1161 2006 incompertum
1185 1959 1280 1994 nobis
1303 1965 1367 2000 est,
1391 1960 1441 1994 ita
1464 1965 1558 1994 esset
1580 1958 1722 1993 utilissi-

249 2017 339 2040 mum
363 2006 490 2043 doceri.
535 2007 587 2041 sic
610 2006 709 2048 enim,
733 2018 774 2040 eo
797 2007 1015 2048 emendando,
1037 2007 1113 2041 sons
1136 2008 1299 2041 malorum
1322 2011 1439 2052 posset
1461 2005 1602 2041 obstrui.
1640 2015 1722 2039 con-

250 2051 362 2086 silium
386 2064 468 2087 sane
490 2052 554 2088 deo
577 2052 798 2097 supplicandi,
822 2057 861 2087 ut
883 2053 1063 2098 propitiari
1082 2065 1119 2087 se
1141 2053 1232 2087 sinat
1255 2059 1290 2087 et
1313 2052 1421 2087 nostri
1443 2053 1656 2093 misereatur,
1679 2049 1723 2084 iis

249 2103 446 2142 suggestum
469 2099 527 2144 qui
551 2100 722 2134 vindictae
745 2098 881 2133 divinae
903 2100 1013 2145 plagis
1043 2111 1131 2133 nunc
1159 2099 1302 2134 maxime
1325 2098 1594 2143 flagrantissimis
1616 2107 1721 2131 urun-

250 2146 319 2185 tur,
342 2144 424 2178 nihil
445 2145 551 2179 habet
573 2145 724 2180 mirabile
748 2157 790 2179 ac
806 2146 1009 2191 prudentiae
1031 2146 1183 2190 vulgaris
1204 2145 1336 2180 modum
1360 2145 1538 2179 excedens·
1583 2142 1723 2188 agnosci

250 2189 386 2234 quidem
409 2191 499 2224 sorte
527 2195 643 2236 posset
672 2191 799 2237 suspici
827 2191 963 2238 dignum
994 2191 1119 2237 aliquid
1152 2195 1187 2226 et
1219 2198 1320 2238 captu
1343 2191 1500 2236 superius
1521 2190 1666 2224 humano
1687 2187 1723 2222 in

251 2247 293 2269 eo
321 2235 379 2280 qui
403 2237 533 2271 consilii
556 2238 637 2272 talis
659 2237 854 2283 inopinatus
876 2243 995 2272 auctor
1018 2241 1203 2283 exurgeret
1223 2237 1258 2272 in
1282 2237 1390 2272 medio
1414 2235 1530 2282 populi
1551 2234 1662 2268 felicis
1686 2237 1724 2268 et

251 2282 384 2316 cunctis
414 2288 558 2317 naturae
588 2295 629 2318 ac
662 2285 819 2318 fortunae
851 2284 968 2326 bonis,
999 2285 1072 2319 sine
1102 2284 1172 2318 ulla
1203 2284 1307 2318 sortis
1340 2283 1505 2319 adversae
1527 2279 1724 2322 formidine,

252 2327 503 2371 florentissimi3
527 2330 660 2374 qualem
682 2331 874 2374 accepimus
896 2332 1012 2365 Ionam
1034 2331 1244 2376 prophetam,
1268 2343 1288 2364 e
1309 2328 1492 2372 longinquo
1515 2326 1559 2360 ad
1582 2325 1617 2359 id
1641 2337 1724 2371 pro-

251 2374 401 2415 fectum,
426 2374 506 2408 nihil
529 2377 636 2410 minus
659 2376 909 2420 suspicantibus
933 2384 968 2411 et
990 2377 1093 2410 beata
1116 2376 1213 2421 copia
1233 2386 1347 2410 rerum
1369 2372 1515 2408 omnium
1538 2383 1666 2407 summa
1688 2371 1724 2406 in

251 2430 338 2464 pace
361 2420 550 2454 fruentibus
573 2421 841 2455 denuntiatorem
863 2422 967 2456 cladis
989 2427 1175 2464 extremae,
1198 2433 1287 2466 quae
1307 2429 1408 2454 aures
1430 2418 1537 2456 solum
1560 2418 1634 2452 sine
1655 2417 1724 2452 ullo

252 2465 488 2511 experientiae
511 2478 611 2501 sensu
635 2467 839 2512 perculerit,
872 2479 948 2503 sese
969 2473 1111 2513 repente
1141 2466 1304 2501 obiecisse
1326 2464 1504 2500 Ninivitis.
1552 2464 1724 2498 enimvero

254 2513 284 2547 si
307 2512 384 2557 quis
406 2513 503 2546 nobis
525 2523 605 2546 vero
630 2513 830 2557 prophetiae
852 2513 973 2557 spiritu
996 2525 1034 2547 se
1060 2512 1173 2547 afflari
1196 2511 1344 2546 evidenti
1366 2510 1595 2556 experimento
1621 2510 1723 2544 fidem

254 2559 395 2601 faceret,
427 2569 499 2592 rem
527 2558 648 2604 utique
680 2559 901 2593 manifestans
934 2558 1076 2593 humano
1107 2558 1240 2602 ingenio
1273 2557 1551 2592 inscrutabilem:
1587 2567 1724 2591 cansam

253 2604 416 2639 videlicet
447 2603 582 2638 divinae
611 2604 646 2637 in
675 2615 737 2638 nos
760 2604 851 2647 irae,
885 2615 974 2649 quae
999 2616 1160 2639 summum
1183 2605 1345 2638 malorum
1369 2614 1431 2637 nos
1463 2602 1654 2648 urgentium
1686 2613 1726 2635 re

254 2662 336 2685 vera
359 2650 481 2685 malum
503 2653 574 2693 est,
611 2650 700 2684 hunc
730 2649 823 2684 iusta
855 2650 989 2696 quidem
1023 2650 1246 2695 admiratione
1268 2660 1570 2695 prosequeremur:
1603 2648 1666 2683 sed
1689 2651 1727 2682 et

251 2696 352 2731 simul
374 2707 437 2732 nos
457 2697 579 2732 beatos
602 2700 859 2742 reputaremus,
881 2707 1024 2742 quorum
1046 2696 1178 2731 scilicet
1198 2696 1235 2730 in
1257 2695 1401 2741 gratiam
1426 2707 1467 2730 ac
1488 2696 1636 2729 fructum
1658 2705 1724 2739 pe-

252 2743 429 2786 culiarem,
451 2754 517 2778 non
541 2746 653 2777 autem
676 2742 712 2776 in
736 2743 908 2789 propriam
940 2742 992 2776 sui
1013 2742 1231 2784 iactantiam,
1264 2741 1424 2776 eiusmodi
1460 2745 1553 2776 esset
1581 2752 1624 2774 ex
1655 2740 1725 2774 alto

252 2789 421 2835 inspirata
445 2789 676 2835 praedictione
698 2790 907 2834 perfunctus.
955 2788 1118 2824 abscondi
1146 2799 1228 2823 vero
1251 2788 1362 2834 ipsum
1385 2792 1420 2822 et
1443 2800 1485 2822 ex
1509 2788 1640 2822 occulto
1663 2797 1725 2819 vo-

254 2847 326 2870 cem
358 2836 517 2881 mittere,
548 2840 784 2883 praeterquam
815 2835 996 2880 indecens,
1029 2835 1130 2871 etiam
1158 2835 1254 2870 iuxta
1287 2833 1513 2870 testimonium
1534 2831 1726 2879 scripturae
