1820 3112
194 164 260 210 56
613 161 849 208 GEORGII
875 161 1228 206 PACHYMERIS

193 282 277 334 ρῶς
294 276 340 320 δ’
362 272 610 332 ὑπερηφάνει
629 277 696 318 καὶ
722 271 935 332 ὖπερεῶρα
961 278 1044 318 τῶν
1063 273 1371 331 πραττομένων.
1442 273 1579 330 ἀμέλει
1597 291 1663 318 τοι

144 332 174 384 C
198 349 265 389 καὶ
283 345 474 398 πέμψας,
511 348 586 387 τοῦ
608 343 809 396 βασιλέως
837 343 896 398 μὴ
919 342 1098 396 εἰδότος,
1134 350 1355 400 παρῃτεῖτο
1375 342 1482 387 κατὰ
1501 344 1661 400 Συρίαν

192 415 259 457 καὶ
285 413 397 470 ἄλλῳ
421 410 647 468 παρεχώρει
667 417 740 454 τοῦ
758 410 938 468 θρόνου·
975 412 1033 455 ἔτι
1053 412 1131 468 γὰρ
1157 410 1326 463 ἐσώζετο
1348 412 1423 465 μὲν
1444 413 1657 468 Τρίπολις,

193 478 360 532 ἐσώζετο
383 481 426 522 δὲ
453 479 478 535 ἦ
513 481 618 522 κατὰ
642 482 798 535 Συρίαν
825 483 1090 535 Πτολομα·ί·ς,
1129 485 1270 535 περιῆν
1299 481 1344 523 δὲ
1373 480 1567 536 Βηρυτὸς
1593 482 1661 523 καὶ

194 549 328 593 Σιδών
350 550 417 590 καὶ
443 547 579 604 Τύρος
599 551 665 591 καὶ
683 549 736 591 τὰ
757 547 940 606 παράλια
951 582 964 602 ,
1002 554 1076 603 τῆς
1092 549 1291 603 Ἰταλικῆς
1314 549 1445 606 ἀρχῆς
1464 564 1658 605 κραταιο-
1671 559 1694 595 5

194 618 314 674 τέρας
336 616 462 672 οὔσης
483 622 566 659 τῶν
594 615 830 661 Αἰθιόπων.
901 618 940 660 οἳ
968 619 1013 660 δὲ
1043 622 1116 672 τῆς
1137 619 1350 672 ἐκκλησίας
1368 619 1520 672 ἐκείνης
1543 615 1663 668 δεξά-

193 703 307 740 μενοι
337 686 411 740 τὴν
437 687 707 741 παραίτησιν,
753 690 868 743 κοινῇ
895 683 1029 745 ψήφῳ
1056 686 1127 729 τὸν
1151 684 1512 742 Ἀγιοσυμεωνίτην
1537 689 1664 728 καθι-

143 765 176 799 D
200 758 351 797 στῶσιν
375 754 605 808 Ἀρσένιον,
655 754 788 810 ἄνδρα
818 755 866 797 τὸ
890 752 1057 808 σύμπαν
1085 753 1309 810 ἆγιοπρεπῆ
1330 756 1397 797 καὶ
1419 751 1662 809 σεβάσμιον,

197 821 242 865 ὃν
263 822 314 877 δὴ
335 824 400 863 καὶ
421 822 521 871 τέως
550 823 624 875 μὲν
660 823 699 865 οἱ
723 823 909 866 ἐνταῦθα
942 821 1150 876 δεξάμενοι
1172 825 1236 866 ἐπὶ
1256 827 1338 866 τῶν
1358 823 1477 878 ἱερῶν
1499 819 1664 866 ἐκοινώ-

198 908 295 933 νουν
326 891 462 948 ἐκείνῳ
493 895 565 945 τῆς
583 889 748 946 μνήμης
773 889 999 946 διπτύχων,
1037 891 1208 946 ὕστερον
1229 892 1274 934 δὲ
1292 893 1426 934 αῖτιάν
1448 889 1602 946 σχόντα
1621 891 1664 934 ἔκ
1676 901 1720 935 10

199 957 340 1015 φήμης
368 957 547 1014 ἡκούσης
578 957 634 1008 ὥς
666 958 775 1003 οὕτω
802 960 967 1014 συμβὰν
994 964 1053 1018 τῷ
1075 961 1166 1016 ῥηγὶ
1185 965 1260 1015 τῆς
1272 959 1486 1016 Ἀρμενίας
1505 964 1579 1014 τῆς
1600 959 1666 1001 ἐπὶ

194 1031 246 1083 τῇ
266 1028 455 1087 ἐκκλησίᾳ
482 1026 721 1082 ἐκοινώνησε
749 1027 955 1080 στάσεως,
990 1030 1118 1083 μηδὲν
1147 1027 1434 1083 ἀναμείναντες
1449 1025 1667 1079 συνεξετά-

197 1098 273 1147 ζειν
289 1095 336 1138 τὸ
370 1095 533 1150 γεγονὸς
559 1095 731 1151 εὐχερῶς
754 1097 961 1152 ἐξαιροῦσι
984 1096 1178 1150 τοῦνομα.
1250 1098 1400 1140 ἐκείνου
1423 1098 1467 1139 δὲ
1493 1095 1597 1152 μηδ’
1623 1095 1667 1146 ἔς

145 1171 178 1204 Ε
201 1163 337 1219 βραχὺ
373 1165 678 1219 περιγενομένου
709 1165 826 1223 (ἴσως
855 1165 933 1220 γὰρ
968 1164 1018 1207 ἃν
1038 1167 1103 1207 καὶ
1133 1163 1297 1220 ἀπήντα
1317 1165 1420 1222 πρὸς
1439 1164 1514 1219 τὴν
1536 1181 1665 1219 κατη-

193 1233 360 1288 γορίαν,
398 1234 432 1274 εἷ
453 1231 612 1288 περιῆν)
638 1233 675 1275 οἱ
695 1233 890 1288 ἀρχιερεῖς
909 1232 1365 1290 ἀμφιγνωμονήσαντες,
1403 1233 1442 1276 οἱ
1462 1234 1538 1287 μὲν
1559 1232 1664 1275 κατὰ
1675 1241 1719 1278 15

193 1302 383 1343 Κιλικίαν
412 1300 484 1343 τὸν
515 1300 898 1356 Πομπηΐουπόλεως
925 1300 1173 1355 Διονύσιον,
1223 1302 1262 1345 οἳ
1290 1303 1336 1345 δὲ
1368 1301 1477 1358 ἀμφὶ
1508 1303 1666 1355 Συρίαν

197 1367 270 1410 τὸν
294 1367 434 1424 Τύρου
456 1366 667 1425 Κύριλλον
687 1375 920 1412 καθιστῶσι
933 1383 943 1394 ·
971 1372 1039 1412 καὶ
1058 1375 1132 1413 τοῦ
1150 1371 1376 1414 Διονυσίου
1394 1369 1668 1426 κραδαινομέ-

195 1454 269 1478 νου
294 1434 447 1493 φθάνει
470 1439 708 1492 προκριθεὶς
726 1437 828 1493 ὑπὲρ
852 1440 1000 1481 ἐκεῖνον
1021 1436 1042 1481 ὃ
1063 1436 1280 1494 Κύριλλος.
1351 1437 1424 1482 τὸν
1441 1442 1539 1494 γοῦν
1552 1437 1667 1480 Ἀλε-

198 1506 410 1558 ξανδρείας
440 1507 626 1548 ἐνταῦθα
653 1505 839 1560 παρόντα
875 1506 968 1549 οὔτ’
994 1506 1134 1550 ὠδύνα
1153 1508 1201 1550 τὸ
1219 1507 1276 1562 μὴ
1292 1514 1379 1558 τοῖς
1399 1506 1541 1557 ἄλλοις
1558 1523 1666 1560 συμ-

77 1587 106 1621 Ρ
131 1587 176 1623 34
198 1571 532 1628 μνημονεύεσθαι
567 1573 637 1631 (τὰ
665 1574 743 1629 γὰρ
775 1583 861 1624 τοῖς
889 1579 1054 1625 πολλοῖς
1082 1574 1372 1630 συμβεβηκότα
1393 1574 1442 1618 τὸ
1461 1573 1569 1618 καθ’
1589 1572 1721 1622 ati-20

195 1640 267 1683 τὸν
296 1641 479 1698 λυπηρὸν
507 1641 778 1700 ἀπέκρυπτεν)
805 1643 897 1686 οὔτε
922 1644 1005 1698 μὴν
1038 1644 1085 1687 τὸ
1110 1645 1332 1695 ἀξιοῦσθαι
1351 1643 1530 1700 μετέχειν
1547 1645 1667 1702 σφίσι

193 1805 232 1828 se
255 1793 392 1828 ferebat
412 1793 502 1828 haud
525 1794 591 1828 sibi
614 1794 766 1840 probari,
790 1795 850 1830 sed
873 1807 937 1831 nec
959 1796 1003 1830 ad
1030 1808 1068 1831 se
1090 1796 1275 1842 quidquam
1297 1796 1458 1832 arbitrari
1480 1796 1666 1843 pertinere,

194 1851 282 1884 quae
304 1839 439 1874 fierent.
486 1851 568 1884 ergo
600 1842 879 1885 aspernabundus
910 1846 946 1876 et
978 1843 1133 1888 speciose
1154 1854 1294 1877 securus
1318 1843 1546 1888 conscriptam
1567 1842 1669 1878 abdi-

192 1885 362 1919 cationem
385 1885 652 1930 patriarchatus,
675 1887 880 1932 imperatore
903 1888 1024 1931 inscio,
1046 1889 1250 1923 Antiochiae
1270 1889 1421 1934 reliquit:¹
1444 1889 1520 1935 ipse
1539 1888 1573 1923 in
1598 1889 1668 1933 Sy-

193 1931 278 1964 riam
302 1932 466 1975 migrans,
497 1931 557 1965 ubi
578 1932 775 1967 Latinorum
805 1933 840 1967 in
864 1939 1035 1978 potestate
1062 1935 1189 1969 multae
1209 1940 1281 1969 tum
1303 1935 1432 1978 adhuc,
1466 1939 1503 1970 et
1522 1945 1557 1968 m

194 1976 352 2011 civitates
375 1982 496 2020 erant,
524 1977 728 2020 Ptolemais,
762 1980 928 2023 Berytus,
951 1981 1078 2022 Sidon,
1102 1981 1239 2026 Tyrus,
1262 1992 1392 2026 oraque
1411 1981 1471 2016 illa
1498 1980 1669 2016 maritima

194 2021 375 2064 universa,
410 2023 446 2056 in
477 2034 546 2068 qua
568 2023 648 2058 Itali
679 2025 842 2059 adversus
871 2037 954 2071 opes
977 2027 1179 2071 Aethiopum
1213 2037 1309 2061 suum
1332 2027 1470 2072 egregie
1491 2025 1668 2071 imperium

195 2068 389 2101 tuebantur.
437 2069 547 2102 clerus
577 2080 678 2114 porro
709 2071 938 2106 Antiochenus
970 2072 1184 2106 abdicatione
1207 2071 1374 2118 Principis
1408 2077 1552 2118 accepta
1584 2083 1669 2107 con-

194 2112 355 2146 cordibus
377 2113 513 2148 calculis
536 2115 772 2159 patriarcham·
788 2117 922 2151 creavit
946 2117 1303 2162 Hagio—Symeonitem
1327 2118 1525 2168 Arseuium,
1556 2117 1669 2152 virum

194 2159 372 2202 praeclara
394 2160 634 2195 sanctimoniae
669 2163 785 2207 specie
817 2164 1060 2205 venerabilem,
1094 2175 1194 2209 quem
1216 2164 1332 2198 statim
1355 2163 1669 2208 Constantinopoli-

195 2202 268 2236 tani
299 2210 522 2246 agnoscentes
551 2205 586 2238 in
619 2208 880 2243 communionem
910 2209 1135 2251 admiserunt,
1172 2209 1391 2255 pronuntiato
1418 2206 1531 2264 palam
1553 2209 1627 2242 eius
1645 2219 1668 2242 ο

193 2247 367 2292 diptychis
402 2251 544 2284 nomine.
602 2254 813 2296 postmodum
844 2258 958 2289 tamen
990 2256 1080 2289 fama
1112 2266 1234 2300 sparsa
1265 2265 1528 2289 communicasse
1558 2253 1668 2298 ipsum

196 2304 273 2327 cum
296 2305 379 2338 rege
401 2296 582 2330 Armeniae
605 2298 648 2330 ab
673 2299 819 2333 ecclesia
842 2300 1004 2342 discisso,
1037 2301 1173 2335 minime
1194 2307 1328 2345 sumpto
1351 2300 1396 2334 ad
1417 2299 1667 2344 inquisitionem

195 2339 272 2373 veri
296 2339 408 2384 spatio
446 2341 570 2386 cupide
593 2342 777 2377 multarunt
799 2345 927 2380 honore
949 2347 1015 2380 isto
1049 2351 1084 2381 et
1115 2359 1136 2380 e
1161 2347 1270 2381 sacris
1293 2345 1420 2380 tabulis
1450 2345 1524 2378 eius
1548 2356 1667 2380 nomen

197 2389 442 2429 expunxerunt.
489 2387 636 2432 contigit
658 2392 770 2423 autem
794 2391 901 2434 ipsum
925 2393 987 2425 sub
1011 2392 1075 2426 hoc
1096 2397 1230 2436 tempus
1253 2403 1273 2425 e
1295 2390 1380 2424 vivis
1401 2389 1542 2432 cedere;
1566 2401 1666 2435 quem

197 2436 252 2464 est
275 2431 456 2473 credibile,
479 2431 509 2466 si
531 2433 586 2466 vel
609 2434 776 2468 modicum
798 2437 1043 2481 superfuisset,
1073 2437 1115 2471 ad
1139 2447 1275 2470 causam
1299 2435 1475 2470 dicendam
1498 2435 1668 2471 Constan-

197 2475 370 2521 tinopolim
411 2483 600 2513 venturum.
663 2484 835 2514 caeterum
876 2483 1046 2516 antistites
1077 2483 1120 2516 ad
1154 2482 1186 2516 ei
1213 2492 1443 2515 successorem
1475 2481 1668 2526 eligendum

195 2522 396 2567 congregati
421 2523 506 2557 duas
536 2524 570 2558 in
593 2525 779 2559 sententias
810 2526 908 2560 scissi
942 2533 1039 2561 sunt:
1073 2527 1197 2561 Cilices
1227 2527 1352 2580 quippe
1383 2527 1668 2572 Pompeiopolita-

194 2577 275 2601 num
299 2569 509 2613 Dionysium,
533 2570 616 2614 Syri
640 2582 720 2604 vero
746 2571 908 2617 Cyrillum
932 2572 1076 2615 Tyrium
1100 2573 1136 2606 in
1159 2574 1424 2617 patriarchatum
1447 2577 1667 2608 vocaverunt.

194 2612 286 2647 inter
307 2625 396 2660 quae
419 2615 629 2649 deliberante
653 2627 694 2650 ac
717 2617 908 2662 trepidante
932 2617 1096 2663 Dionysio
1127 2618 1391 2663 praeoccupavit
1413 2618 1570 2652 thronum
1593 2618 1668 2664 cy·
1701 2634 1704 2637 ·

195 2657 305 2703 rillus,
329 2665 366 2694 et
387 2659 422 2694 in
445 2672 486 2695 eo
511 2661 666 2695 firmatus
687 2663 890 2707 praevaluit.
936 2663 1040 2708 igitur
1065 2663 1323 2698 Alexandrinum
1346 2663 1400 2697 hic
1423 2663 1668 2699 Constantino-

195 2703 267 2748 poli
290 2705 467 2750 degentem
495 2707 586 2741 nullo
610 2707 788 2742 admodum
811 2708 935 2743 doloris
958 2709 1077 2743 affecit
1099 2720 1212 2749 sensu,
1228 2709 1318 2755 quod
1339 2709 1432 2743 inter
1453 2709 1669 2755 patriarchas

195 2759 263 2784 non
285 2751 491 2786 recitaretur
513 2763 634 2787 nomeu
657 2753 748 2788 eius:
780 2754 928 2789 societas
960 2756 1047 2790 enim
1070 2755 1104 2789 in
1126 2755 1205 2800 pari
1233 2761 1327 2790 sorte
1349 2755 1527 2789 multorum
1550 2756 1668 2802 priva-

195 2797 267 2830 tam
297 2796 406 2843 ipsius
437 2798 624 2834 molestiam
653 2799 802 2835 levabat.
847 2811 959 2847 neque
990 2813 1070 2847 spes
1099 2800 1150 2836 ini
1171 2801 1288 2836 oblata
1308 2801 1407 2836 istius
1431 2801 1568 2838 honoris
1589 2801 1668 2838 adi-
