1820 3112
176 130 274 178 246
597 123 834 170 GEORGII
869 123 1220 168 PACHYMERIS

177 243 457 300 ἰσχυρίζεσθαι
477 243 528 296 τῇ
548 239 592 282 ἐκ
610 242 684 294 τῆς
703 238 891 290 ἔξουσίας
911 235 1206 295 ὖπωπτευμένῃ
1225 237 1299 298 βίᾳ
1321 236 1540 283 καλύπτειν
1561 237 1650 284 οἷό-

176 325 323 369 μενος·
358 308 552 365 βασιλεὺς
589 306 633 350 δ’
666 307 861 363 ἐμφανῶς
894 306 1076 363 ἀντέλεγε
1103 308 1317 364 προτιθεὶς
1342 314 1428 358 τοῖς
1444 312 1570 352 πᾶσιν
1592 311 1649 358 εἷς

178 380 313 425 κοινὸν
343 377 443 428 τοὺς
471 374 640 433 λόγους,
678 375 755 430 τὴν
783 375 858 430 μὲν
879 372 1060 430 ἀνάγκην
1080 379 1155 430 τῆς
1182 376 1368 427 ἐξουσίας
1389 375 1431 419 ἓν
1450 376 1564 434 μέρει
1584 395 1648 421 τι-

174 451 266 499 θείς
277 482 290 502 ,
323 452 376 506 τῇ
396 447 442 490 δὲ
457 448 599 488 πειθοῖ
613 441 898 502 προσάγεσθαι
919 443 1056 487 θέλων
1077 445 1121 487 ἐκ
1141 446 1378 502 περιουσίας
1400 448 1556 500 πολλῆς
1574 446 1646 490 τὸν

175 514 392 562 ἀκούοντα.
1657 524 1680 559 5

124 595 151 628 Β
312 583 390 629 23.
464 585 603 624 Τοῦτο
625 583 692 624 καὶ
710 577 912 638 πρότερον
931 580 995 623 ἐπὶ
1016 580 1272 625 Ἀθανασίου
1295 585 1649 640 πατριαρχοῦντος

177 652 296 696 ἓποιέι
308 685 321 704 ,
357 652 426 694 καὶ
452 650 634 707 κεφαλὴν
653 649 782 706 ἄλλην
802 647 1038 693 σκανδάλου
1064 654 1207 707 σοφῶς
1227 650 1448 704 ἀπέκοπτε,
1485 652 1555 694 καὶ
1575 648 1650 695 λό-

171 738 258 779 γοις
283 721 348 763 ἐπὶ
379 723 515 764 κοινοῦ
549 723 753 774 λεχθεῖσιν
780 717 835 769 ὥς
865 735 969 762 τισιν
991 719 1170 778 ἐπῳδαῖς
1187 718 1235 763 τὸ
1257 718 1451 764 ἇνοιδοῢν
1469 717 1650 776 κατεμά-

171 796 316 833 λαττε·
352 792 487 846 σοφοῦ
516 788 594 844 γὰρ
626 789 773 845 ἰατροῦ
802 787 906 842 πρὸς
933 792 1112 842 τομῶντι
1140 785 1299 844 πήματι
1319 787 1451 843 τομὰς
1471 786 1646 846 ἐπάγειν,

125 869 154 902 C
177 858 282 916 πρὸς
312 856 357 901 δ’
388 851 441 900 αὗ
468 854 625 914 ὖφιέντι
643 861 717 912 τῆς
735 853 985 911 ἀνοιδήσεως
1007 856 1227 914 προσηνέσι
1250 855 1485 914 φαρμάκοις
1504 858 1548 901 ἐκ
1565 861 1649 902 τῶν
1661 865 1706 901 10

174 926 304 984 λόγων
335 925 620 973 καταστέλλειν
655 929 906 983 πειρᾶσθαι,
965 926 1032 968 καὶ
1060 926 1190 981 μηδὲν
1220 923 1381 969 διδόναι
1410 930 1462 983 τῇ
1496 924 1652 982 ἓκτήξει

174 994 372 1054 πάροδον.
443 994 585 1051 καιρὸς
613 995 659 1037 δὲ
691 991 910 1037 συνάπτειν
939 1000 1027 1044 τοῖς
1044 999 1223 1052 παροῦσι
1241 995 1308 1037 καὶ
1330 994 1377 1038 τό
1401 988 1527 1050 ἧττον
1546 995 1651 1052 3ny-

177 1068 244 1118 ζον
270 1064 340 1108 διὰ
359 1063 432 1119 τὴν
456 1067 532 1118 τῆς
551 1061 793 1113 ὑποθέσεως
808 1060 1076 1119 γειτνιότητα.
1146 1063 1329 1119 κεκίνητο
1352 1060 1473 1120 λόγος
1490 1067 1550 1124 τῷ
1568 1069 1651 1118 βα-

174 1137 281 1177 σιλεῖ
294 1135 382 1189 περὶ
401 1136 475 1175 τοῦ
496 1131 602 1175 κατὰ
619 1131 694 1188 τὴν
714 1134 950 1186 Βαβυλῶνα
970 1128 1164 1185 σουλτάν,
1201 1131 1532 1191 διευλαβουμένῳ
1551 1132 1652 1183 τέως

177 1202 289 1253 ὅπως
316 1203 372 1252 εἲς
403 1198 665 1258 ἀδελφότητα
694 1198 847 1258 γράφοι
874 1200 946 1244 τὸν
970 1199 1123 1258 ἐχθρὸν
1145 1204 1220 1244 τοῦ
1241 1205 1438 1257 σταυροῦ.
1510 1202 1579 1244 καὶ
1600 1200 1649 1244 τὸ
1661 1207 1705 1244 15

125 1281 157 1315 D
181 1274 349 1329 πρᾶγμα
385 1271 565 1320 ἐπιεικῶς
594 1273 678 1313 τῶν
712 1267 879 1313 ἀτόπων
908 1265 1062 1322 ἐδόκει,
1095 1270 1212 1312 εἶκαὶ
1234 1265 1416 1326 σύνηθες
1433 1264 1484 1326 ’ἦν
1512 1271 1556 1321 ἐξ
1573 1268 1651 1326 ἀρ-

172 1341 295 1396 χαίου
324 1345 411 1389 τοῖς
445 1338 623 1394 εὐσεβῶς
654 1335 956 1393 βασιλεύουσιν.
1028 1335 1114 1388 οἷος
1145 1333 1219 1382 οὖν
1250 1333 1301 1394 ἦν
1335 1338 1509 1392 ἐκεῖνος,
1548 1338 1651 1396 πρὸς

272 1450 324 1485 17.
350 1443 419 1493 ἦν]
447 1443 498 1484 ὧν
523 1447 561 1482 P.

178 1539 384 1575 minantibus
406 1539 625 1583 arrogantiae
646 1539 813 1582 iniustae,
836 1540 934 1575 minis
957 1551 998 1575 ac
1022 1540 1202 1587 supercilio
1225 1540 1430 1576 deterrentis
1451 1540 1607 1576 subditos
1628 1553 1651 1577 a

179 1587 289 1620 libera
310 1586 500 1631 prolatione
524 1586 691 1620 veritatis.
738 1586 906 1620 adversus
929 1586 1020 1632 quod
1043 1587 1218 1633 sapienter
1241 1586 1361 1632 utique
1378 1587 1570 1632 Augustus,
1593 1598 1652 1622 se-

178 1631 290 1677 posito
324 1631 494 1677 tantisper
525 1637 659 1666 terrore
689 1631 879 1666 maiestatis
911 1638 947 1666 et
979 1632 1076 1668 velut
1106 1632 1191 1667 solio
1218 1632 1448 1676 descendens,
1482 1644 1593 1679 aequo
1614 1633 1652 1668 in

179 1689 299 1722 campo
312 1702 322 1722 ,
360 1689 474 1712 merae
497 1676 639 1712 rationis
661 1677 764 1712 armis
786 1678 987 1712 calumniam
1010 1683 1087 1712 astu
1111 1683 1322 1723 grassantem
1344 1678 1552 1722 debellavit,
1575 1679 1651 1732 pri-

179 1729 283 1758 vatae
312 1723 520 1758 defensionis
553 1723 748 1769 eloquentia
778 1735 909 1758 omnem
939 1723 1129 1769 opinionem
1159 1724 1212 1758 sui
1244 1723 1418 1758 sinistram
1441 1725 1651 1767 audientium

179 1769 331 1804 eximens
363 1769 505 1811 animis,
538 1774 574 1804 et
606 1770 762 1804 damnum
785 1770 885 1815 plene
910 1770 1103 1805 resarciens
1135 1770 1380 1816 qualecumque
1402 1769 1568 1806 maledica
1590 1770 1650 1806 illa

179 1815 322 1862 scriptio
345 1816 456 1851 famae
477 1826 560 1849 suae
580 1814 734 1850 intulisse
765 1815 942 1860 potuisset.

271 1862 329 1897 23.
375 1861 455 1896 Tali
479 1860 618 1895 consilio
641 1873 708 1896 non
730 1873 819 1896 nunc
841 1861 985 1907 primum
1006 1861 1194 1907 imperator
1218 1873 1299 1896 usus
1322 1865 1387 1898 est.
1433 1860 1531 1907 prius
1549 1860 1649 1903 enim,

181 1908 450 1954 patriarchatum
475 1912 618 1952 gerente
641 1908 824 1942 Athanasio
839 1934 848 1949 ‚
881 1908 972 1942 aliud
1002 1908 1159 1943 similiter
1190 1908 1348 1943 exoriens
1373 1911 1476 1954 caput
1498 1907 1652 1942 scandali

181 1953 255 1998 pari
279 1954 447 1999 sapientia
470 1953 648 1988 districtae
670 1954 706 1989 in
730 1957 882 1999 tempore
904 1954 1063 1988 dictionis
1086 1954 1291 1999 amputavit,
1323 1955 1478 1989 oratione
1500 1953 1545 1988 ad
1568 1965 1653 1988 cou-

183 2004 320 2033 ventum
343 2000 529 2045 prudenter
551 1999 690 2043 habita,
714 2011 783 2046 qua
805 2000 899 2034 velut
921 2000 1068 2047 maligne
1087 2007 1277 2035 tumescens
1300 2000 1396 2045 aegri
1421 1999 1573 2045 corporis
1595 2003 1661 2033 tn-.

185 2045 249 2078 ber
271 2045 397 2080 blanda
420 2045 660 2081 excantatione
681 2045 927 2092 praemunivit,
959 2057 1002 2080 ne
1033 2057 1128 2081 mora
1159 2050 1195 2081 et
1229 2047 1387 2092 neglectu
1409 2045 1653 2080 inflammatum

184 2090 221 2124 in
243 2090 339 2125 ulcus
364 2091 586 2137 perniciosum
609 2096 811 2138 erumperet.
858 2092 963 2138 periti
998 2093 1127 2139 quippe
1149 2093 1272 2127 medici
1295 2097 1368 2136 est,
1401 2092 1452 2126 uti
1475 2102 1496 2126 a
1518 2091 1654 2126 saevius

184 2141 363 2170 aestuante
385 2138 596 2184 rigidiusque
619 2139 771 2173 distenta
796 2139 922 2174 ferrum
947 2150 988 2173 ac
1011 2139 1194 2174 sectionem
1217 2151 1282 2174 non
1306 2138 1480 2174 abstinere
1509 2136 1652 2179 vomica,

183 2181 254 2223 ita,
290 2182 349 2216 ubi
376 2183 472 2217 dolor
509 2185 667 2219 remissus
699 2184 911 2231 duritiesque
934 2188 1065 2219 tumore
1086 2187 1203 2220 laxato
1227 2185 1463 2220 remollescens
1482 2193 1577 2236 spem
1599 2182 1654 2217 fe—

183 2227 296 2262 cerint
317 2239 382 2262 non
404 2229 568 2264 inutiliter
590 2231 774 2266 tentandae
795 2231 979 2266 curationis
999 2231 1206 2274 blandioris,
1227 2231 1405 2275 indulgere
1426 2228 1654 2263 medicamen-

183 2273 231 2307 tis
254 2274 437 2309 lenioribus
460 2281 706 2320 unguentorum
729 2288 771 2311 ac
794 2278 1092 2323 cataplasmatum,
1126 2288 1271 2323 quorum
1293 2287 1359 2322 ope
1381 2274 1527 2319 benigna
1547 2284 1652 2318 prae-

185 2323 344 2354 vertatur
377 2320 452 2354 dira
484 2323 671 2357 necessitas
704 2323 880 2369 rumpendi
908 2323 1036 2358 exitum
1069 2324 1203 2358 ustione
1236 2334 1278 2357 ac
1309 2326 1451 2355 cruenta
1479 2318 1653 2364 chirurgia

185 2366 278 2400 intus
310 2365 482 2407 bullienti,
514 2371 550 2401 et
581 2368 648 2403 nisi
681 2370 774 2403 foras
803 2370 1026 2412 extrahatur,
1061 2370 1246 2404 membrum
1277 2370 1500 2412 corrupturae
1533 2365 1651 2400 saniei.

182 2410 298 2456 placet
321 2411 412 2445 istud
434 2424 571 2458 quoque
594 2426 615 2449 a
638 2418 753 2449 nostro
775 2417 858 2448 tunc
880 2415 1007 2449 editum
1038 2415 1191 2460 principe
1218 2412 1382 2460 providae
1413 2411 1653 2447 moderationis

183 2456 373 2503 exemplum
395 2469 415 2491 e
438 2460 681 2504 praetermissa
703 2460 863 2495 memoria
885 2460 1021 2495 decursi
1042 2460 1212 2495 narrando
1234 2463 1328 2493 retro
1351 2456 1516 2502 temporis
1538 2461 1650 2492 retra-

185 2506 282 2537 ctum·
300 2502 354 2537 hic
377 2515 523 2548 ponere,
558 2505 589 2539 si
620 2507 728 2541 minus
751 2506 868 2541 ordine
890 2511 1063 2550 gestarum
1093 2517 1206 2540 rerum
1230 2505 1275 2540 ad
1297 2504 1387 2538 hunc
1412 2501 1575 2537 historiae
1597 2502 1650 2537 lo-

185 2560 261 2583 cum
283 2548 475 2594 pertinens,
497 2562 622 2594 genere
646 2555 759 2587 tamen
781 2556 818 2586 et
840 2551 1052 2586 similitudine
1074 2551 1264 2596 argumenti
1286 2561 1353 2584 non
1377 2558 1517 2594 prorsus
1541 2549 1584 2583 ab
1607 2559 1650 2583 eo

184 2594 341 2629 alienum.
389 2606 462 2629 cum
484 2595 656 2632 incidisset
678 2597 877 2644 imperatori
901 2608 943 2632 ex
965 2608 1029 2631 usu
1050 2597 1222 2642 praesenti
1245 2595 1433 2630 necessitas
1451 2593 1556 2628 dandi
1571 2594 1652 2629 lite-

184 2651 244 2674 ras
278 2640 322 2674 ad
354 2640 528 2676 Sultanem
563 2643 766 2687 Babylonis,
811 2643 880 2678 etsi
911 2642 1072 2688 exigebat
1101 2643 1242 2689 antiquo
1273 2653 1385 2682 more,
1421 2641 1652 2684 Augustorum

187 2686 483 2730 praecedentium,
517 2687 619 2722 etiam
643 2689 968 2734 religiosissimorum
981 2714 993 2731 ‚
1025 2689 1188 2735 exemplis
1210 2688 1373 2734 probato,
1406 2685 1556 2730 vulgaris
1577 2685 1652 2732 epi-

188 2731 349 2767 stolarum
383 2733 571 2768 istiusmodi
602 2735 749 2770 formula
780 2740 820 2770 ut
853 2736 970 2771 fratris
1000 2734 1118 2769 titulus
1150 2734 1186 2769 in
1214 2733 1434 2780 inscriptione
1458 2737 1650 2777 poneretur,

184 2782 296 2812 tamen
329 2789 403 2814 eum
431 2789 493 2814 sua
516 2780 697 2825 peculiaris
722 2782 887 2827 quaedam
914 2780 1158 2827 delicatiorque
1182 2779 1299 2826 religio
1323 2777 1593 2815 cunctabundum
1614 2777 1650 2812 in
