1858 3126
268 130 365 177 554
507 168 510 171 Α
683 133 916 177 GEORGII
948 135 1294 182 PACHYMERIS

270 239 553 297 δραμούμενος
584 249 864 299 συναχθεισῶν
894 251 977 290 τῶν
1004 245 1237 302 δυνάμεων,
1273 247 1411 294 ἔπειτα
1434 251 1477 294 ἓν
1506 253 1613 307 τρισὶ
1641 253 1711 296 καὶ

270 313 366 354 δέκα
385 313 502 354 ναυσὶ
527 315 568 354 Γ
564 317 769 363 εννουί”τας
791 316 835 356 ἐκ
858 320 937 358 τῶν
956 318 1114 369 Λαζῶν
1128 315 1467 374 ὑποστρέψαντας
1488 327 1711 374 συμμαχεῖν

269 380 455 434 ἐπεχείρει
475 381 641 424 πείθειν.
688 382 792 424 ἀλλὰ
812 388 1007 426 τοσοῦτον
1026 389 1108 427 τῶν
1124 384 1416 440 βουλευμάτων
1432 385 1590 440 ἐδέησεν
1607 387 1711 431 ὥστε.

268 448 335 490 καὶ
367 449 410 498 ἐξ
438 447 575 490 αὐτῶν
605 447 678 492 δύο
705 456 805 501 ναῦς
833 451 906 501 τὰς
935 454 1154 503 καλλίστας
1181 454 1392 497 ἐκπλεῦσαι
1413 451 1592 509 ἆγοῦσας
1608 455 1711 511 πρὸς

263 515 429 558 Ἰταλῶν
447 515 533 571 ἤθη
553 520 618 559 καὶ
637 519 929 575 Μπυριγὲριον.
1000 521 1039 563 οἶ
1063 520 1108 563 δ’
1131 523 1173 564 ἐν
1193 528 1283 572 ταῖς
1302 526 1459 572 λοιπαῖς
1477 525 1516 564 Γ
1512 514 1738 569 εννουῗωιό

216 588 246 622 Β
270 583 317 626 τὸ
339 585 555 640 ἐμπορικὸν
574 585 855 641 προϊσχόμενοι
877 588 1060 642 ἀπαίρειν
1079 591 1146 632 καὶ
1168 589 1283 632 αὐτοὶ
1305 587 1582 645 ἡτοιμάζοντο.
1633 587 1716 645 fui-2

267 656 328 701 λις
348 650 548 702 ἀξιώσεως
563 652 684 710 χάριν
701 655 925 711 ἐκλέγονται
958 655 1031 699 δύο
1043 689 1056 709 ,
1093 662 1251 711 μισθοῦ
1272 656 1533 712 νομισμάτων
1551 656 1713 708 ἑξακισ-

264 721 428 775 χιλίων,
463 721 567 775 πλὴν
597 723 659 765 ἐπὶ
689 723 848 779 ῥητοῖς,
896 722 998 767 ὥστε
1026 722 1106 781 ὑφ’
1138 724 1245 785 ὅρκῳ
1283 727 1439 784 βεβαίῳ
1470 723 1544 768 δύο
1579 730 1713 781 μῆνας

267 788 527 831 ἕκδουλεῦσαι
552 795 610 848 τῷ
635 795 815 844 βασιλεῖ,
855 791 1194 847 συμπράττοντας
1221 800 1305 844 τοῖς
1333 800 1487 844 λοιποῖς
1506 795 1573 836 καὶ
1591 797 1712 837 πολε-

266 861 446 911 μοῦντας
472 858 514 907 ἐς
545 857 655 901 ἅπαν
684 857 740 909 ῶς
772 861 937 914 ε’χθροῒς
963 861 1163 913 βασιλέως
1194 879 1236 905 τε
1267 863 1334 904 καὶ
1363 865 1437 904 τοῦ
1466 865 1711 918 περιφανοῦς
1723 869 1767 904 10

267 929 385 982 σφῶν
413 927 634 983 ξυνεδρίου.
704 928 742 970 οἱ
769 928 813 970 δ’
843 930 884 970 ἓν
915 936 1002 978 ταῖς
1032 929 1249 979 ἔπιλοίποις
1268 929 1378 972 ἐννέα
1398 927 1630 985 ὡμολόγουν
1653 932 1712 988 τῷ

216 1002 246 1036 C
267 997 430 1048 βασιλεῖ
451 995 519 1036 καὶ
548 995 662 1038 αὐτοὶ
690 996 896 1050 ἐπιστῆναι
921 994 1100 1052 δωρεάν,
1139 999 1204 1040 καὶ
1223 998 1294 1054 ἐφ’
1315 996 1482 1054 ἡμέραις
1503 1013 1714 1052 προσκαρ-

265 1059 507 1118 τερήσαντες
539 1060 643 1106 κατά
676 1081 765 1106 τινα
795 1069 876 1106 τῶν
900 1066 1062 1119 ἐχθρῶν
1089 1067 1238 1108 δειλίαν
1256 1068 1405 1121 πρᾶξαι
1425 1067 1490 1107 καὶ
1508 1063 1610 1120 ὖπέρ
1629 1069 1711 1108 τῶν
1778 1103 1780 1105 .

262 1128 495 1184 Ῥωμαϊκῶν
518 1130 764 1187 πραγμάτων
787 1130 1063 1187 πειριὶσασθαι
1075 1165 1088 1185 ,
1116 1133 1336 1176 κάντεῦθεν
1362 1132 1582 1188 ἀναχωρεῖν
1593 1164 1607 1184 ,
1635 1129 1711 1174 κᾶν

269 1197 445 1241 εὖοδοΐεν
477 1198 552 1241 κᾶν
584 1197 656 1254 μή.
727 1205 857 1243 ταῦτα
886 1198 1209 1257 διαπραξάμενος
1234 1198 1445 1255 βασιλεύς,
1480 1204 1567 1250 πῶς
1589 1198 1640 1243 ἂν
1660 1199 1709 1244 τὸ
1721 1206 1764 1243 15

267 1267 454 1309 ε’ντεῦθεν
471 1272 552 1310 τῶν
573 1269 734 1325 ἐχθρῶν
753 1268 1023 1325 περιγένηται,
1057 1267 1350 1324 βουλευόμενος
1368 1265 1577 1311 amandun.

123 1363 153 1398 P
177 1364 244 1400 385
406 1359 484 1403 33.
558 1358 618 1401 Οὔ
647 1359 727 1414 μὴν
756 1360 800 1402 δὲ
821 1361 887 1402 καὶ
918 1360 956 1401 οἱ
985 1359 1064 1402 ἀνὰ
1087 1359 1162 1415 τὴν
1175 1359 1388 1414 Ἀδριανοῦ
1407 1356 1712 1414 ἐγκεκλεισμένοι

264 1424 492 1469 Κατελάνοι
504 1458 518 1478 ,
554 1428 644 1482 περὶ
671 1425 863 1481 ἑξήκοντα
891 1427 1022 1479 ὄντες,
1059 1428 1103 1470 οἳ
1116 1429 1181 1470 καὶ
1200 1432 1272 1470 τοῦ
1295 1428 1508 1483 Καίσαρος
1530 1424 1712 1468 ἐκποδῶν

264 1491 471 1550 γεγονότος
489 1493 623 1536 ἔπειτα
642 1494 776 1551 ὅρκοις
797 1495 1173 1551 δουλαγωγηθίντες
1191 1495 1591 1551 ε’γκατεκλείσθησαν,
1614 1491 1710 1536 οὔδ’

265 1657 350 1692 quas
373 1647 493 1681 breves
514 1647 587 1682 fore
609 1647 812 1691 minaretur,
847 1648 1020 1682 affirmans
1050 1658 1088 1682 se
1119 1647 1234 1683 statim
1264 1650 1367 1693 atque
1389 1646 1629 1691 congregasset
1650 1654 1711 1679 co-

265 1692 360 1738 pias,
383 1692 418 1726 in
441 1693 515 1727 illos
538 1693 692 1728 infestum
715 1694 936 1730 incursurum.
971 1699 1049 1739 post
1072 1694 1155 1728 haec
1176 1704 1327 1727 reversos
1349 1704 1368 1726 e
1391 1692 1491 1726 Lazis
1512 1693 1710 1724 Geuueusea

267 1750 342 1772 cum
375 1739 514 1773 navibus
542 1739 704 1773 tredecim
726 1739 768 1774 ad
792 1751 958 1774 armorum
988 1750 1100 1773 secum
1122 1738 1315 1773 societatem
1336 1737 1513 1772 ineundam
1537 1740 1591 1770 est
1610 1733 1711 1782 pelli-

268 1795 346 1818 cere
379 1790 529 1819 conatus.
575 1785 635 1819 sed
666 1790 796 1819 tantum
827 1785 937 1819 abfuit
957 1788 997 1818 ut
1017 1785 1051 1818 id
1075 1784 1107 1819 ei
1130 1783 1302 1818 consilium
1333 1783 1530 1816 succederet
1551 1791 1593 1814 ex
1615 1782 1710 1822 voto,

267 1833 306 1864 ut
329 1830 414 1864 duas
435 1830 590 1865 continuo
613 1842 717 1865 naves
739 1830 880 1864 omnium
902 1831 1045 1876 optimas
1066 1829 1194 1864 viderit
1216 1828 1367 1875 expediri
1387 1829 1431 1862 ab
1453 1827 1497 1861 iis
1514 1827 1548 1860 in
1563 1825 1711 1867 Italiam,

266 1879 499 1921 reportaturus
531 1876 610 1910 illuc
639 1876 883 1922 Mpyrigerium
913 1876 957 1910 ad
979 1876 1077 1910 sedes
1097 1875 1255 1921 ipsorum.
1299 1874 1358 1919 qui
1379 1876 1490 1907 autem
1511 1873 1711 1917 supereraut

267 1921 302 1955 in
326 1922 401 1955 aliis
423 1921 564 1956 navibus
586 1923 804 1964 Genuenses,
838 1922 882 1956 ad
904 1921 1097 1956 solvendum
1123 1926 1159 1955 et
1180 1920 1244 1966 ipsi
1267 1919 1566 1964 comparabantur,
1590 1917 1711 1950 obten-

267 1966 387 2000 dentes
410 1967 457 2001 ita
479 1968 533 2001 sui
555 1967 758 2002 mercimonii
778 1967 926 2001 rationes
949 1978 1100 2013 poscere.
1139 1977 1241 2010 aegre
1263 1965 1397 1999 tandem
1419 1963 1532 1999 multis
1554 1961 1711 2007 precibus

266 2011 301 2045 in
326 2024 444 2056 magna
468 2018 564 2059 parte
586 2013 716 2057 gratiae
739 2013 954 2059 impetratum
978 2018 1050 2056 est,
1073 2017 1110 2046 ut
1132 2012 1218 2046 duae
1241 2022 1344 2045 naves
1366 2008 1562 2055 imperatori
1583 2006 1711 2041 milita-

268 2060 367 2091 turae
388 2063 649 2102 segregarentur
673 2072 691 2093 e
715 2059 823 2093 classe
846 2059 994 2104 reliqua,
1020 2058 1173 2093 mercede
1194 2062 1296 2103 pacta
1319 2066 1378 2090 sex
1400 2053 1538 2090 millium
1561 2063 1712 2105 nummo-j

268 2113 363 2143 rum,
394 2102 496 2149 idque
527 2106 589 2139 sub
615 2105 801 2139 conditione
825 2104 951 2139 diserte
972 2104 1133 2149 stipulata
1156 2108 1191 2137 et
1212 2101 1424 2136 iureiurando
1444 2096 1711 2151 inviolabili-fir·

268 2153 378 2189 mata,
400 2148 487 2183 haud
511 2150 600 2184 ultra
623 2162 753 2184 menses
775 2151 858 2184 duos
879 2150 956 2185 illas
977 2148 1175 2195 imperatori
1198 2148 1404 2187 servituras,
1435 2145 1495 2179 sed
1517 2144 1584 2178 isto
1605 2143 1710 2176 bime-

268 2192 333 2227 stri
355 2193 528 2228 dumtaxat
550 2196 660 2241 spatio
682 2196 918 2241 imperatoriae
939 2196 1022 2230 istas
1044 2194 1269 2229 accensendas
1291 2191 1407 2234 classi,
1437 2189 1652 2232 navigaturus
1673 2188 1710 2220 ot

268 2237 356 2271 citra
389 2240 617 2285 exceptionem
651 2247 857 2286 pugnaturas
887 2242 986 2275 ullam
1019 2240 1179 2275 adversus
1212 2238 1395 2273 catelanos
1426 2241 1461 2269 et
1481 2231 1710 2276 Amogabaros

269 2283 320 2317 uti
343 2284 456 2318 hostes
489 2286 700 2330 imperatoris
723 2291 758 2320 et
781 2287 982 2332 perillustris
1013 2289 1148 2320 senatus
1175 2285 1336 2330 ipsorum.
1378 2280 1515 2315 aliorum
1541 2287 1628 2330 quae
1650 2286 1710 2330 au-

270 2335 430 2374 pererant
452 2342 569 2366 novem
591 2332 722 2365 navium
746 2337 903 2366 vectores
937 2331 1073 2377 polliciti
1101 2334 1178 2364 sunt
1201 2327 1413 2379 substitutos·
1427 2335 1464 2359 se
1487 2323 1531 2357 ad
1553 2322 1624 2375 dues
1647 2321 1709 2354 all-

270 2378 355 2419 quot
388 2376 516 2418 gratis,
551 2381 586 2410 et
617 2377 659 2410 ad
690 2383 853 2410 terrorem
884 2377 1035 2411 hostibus
1064 2374 1290 2410 incutiendum
1323 2381 1467 2416 speclem
1495 2367 1711 2412 praeb1turos
1738 2399 1743 2402 ,

269 2419 368 2464 quasi
390 2420 599 2456 militantium
623 2422 784 2465 auspiciis
804 2421 968 2465 Augusti,
1002 2421 1084 2466 quin
1105 2425 1140 2454 et
1163 2419 1193 2452 si
1215 2430 1254 2452 se
1274 2416 1407 2450 interim
1430 2413 1543 2466 aliqua
1567 2412 1711 2466 offerret

271 2466 405 2500 occasio
429 2467 479 2500 rei
500 2467 584 2500 bene
606 2467 795 2510 gerendae,
827 2468 1009 2500 collaturos
1041 2478 1103 2511 pro
1133 2463 1221 2498 virili
1250 2471 1386 2506 operam
1418 2458 1617 2511 adiuvanda
1637 2457 1711 2510 Rq-

271 2511 400 2554 manis‚
430 2511 524 2546 salva
553 2523 685 2557 semper
716 2511 849 2555 integra
877 2511 1036 2544 libertate
1062 2509 1195 2555 quando
1216 2507 1341 2559 vellent
1361 2503 1526 2546 abeundi,
1555 2514 1626 2537 sive
1648 2501 1711 2535 ah·

270 2556 352 2602 quid
374 2557 528 2591 effectum
549 2557 613 2591 iam
637 2562 728 2590 esset
750 2556 822 2590 sive
843 2567 920 2591 nou.
966 2556 1017 2589 his
1040 2555 1090 2589 sic
1109 2552 1292 2588 transactis
1314 2554 1498 2596 imperator
1518 2552 1612 2583 totus
1634 2549 1710 2582 erat

272 2600 307 2637 iu
327 2602 542 2650 disquirenda
562 2601 693 2637 ratione
714 2601 878 2637 victoriae
900 2600 945 2634 de
965 2600 1118 2635 hostibus
1139 2596 1375 2644 reportandae.

363 2673 422 2707 33.
466 2671 559 2706 Inter
588 2670 674 2705 baec
695 2681 738 2703 ne
763 2668 831 2714 ipsi
857 2668 991 2713 quidem
1020 2666 1177 2702 custoditi
1198 2663 1415 2709 Adrianopoli
1437 2660 1591 2696 Catelaui
1613 2658 1711 2695 circi·-

272 2721 329 2752 ter
351 2717 544 2762 sexaginta,
578 2727 662 2762 quos
683 2715 863 2750 interfecto
887 2713 1037 2748 Caesare
1068 2711 1271 2747 deditionem
1293 2710 1364 2744 vita
1384 2708 1478 2743 salva
1497 2704 1712 2760 iureiurando

272 2768 391 2808 pactos
412 2763 484 2798 illic
504 2773 642 2798 carcere
664 2760 815 2796 conditos
835 2759 1001 2802 diximus,
1032 2762 1094 2794 aut
1122 2767 1264 2804 prorsus
1283 2755 1482 2801 ignorarunt
1502 2752 1584 2798 quid
1604 2761 1712 2797 impe-
