1858 3126
280 129 377 179 570
703 129 936 172 GEORGII
968 130 1312 176 PACHYMERIS

279 240 372 283 ἀλλ’
403 237 512 292 ὅμως
529 239 609 294 χρὴ
633 240 700 281 καὶ
722 240 1056 295 προαναστέλλειν
1089 241 1298 298 λέγοντας·
1333 242 1440 288 οὕτω
1457 244 1535 300 γὰρ
1555 247 1620 288 καὶ
1641 245 1716 299 τὴν

277 313 350 350 τοῦ
382 308 552 356 ἐσαῦθις
583 312 793 363 λελεῖφθαι
820 306 917 363 ἡμῖν
945 307 1063 365 λόγον
1092 309 1329 366 συγγνώμης
1348 311 1460 365 παρὰ
1476 319 1559 362 τοῖς
1577 313 1628 355 τὰ
1651 314 1715 355 δι’-

276 393 370 417 καια
396 376 574 430 κρίνουσι
603 374 725 425 δόξαν
758 375 1025 430 &nomana-23²
1053 377 1128 430 ἄν,
1163 381 1230 420 καὶ
1259 379 1477 434 προσέσται
1494 379 1542 422 τὸ
1560 381 1713 423 δίκαιον

276 438 422 495 αὖθις,
457 443 530 492 τὰς
557 445 670 492 δίκας
697 442 940 497 λαμβάνειν,
973 443 1087 497 ὑμῶν
1105 443 1299 489 διδόντων
1317 448 1383 488 καὶ
1402 443 1604 498 ἀκόντων,
1639 446 1713 491 σὺν

275 508 413 563 ἀρήξει
443 513 537 569 θείᾳ
563 511 916 566 προαιρουμένοις,
955 513 1109 567 ἐπείπερ
1130 513 1264 567 ἄρχειν
1283 519 1355 568 τῆς
1372 512 1506 569 μάχης
1523 512 1570 556 οὗ
1591 526 1745 562 κατα-5

274 586 410 621 κνεΐτε.
481 581 545 621 δεῖ
556 579 631 633 γὰρ
649 579 722 633 τὴν
742 584 814 621 τοῦ
832 583 1130 634 παρασπονδεῖν
1150 581 1314 635 δόκησιν
1331 583 1371 631 ἐς
1387 581 1496 624 ἅπαν
1514 581 1713 625 ἐκκλίνειν.

223 652 255 686 D
280 645 301 689 ὅ
321 646 398 701 γὰρ
421 648 482 688 ἐπὶ
501 645 709 696 τοσούτοις
728 649 870 696 δεινοῖς
887 647 959 701 τὴν
979 647 1106 702 ἀρχὴν
1127 649 1167 698 ἐς
1183 649 1380 703 εἰρηνικὰς
1398 646 1631 701 ἀξιούμενος
1649 649 1716 691 καὶ

273 714 330 768 μὴ
361 714 517 765 θέλων,
549 715 694 763 ἐκεῖνος
720 717 785 756 καὶ
806 715 877 768 τὴν
900 720 972 757 τοῦ
994 719 1293 770 παρασπονδεῖν
1313 716 1385 771 τὴν
1405 716 1530 771 ἀρχὴν
1552 714 1716 771 δόκησιν

275 784 438 831 δικαίως
465 781 514 823 ἂν
547 782 799 837 ἀπενίγκαιτ“
834 782 898 825 ιῖίν.
966 790 1049 832 τοῖς
1075 784 1151 839 γὰρ
1183 785 1338 827 ε’πιοῧσι
1366 784 1413 827 τό
1444 788 1628 838 πρῶτον,
1664 782 1713 826 οὔ

275 857 362 898 τοῖς
391 850 656 904 ἀμυνομένοις
686 850 732 892 τὸ
761 850 908 900 ἄδοξον
936 856 1058 893 τοῦτο
1087 850 1305 907 πρόσρημα
1327 850 1629 906 περιστήσεται,
1663 849 1713 904 ἥν
1725 861 1769 896 10

277 915 357 960 πού
388 935 447 967 τις
476 918 624 960 ἀδικῶν
653 917 728 966 τὰς
754 917 965 973 συνθήκας
982 919 1055 974 τὴν
1073 918 1228 972 ἄμυναν
1251 923 1531 974 προσκαλοῖτο.
1601 920 1714 960 δυοῖν

280 981 350 1028 οὗν
372 984 538 1028 ἑλέσθαι
557 984 734 1040 θάτερον
755 986 968 1041 ἀναγκαῖον
987 987 1083 1036 ἴσως
1102 990 1166 1029 καὶ
1189 987 1262 1029 οὐκ
1281 987 1359 1029 ἀπὸ
1379 991 1451 1029 τοῦ
1471 990 1528 1044 τῷ
1546 983 1715 1040 παρόντι

278 1059 404 1112 καιρῷ
427 1054 668 1108 πρέποντος,
703 1052 728 1108 ἢ
751 1051 884 1096 πάντα
903 1053 1106 1107 λαβόντας
1129 1055 1228 1110 πρὸς
1246 1054 1298 1097 τὰ
1315 1053 1487 1108 ὑμέτερα
1507 1051 1713 1106 ἐπανήκειν

277 1121 389 1178 ἤθη,
419 1121 442 1176 ἢ
465 1120 590 1164 πάντ’
613 1121 778 1175 ἔχοντας
793 1120 887 1177 ἡμῖν
908 1126 1183 1178 προσφοιτᾶν,
1213 1120 1266 1172 ὥς
1285 1123 1346 1164 ἐπὶ
1363 1127 1530 1177 μισθοῖς
1549 1122 1615 1163 καὶ
1637 1114 1714 1163 αὖ·

363 1241 397 1276 2.
419 1238 628 1287 §haeream
650 1241 689 1276 Ρ.
825 1242 858 1276 6.
887 1241 964 1277 δεῖν
985 1241 1025 1276 Ρ.

275 1341 410 1384 sistitis,
433 1342 634 1388 praecipitet
656 1342 820 1385 audacia,
843 1342 911 1377 cito
934 1341 1098 1377 sentietis.
1144 1341 1291 1376 ultimum
1308 1341 1382 1384 hoc,
1403 1345 1443 1376 ut
1457 1341 1596 1376 exitium
1611 1351 1714 1386 prae-

273 1394 483 1422 vertet-emus
505 1394 671 1430 vestrum,
706 1388 800 1422 vobis
823 1387 852 1422 si
875 1392 989 1434 posset
1012 1388 1085 1422 fieri
1108 1388 1151 1422 ad
1174 1390 1304 1431 frugem
1327 1388 1543 1430 revocandis,
1567 1386 1714 1431 experiri

274 1434 432 1467 monitum
455 1433 593 1478 placuit.
640 1434 728 1478 quod
751 1435 858 1478 ipsum
882 1435 1002 1479 pignus
1021 1435 1177 1467 habetote
1194 1437 1335 1467 nondum
1357 1445 1494 1478 prorsus
1516 1432 1646 1476 obsepti
1668 1431 1714 1465 ad

275 1484 422 1512 nostram
453 1479 596 1522 gratiam
626 1479 774 1520 reditus,
807 1479 836 1512 si
870 1491 940 1512 eam
973 1479 1025 1512 vel
1057 1491 1134 1512 sera
1165 1478 1344 1520 promereri
1367 1478 1570 1523 poenitentia
1591 1477 1713 1511 velitis.

274 1522 310 1556 in
337 1535 403 1567 quo
428 1524 568 1568 potestis
590 1535 774 1568 agnoscere
796 1524 952 1569 reliquias
985 1536 1079 1558 meae
1103 1524 1226 1558 veteris
1250 1535 1353 1567 aegre
1382 1522 1608 1566 abrumpentis
1631 1532 1669 1555 se
1691 1531 1714 1555 a.

274 1568 369 1602 vobis
393 1573 428 1601 et
452 1569 559 1602 adhuc
581 1569 615 1602 in
639 1581 698 1602 vos
721 1581 845 1614 pronae
869 1569 1060 1603 voluntatis.
1106 1581 1172 1614 quo
1188 1568 1448 1613 vituperabilior,
1469 1566 1589 1601 iudicio
1603 1577 1714 1610 aeque

276 1614 521 1655 arbitrantium,
544 1619 658 1648 vestra
682 1614 873 1647 censebitur
897 1615 1050 1655 durities,
1071 1614 1099 1648 si
1123 1625 1210 1647 nunc
1233 1625 1365 1658 quoque
1387 1613 1531 1647 oblatam
1554 1623 1574 1645 a
1596 1615 1714 1645 nostra

275 1659 449 1693 maiestate
471 1664 539 1693 tam
561 1659 712 1703 graviter
733 1661 826 1693 laesa
847 1660 966 1693 veniae
988 1665 1055 1693 tam
1079 1659 1242 1703 benignae
1269 1658 1490 1692 conditionem
1510 1655 1713 1702 aspernabi-

276 1704 381 1747 mini;
415 1704 587 1749 minusque
609 1704 822 1738 miseratione
846 1705 946 1749 digna
970 1710 1084 1738 vestra
1107 1704 1274 1738 videbitur
1307 1703 1495 1744 calamitas,
1527 1713 1601 1736 eum
1622 1712 1712 1744 mox,

276 1749 367 1795 quod
396 1750 459 1784 deo
485 1750 624 1784 iuvante
649 1751 830 1791 faciemus,
863 1751 997 1784 meritas
1031 1762 1052 1784 a
1082 1750 1180 1783 vobis
1214 1761 1336 1793 poenas
1369 1748 1592 1792 exegerimus,
1622 1747 1712 1781 beno

275 1795 342 1829 iam
364 1796 436 1830 sine
458 1796 526 1829 ulla
549 1796 755 1837 dubitatione
778 1795 980 1835 iustissimo,
1013 1800 1185 1841 postquam
1208 1795 1242 1828 id
1267 1794 1362 1839 primi
1385 1806 1444 1828 vos
1465 1794 1631 1828 lacessere
1651 1803 1713 1826 no-

277 1841 331 1875 bis
354 1841 440 1875 ultro
463 1841 694 1886 impugnandis
716 1853 781 1875 non
803 1842 883 1874 estis
906 1840 1025 1881 veriti,
1056 1841 1145 1874 nulla
1178 1846 1311 1884 sumpta
1344 1851 1426 1873 cura
1447 1838 1558 1873 colore
1579 1838 1722 1879 saltem,

278 1891 317 1920 ut
339 1891 556 1932 oportuerat,
585 1887 695 1932 aliquo
718 1886 879 1920 velandae
907 1886 1058 1919 nefariae
1087 1885 1360 1929 transgressionis
1390 1890 1562 1930 pactorum
1583 1883 1715 1916 iurato-

278 1943 363 1966 rum.
408 1932 500 1966 cuius
523 1943 566 1966 ne
587 1932 654 1966 ulla
675 1931 955 1975 tergiversatione
977 1931 1144 1965 declinare
1165 1931 1258 1964 vobis
1282 1931 1439 1975 probrum
1459 1929 1562 1963 liceat
1581 1935 1715 1962 utcum-

279 1989 346 2021 que
368 1978 583 2019 conantibus,
606 1981 788 2011 extremum
815 1978 877 2010 hoc
898 1977 942 2010 ad
964 1988 1035 2010 eam
1058 1976 1317 2011 ineluctabiliter
1337 1975 1549 2009 evincendam
1574 1973 1723 2008 accedat<

279 2029 528 2066 argumentum,
551 2035 571 2057 e
593 2023 802 2057 recusatione
824 2023 956 2056 oblatae
979 2033 1065 2056 nunc
1087 2034 1107 2056 a
1130 2034 1201 2063 me,
1227 2021 1255 2055 si
1278 2021 1474 2065 resipiscere
1496 2018 1628 2058 velitis,
1652 2029 1723 2052 νο·-

280 2067 356 2100 niae
379 2069 573 2103 ducendum.
606 2069 679 2113 quis
702 2068 787 2102 enim
809 2079 874 2101 non
896 2080 969 2102 eum
994 2067 1168 2101 manifeste
1190 2078 1282 2100 reum
1302 2066 1427 2100 iniuste
1443 2064 1529 2099 illati
1551 2065 1595 2098 ab
1615 2062 1714 2097 initio

280 2113 360 2147 belli
383 2114 524 2153 habeat,
548 2114 603 2159 qui
627 2125 689 2148 nec
710 2114 862 2147 idoneam
887 2114 1034 2157 allegare
1055 2113 1155 2147 ullam
1177 2113 1247 2146 eius
1271 2111 1418 2156 suscepti
1437 2121 1571 2144 causam
1593 2108 1713 2162 quive-

278 2158 346 2198 rit,
381 2163 416 2192 et
444 2160 486 2192 ab
518 2159 560 2193 iis
593 2171 677 2204 quos
712 2159 917 2192 voluntarius
946 2159 1118 2204 impugnet
1150 2158 1310 2191 invitatus
1331 2157 1375 2190 ad
1396 2156 1711 2198 redintegrationem

278 2204 409 2247 gratiae
430 2206 574 2248 superbe
594 2205 628 2238 id
650 2209 772 2248 pergat
793 2205 990 2248 aspernari‘z
1033 2214 1127 2238 arma
1150 2215 1231 2246 ergo
1254 2208 1379 2243 nostra,
1401 2201 1521 2246 quibus
1541 2197 1710 2250 post-loq-

277 2260 353 2293 gam
387 2249 581 2293 patientiam
616 2250 720 2283 ultum
750 2250 891 2294 denique
922 2250 1042 2283 ibimus
1080 2249 1251 2292 perfidiam
1288 2247 1496 2288 foedifragae
1522 2241 1712 2296 rebellionis

275 2299 430 2335 vestrae,
468 2306 561 2327 nemo
585 2300 652 2328 tam
675 2295 805 2338 iniquus
836 2296 1022 2339 reperietur
1046 2293 1101 2338 qui
1123 2304 1265 2336 arguere
1289 2292 1391 2337 possit
1416 2291 1625 2339 infractionis
1644 2297 1714 2339 liu-

277 2341 386 2372 torum
417 2340 584 2372 vobiscum
617 2340 794 2372 foederum.
842 2351 916 2373 nam
939 2339 981 2373 iis
1005 2339 1062 2383 qui
1085 2338 1183 2382 primi
1210 2343 1309 2381 pacta
1338 2333 1546 2376 infringendo
1569 2342 1634 2366 vim
1657 2342 1712 2366 m-

277 2383 434 2421 tulerint,
467 2395 530 2417 non
559 2384 620 2417 illis
643 2385 700 2427 qui
724 2385 788 2417 vim
812 2384 860 2417 sic
881 2385 1006 2417 illatam
1035 2388 1094 2416 aut
1116 2381 1303 2416 necessaria
1334 2379 1525 2412 defensione
1547 2376 1721 2421 repellere

276 2433 336 2464 aut
357 2428 504 2473 legitima
527 2429 651 2462 ultione
674 2429 842 2461 vindicare
864 2428 930 2462 sint
953 2428 1074 2467 conati,
1097 2429 1290 2472 probrosum
1308 2424 1387 2458 illud
1410 2427 1445 2457 et
1466 2422 1616 2457 odiosum
1638 2421 1714 2456 foe-

275 2474 478 2517 difragorum
514 2474 708 2506 vocabulum
746 2474 947 2516 adiungitur.
993 2478 1131 2516 totaque
1159 2472 1282 2505 invidia
1303 2469 1462 2502 malorum
1485 2473 1520 2501 et
1541 2466 1716 2501 calamita-

276 2522 345 2553 tum
369 2531 389 2553 e
413 2519 470 2552 tali
493 2519 579 2552 bello
600 2522 787 2551 secutarum
810 2518 852 2550 iis
875 2517 954 2550 solis
976 2517 1179 2561 imputatur,
1213 2515 1269 2560 qui
1299 2517 1564 2558 provocaverunt
1585 2511 1718 2564 violan-

279 2565 331 2599 dis
351 2565 472 2598 iniuste
495 2562 778 2597 conventionibus.
824 2563 911 2606 quod
933 2567 1107 2604 superest,
1137 2561 1274 2595 duarum
1295 2559 1390 2593 vobis
1413 2558 1576 2602 optionem
1598 2556 1720 2590 condi-1

281 2611 406 2644 tionum
436 2611 530 2651 fero,
561 2619 700 2654 quarum
731 2608 872 2641 alteram
905 2607 984 2649 eligi
1015 2617 1037 2640 a
1066 2605 1182 2647 vobis,
1217 2605 1246 2638 si
1269 2605 1369 2638 rebus
1394 2603 1519 2637 vestris
1539 2602 1574 2636 in
1598 2602 1716 2635 harum

281 2656 449 2701 praesenti
475 2659 568 2689 statu
599 2653 771 2687 consulere
800 2651 993 2685 salutariter
1022 2650 1132 2684 velitis
1145 2675 1155 2691 ,
1188 2651 1286 2695 plane
1313 2649 1459 2683 arbitror
1481 2645 1717 2686 necessarium,

281 2713 400 2746 nempe
431 2706 469 2736 nt
501 2702 561 2735 aut
590 2698 722 2744 praedis
745 2708 828 2742 quas
858 2695 1073 2740 congessistis
1095 2695 1266 2729 vobiscum
1289 2694 1440 2728 omnibus
1463 2692 1582 2727 ablatis
1600 2691 1719 2725 domos

282 2753 414 2782 vestras
432 2744 608 2793 repetatis,
631 2747 690 2779 aut
713 2744 798 2779 haec
818 2741 892 2789 ipsa
912 2746 951 2777 ut
972 2740 1068 2776 vobis
1087 2741 1154 2776 iam
1176 2739 1312 2787 propria
1331 2739 1440 2786 spolia
1458 2741 1635 2772 servantes
1656 2745 1716 2771 ao-
