1858 3126
605 154 706 200 ΠΒ.
739 154 793 199 Π.
863 153 1062 198 NOTAE.
1456 152 1487 197 7
1491 151 1554 197 65

109 265 178 308 καὶ
197 265 322 314 αἴτιος
339 260 406 306 διαὶ
435 260 509 315 τήν
531 262 679 303 ἑαυτοῦ
697 262 846 304 δειλίαν
868 259 1042 315 γεγονώς
1060 258 1222 302 πάντων
1246 261 1392 302 δεινοῖν
1405 278 1418 312 3
1446 263 1557 300 itane

105 322 342 374 trophaeum
358 322 550 370 referens,
579 322 653 371 qui
670 327 826 371 tergum
843 321 960 357 vertit
976 318 1179 366 hostibus,
1211 324 1247 354 et
1265 317 1492 368 causaszu't
1507 319 1556 356 ob

103 392 225 416 suam
248 379 461 429 ignaviam
487 379 667 413 omnium
695 376 916 413 malorum!
954 374 1138 413 alludunt
1166 374 1264 412 haec
1293 374 1556 426 turpissimam

102 434 301 473 Michaelis
328 439 366 471 et
388 433 513 470 totius
534 432 699 469 Romani
723 431 918 469 exercitus
942 430 983 468 iu
1003 431 1086 482 ipso
1107 431 1315 482 procinctu
1334 431 1469 482 praelii
1494 432 1560 470 su-

103 503 189 542 gam
201 520 212 539 ‚
242 489 420 541 superius
436 494 634 526 narratam
651 487 677 525 l.
696 488 725 529 4
742 501 776 525 c.
797 490 862 529 18.

215 559 254 597 p.
281 546 364 587 428
389 557 428 582 v.
457 547 495 585 8.
557 544 733 582 Amurio
762 557 803 580 se
834 541 1043 580 admovere
1069 543 1303 594 festinas-it.
1367 542 1428 581 his
1468 554 1562 581 ver·-

35 614 39 617 ·
106 602 168 639 bis
194 602 237 639 in
257 602 406 640 Graeco
423 600 456 637 B
481 599 624 638 codicis
653 605 840 638 contextu
865 598 1154 650 respondebant
1179 599 1255 636 ista
1285 598 1434 650 ἔρχεται
1459 597 1562 651 πρὸς

104 654 149 700 τὸ
181 653 394 710 Ἀμμόριον
411 685 422 704 ,
460 656 573 694 iuxta
601 669 700 706 quae
728 655 971 694 Ammorium
1005 655 1165 693 videtur
1189 667 1271 692 esse
1298 655 1374 693 loci
1405 669 1561 702 nomen,

104 714 146 751 in
181 726 297 764 quem
326 726 366 750 se
394 712 566 763 Alisyras
600 714 730 750 victus
763 719 803 750 et
837 712 990 750 saucius
1014 711 1219 763 receperit.
1281 711 1350 749 sed
1383 719 1562 763 praeter·

105 783 223 819 quam
252 769 360 820 quod
390 768 537 806 menti'o
574 783 654 806 non
683 775 793 806 extat
818 769 918 806 arcis
938 774 1007 805 aut
1026 768 1160 820 oppidi
1189 767 1244 805 sic
1274 767 1368 806 dicti
1398 781 1467 819 per
1486 768 1560 806 hos

104 831 274 873 tractus,
302 825 344 862 id
367 825 473 862 credi
504 831 614 868 vetat
640 826 720 876 ipse
737 824 994 876 Pachymeres
1022 838 1054 861 e.
1077 827 1132 868 25
1151 825 1349 862 affirmans
1366 823 1560 876 Alisjwam

105 895 156 919 ex
185 882 275 932 suga
299 894 340 918 se
367 882 555 932 recepisse
583 882 790 933 Tripolim,
835 895 950 931 quam
980 881 1116 919 urbem
1146 881 1256 932 prius
1285 886 1558 932 occupaverat.

106 943 166 975 est
186 937 339 989 saepius
359 950 478 989 supra
495 944 535 975 et
549 938 650 975 infra
673 944 911 976 memoratus
928 938 969 975 in
990 937 1067 975 hac
1080 936 1242 975 historia
1266 937 1350 975 dux
1368 937 1559 975 barbarus

105 993 303 1032 Amurius.
359 993 453 1031 hinc
473 1001 532 1031 est
549 994 646 1032 mihi
671 995 832 1032 suborta
851 994 1019 1044 suspicio
1038 994 1171 1032 mendi
1189 994 1229 1031 in
1254 993 1331 1031 hac
1351 994 1559 1045 scriptura,

104 1048 457 1101 Pachymeremque
475 1050 668 1101 scripsisse
689 1065 769 1088 non
788 1049 886 1102 πρὸς
903 1048 948 1090 τό
970 1051 1038 1088 sed
1056 1048 1127 1090 τόν
1153 1047 1380 1102 Ἀμούριον.
1437 1051 1558 1101 quod,

105 1105 198 1156 quia
224 1118 275 1143 ex
295 1106 420 1158 priori
445 1106 611 1144 lectione
640 1108 890 1157 consequitur
917 1107 1116 1158 quippiam
1143 1106 1391 1157 Pachymeris
1416 1120 1559 1144 narra·-

104 1161 204 1200 tioni
222 1162 476 1211 contrarium,
506 1169 552 1200 ut
578 1163 863 1213 demonstravi,
892 1163 1181 1202 emendandum
1202 1164 1352 1215 putavi,
1380 1176 1426 1201 eo
1444 1176 1560 1214 quem

104 1218 216 1257 innui
237 1218 355 1257 modo
367 1218 417 1266 ⁴).

214 1287 254 1326 p-
268 1274 354 1317 '454
374 1287 416 1315 V.
436 1276 463 1314 2
484 1272 593 1315 κατὰ
617 1276 792 1327 ποίησιν.
849 1276 980 1313 allusit
998 1275 1096 1313 haec
1118 1275 1325 1314 scribendo
1343 1275 1560 1327 Pachyme—

105 1342 169 1368 res
183 1330 316 1369 varios
334 1330 452 1368 simu]
469 1331 633 1369 miscens
649 1331 809 1369 Homeri
827 1332 945 1380 locos,
966 1333 1136 1383 primum
1154 1332 1265 1371 illum
1284 1332 1393 1373 Iliad·
1410 1337 1444 1373 θ
1463 1333 1560 1374 135;

379 1384 489 1437 δεινή
510 1385 554 1426 δὲ
576 1385 677 1439 φλόξ
698 1382 800 1440 ὦρτο
818 1389 957 1429 θεείου
975 1388 1218 1440 καιομένοιο.

107 1440 248 1479 deinde
271 1441 383 1479 illum
401 1454 452 1479 ex
469 1443 578 1481 Iliad.
598 1454 633 1494 ψ
655 1446 758 1486 216:

376 1498 475 1550 μέγα
492 1500 516 1539 ὃ
526 1495 536 1511 ’
558 1499 641 1551 ἴαχε
655 1498 871 1547 θεσπιδαὲς
889 1503 983 1553 πῦρ.

106 1551 213 1590 unde
237 1552 355 1591 etiam
377 1554 444 1591 illa
471 1556 588 1606 paulo
617 1556 795 1608 superius
820 1557 942 1595 verba
968 1552 1126 1607 ἔφύσσα
1156 1554 1294 1610 λιγέως
1321 1562 1560 1608 sumpserat:

105 1608 232 1660 pergit
245 1609 348 1647 enim
366 1610 423 1648 ibi
438 1614 556 1661 pofeta
1295 1610 1299 1614 ’

244 1662 458 1718 παννύχιοι
476 1664 519 1708 δ’
547 1665 625 1720 ι’ἱρα
642 1662 747 1722 τοῖγε
764 1671 895 1723 πυρῆς
918 1664 1063 1721 &pudis-
1087 1664 1200 1722 φλόγ’
1228 1668 1394 1720 ἔβαλλον

244 1725 473 1772 φυσσῶντες
494 1724 641 1777 λιγέως.

106 1776 247 1826 quibus
266 1783 304 1814 et
322 1778 428 1816 istud
443 1780 626 1819 ultimum
651 1781 699 1819 de
722 1782 843 1830 sumo,
872 1782 936 1819 vel
954 1794 1004 1818 ex
1023 1794 1093 1818 suo
1113 1781 1285 1831 quodam
1302 1779 1366 1816 vel
1390 1790 1440 1815 ex
1459 1778 1559 1816 alte-

106 1832 189 1870 rius
206 1832 305 1870 mihi
321 1847 430 1872 nunc
448 1849 530 1873 non
546 1838 810 1875 succurrentis
828 1838 931 1875 vatis
952 1838 1130 1888 poemate
1151 1837 1326 1874 addidit.-

217 1888 334 1926 Libro
362 1897 475 1928 sexto
499 1899 653 1942 praeter
671 1906 818 1931 morem
839 1892 1096 1943 Pachymeres
1116 1893 1351 1944 peculiarem
1367 1889 1558 1940 praefixit

106 1941 332 1994 prologum,
361 1948 428 1995 qui
447 1952 580 1984 tamen
605 1948 687 1984 sine
705 1949 864 1999 proprio
890 1949 1011 1986 titulo
1028 1949 1074 1985 in-
1089 1949 1287 1986 codicibus
1305 1953 1365 1984 est
1383 1959 1473 1984 cum
1491 1960 1557 1984 ca-

105 1999 188 2049 pite
210 2003 231 2040 1
260 2000 455 2039 confusus.
513 2015 580 2054 ego
607 2003 924 2054 distinguendum
952 2005 1101 2055 putavi.
1157 2017 1278 2055 porro
1304 2016 1384 2040 non
1414 2016 1558 2053 parum

106 2054 367 2093 laborandum
395 2058 470 2095 suit
491 2058 533 2095 in
551 2060 790 2103 extricanda
810 2060 1011 2110 nitideque
1037 2060 1272 2097 declaranda
1295 2060 1467 2097 auctoris
1490 2059 1557 2097 hic

106 2111 322 2161 praefantis
340 2115 544 2161 sententia,
562 2129 678 2164 quam
694 2122 733 2152 et
750 2118 965 2167 percepisse
984 2129 1046 2153 me
1065 2122 1105 2153 et
1122 2117 1213 2153 satis
1231 2117 1439 2166 explicasse
1459 2129 1557 2154 con-

107 2165 200 2205 fido.
258 2181 374 2206 causa
395 2171 506 2208 istius
531 2171 572 2208 in
599 2171 870 2222 proloquendo
896 2172 1082 2211 novitatis
1108 2173 1246 2224 opinor
1273 2173 1410 2222 fuerit,
1448 2172 1556 2222 quod

202 2302 233 2345 ⁸)
257 2301 357 2341 Quod
379 2301 498 2346 scripsi
522 2314 586 2335 non
607 2302 749 2348 reperiri
773 2314 835 2348 per
849 2306 979 2336 tractus
996 2303 1181 2337 orientalis
1202 2302 1316 2337 limitis
1338 2303 1468 2348 imperii
1489 2304 1561 2347 By-

110 2346 237 2380 zantini
259 2346 364 2381 locum
377 2373 386 2388 ,
410 2349 468 2391 qui
493 2354 633 2382 vocetur
648 2349 860 2389 Aumatium,
887 2360 925 2381 re
947 2349 1063 2382 melius
1085 2349 1296 2382 considerata
1317 2361 1405 2383 nnnc
1426 2360 1561 2385 revoco.

107 2391 218 2425 inveni
243 2392 329 2426 enim
352 2394 442 2438 apud
458 2394 697 2438 Theophanem
721 2406 755 2438 p.
779 2395 845 2429 291
867 2400 902 2427 et
923 2395 990 2428 292
1013 2394 1067 2428 ed.
1091 2395 1178 2438 Reg.
1200 2395 1348 2439 itemque
1370 2396 1459 2439 apud
1473 2395 1564 2428 Leo-

107 2437 467 2490 nem-Grammaticum
491 2451 525 2484 p.
548 2440 616 2474 454
650 2440 794 2474 eiusdem
818 2438 993 2482 editionis,
1031 2439 1228 2473 luculentam
1251 2440 1448 2474 mentionem
1470 2441 1564 2474 urbis

109 2488 255 2516 munitae
270 2485 443 2518 Amon‘um
458 2491 612 2526 vocatae,
634 2485 786 2529 sitaeque
809 2484 843 2518 in
863 2483 906 2518 iis
930 2485 1094 2528 partibus,
1119 2485 1212 2529 cuius
1235 2485 1333 2519 etiam
1349 2486 1564 2520 Ptolomaeus

110 2527 266 2562 meminit.
322 2541 429 2574 quare
458 2531 570 2564 fateor
600 2542 664 2564 non
695 2535 791 2564 recte
817 2530 1024 2564 emendatum
1057 2541 1078 2563 a
1108 2541 1160 2564 me
1189 2530 1293 2565 fuisse
1326 2531 1564 2576 Pachymerem

111 2571 220 2614 p.428
238 2574 302 2608 v.5
317 2575 374 2608 ubi
396 2586 456 2620 pro
477 2572 518 2610 τὸ
530 2574 703 2621 Αμόριον.
720 2575 855 2621 reposui
872 2574 937 2610 τόν
955 2573 1154 2619 Ἆμούριον.
1192 2583 1228 2610 et
1242 2577 1300 2610 illa
1319 2577 1444 2610 verba=
1465 2575 1563 2620 ἔριέ·

113 2627 175 2650 ται
198 2617 292 2660 πρός
316 2619 358 2656 τὸ
380 2618 563 2666 Ἀμόριον,
586 2621 787 2667 simpliciter
807 2621 912 2655 fuisse
932 2622 1116 2655 vertenda:
1135 2623 1229 2656 venit
1250 2623 1432 2655 Amorium.
1477 2633 1555 2656 nam

112 2660 176 2694 hoc
205 2673 271 2697 non
298 2665 439 2710 impedit
469 2667 642 2712 quominus
679 2678 794 2701 verum
821 2678 896 2700 esse
924 2667 1092 2712 potuerit,
1125 2667 1214 2711 quod
1237 2679 1271 2712 p.
1293 2667 1360 2702 435
1383 2679 1415 2700 v.
1441 2669 1481 2702 11
1507 2668 1556 2703 ait

111 2705 300 2758 historicus,
318 2710 486 2754 Alisyram
509 2723 547 2746 se
561 2712 724 2758 Tripolim
746 2712 925 2766 recepisse.
970 2713 1063 2758 prius
1084 2712 1213 2747 scilicet
1235 2724 1335 2758 quam
1356 2712 1392 2746 in
1414 2713 1478 2747 hoc
1501 2713 1553 2747 ul·

113 2754 230 2784 timum
250 2755 328 2798 perf
371 2755 438 2790 ‘um
460 2758 687 2801 pei-venissen
707 2758 848 2802 Amorin,
871 2769 959 2804 quae
984 2758 1054 2792 fids
1075 2757 1140 2804 ipsi
1161 2759 1242 2793 urbs
1263 2763 1343 2792 tunc
1365 2763 1453 2801 erat,
1473 2770 1553 2804 per-

113 2801 319 2841 sequentium
339 2811 404 2835 vm
425 2801 536 2836 obiter
557 2802 793 2838 declinaverat.
1026 2813 1030 2816 ’
