1858 3126
286 195 385 244 544
698 199 935 244 GEORGII
965 200 1313 248 PACHYMERIS

141 317 170 353 P
191 319 258 355 378
286 308 422 354 ὅπλων
450 308 530 360 ἕξιν
557 309 624 352 καὶ
651 308 707 361 ὥς
733 312 831 355 ῗδεΐν
860 309 1145 368 ἀπρόσμαχοι,
1182 311 1447 372 ἐνεδρεύουσι.
1513 314 1605 361 τότε
1631 321 1730 375 γοῦν

279 379 326 422 τὸ
357 379 430 432 μέν
456 377 644 434 καθαρὸν
673 384 755 422 τῶν
782 378 1019 436 Ῥωμαϊκῶν
1050 380 1278 433 συντάξεων
1311 385 1354 426 ἒν
1379 383 1517 434 ὅπλοις
1534 380 1640 440 ἦσαν
1661 388 1729 429 καὶ

279 446 350 490 τὸν
382 443 558 499 πόλεμον
588 446 869 503 προσεδόκων,
907 450 948 492 οἷ
975 450 1018 492 δὲ
1047 454 1225 494 πλεῖστοι
1253 453 1342 507 περὶ
1361 451 1434 506 τὴν
1452 459 1646 509 φανεῖσαν
1666 459 1730 497 λι-

276 511 538 570 χνευσάμενοι
557 516 666 558 λείαν
686 517 846 567 ε’ξέθεον
868 514 1146 568 ἀσυντάκτως.
1215 521 1280 562 καὶ
1301 519 1428 570 εὐθὺς
1446 520 1484 563 οἱ
1501 519 1730 576 ἐνεδρεύον-

277 599 345 632 τες
372 580 651 629 εὖσυντάκτως
678 583 719 635 ἒς
751 584 812 628 ὅτι
843 583 1025 639 μάλιστα
1055 589 1121 629 καὶ
1153 588 1466 643 πεφυλαγμένως
1503 587 1762 645 ἀφώρμων.5

278 650 377 707 παρ’
405 648 575 706 ἑκάτερα
603 652 680 708 γιὶρ
713 651 800 704 ἕνός
826 656 957 696 ἵππου
988 652 1062 697 δύο
1091 657 1200 708 πεζοὶ
1230 657 1491 710 ε’δοχμίαζον,
1521 656 1731 709 Ἰταλικοῖς

277 718 410 770 τόξοις
441 721 790 775 καθωπλισμένοι·
827 722 947 765 αὐτοὶ
967 723 1012 764 δὲ
1034 723 1137 776 μετὰ
1159 727 1314 767 πελτῶν
1333 726 1398 767 καὶ
1417 728 1605 778 παλτῶν,
1641 726 1731 768 ἔπι-

224 797 256 833 Β
275 789 437 843 χωρίων
463 786 672 842 δοράτων,
709 790 736 832 ἃ
754 790 804 844 δὴ
826 791 872 834 τὸ
894 791 1071 833 παλαιὸν
1091 791 1265 847 ἄγγωνες
1283 793 1524 846 ἐκαλοῦντο,
1559 793 1631 836 τὸν
1649 791 1729 837 πό·-

277 861 401 911 λεμον
430 855 707 914 ἀπεθάρρουν.
775 859 822 901 οἳ
843 859 894 914 δὴ
927 858 1150 909 συστάντες
1168 858 1303 915 μάχην
1321 860 1497 917 ἔστησαν
1512 859 1725 916 κραταιάν.

277 927 345 968 καὶ
367 926 558 968 πίπτουσι
580 927 654 979 μὲν
677 925 954 982 ἑκατέρωθεν,
986 929 1087 978 τέως
1106 928 1150 970 δ’
1168 929 1231 971 ε’πὶ
1251 933 1326 972 τοῦ
1342 926 1650 986 προτερήματος
1666 931 1728 986 γί-
1738 938 1783 973 10

277 1010 414 1038 νονται
436 992 663 1038 Κατελάνοι
675 1027 688 1048 ,
725 998 791 1038 καὶ
806 996 926 1051 μέχρι
946 997 1013 1038 καὶ
1032 996 1362 1040 Μονοκαστάνου
1385 995 1511 1040 τόπον
1531 998 1730 1054 κατατρέ-

269 1074 395 1120 ’χουσι
422 1065 487 1106 καὶ
515 1062 766 1119 φονεύουσιν.
837 1062 862 1119 ἢ
881 1065 929 1106 δὲ
949 1062 1095 1114 πύστις
1120 1066 1184 1107 ἐπὶ
1205 1067 1423 1115 διακοσίοις
1438 1067 1536 1108 ‘lora
1555 1066 1628 1109 τὸν
1649 1063 1730 1122 φό-

276 1151 370 1186 νον,
399 1132 630 1188 πληγέντων
649 1134 714 1175 καὶ
733 1132 870 1176 αὐτῶν
894 1130 1113 1188 ἡγεμόνων.
1182 1131 1274 1176 τότε
1294 1133 1486 1187 βασιλεὺς
1503 1134 1548 1176 ἔκ
1563 1138 1728 1188 βασιλι-

278 1206 360 1244 κῶν
393 1200 546 1251 ἕξωθεν
573 1199 824 1256 μηνυμάτων
850 1201 1005 1255 μαθὼν
1036 1200 1083 1244 τό
1111 1202 1275 1255 συμβὰν
1299 1201 1452 1257 ἤλγησέ
1474 1218 1516 1244 τε
1543 1199 1724 1258 σφόδρα,

275 1271 342 1312 καὶ
368 1270 409 1312 ἐν
434 1268 680 1324 μεταγνώσει
706 1265 756 1324 ἦν
783 1273 857 1312 τοῦ
886 1269 945 1324 μὴ
970 1266 1228 1312 παντάπασιν
1251 1273 1460 1323 μετελθεῖν
1481 1273 1524 1312 Γ
1520 1273 1724 1321 εννουῒτας
1735 1277 1779 1314 1⁵

227 1350 258 1385 c
281 1339 476 1390 ἐκείνους,
513 1340 581 1380 καὶ
607 1335 874 1392 μισθώμασιν
900 1335 962 1387 οἷς
991 1335 1172 1394 ἀπῄτουν
1200 1335 1542 1392 ἓξικανωσάμενον
1559 1355 1728 1392 συμμα-

270 1413 355 1462 χεῖν
377 1408 530 1449 πείθειν
555 1405 624 1449 ἐπ’
640 1403 963 1462 Ἀμογαβυῖρους,
991 1404 1046 1455 ὡς
1065 1404 1170 1459 εἶχον
1186 1405 1314 1456 εὐθὺς
1330 1403 1596 1462 ὁρμήσαντες,
1623 1405 1727 1449 ἀλλ’

274 1475 385 1530 ὅμως
415 1475 503 1530 περὶ
533 1474 606 1523 τὰς
632 1473 763 1524 δόσεις
798 1472 924 1531 φειδώ
945 1490 1036 1516 τινα
1067 1476 1133 1516 καὶ
1155 1471 1426 1529 ’ὑπερημερίαν
1452 1472 1725 1527 ἐνδειξάμενον

271 1548 345 1585 νῦν
373 1543 436 1584 ἐπὶ
466 1549 552 1591 τοῖς
581 1546 782 1596 ξυμβᾶσιν
814 1542 958 1597 ἀλγεῖν.
1025 1542 1164 1584 ἐκεῖνοι
1181 1542 1258 1598 γὰρ
1281 1543 1322 1584 ἓν
1343 1540 1387 1592 ’ἐξ
1404 1540 1577 1596 χιλιάσιν
1596 1544 1723 1586 ἴστων

269 1611 440 1667 χρυσίου
465 1609 512 1651 τὸ
533 1610 734 1664 μίσθωμα
755 1610 946 1653 ἀπελθεῖν
967 1607 1164 1660 συνόλους
1185 1611 1251 1652 καὶ
1270 1610 1534 1664 μαχέσασθαι
1556 1610 1631 1665 τὴν
1647 1617 1778 1654 ’τα-20

361 1705 396 1741 5.
417 1704 597 1752 ἐφώρμουν
609 1705 629 1740 ?

272 1798 346 1821 rum
369 1785 509 1820 militum
522 1812 531 1827 ,
555 1784 680 1830 optime
703 1783 746 1819 ad
770 1783 934 1830 praelium
955 1783 1142 1819 instructis.
1187 1783 1320 1819 oblatus
1341 1783 1427 1819 aciei
1448 1784 1620 1820 Romanae
1641 1796 1724 1820 eon·

273 1835 411 1878 spectus
435 1831 579 1866 errantis
602 1830 674 1864 sine
697 1835 881 1876 apparente
915 1830 1084 1875 praesidio
1116 1830 1260 1865 armenti
1282 1830 1385 1865 solvit
1406 1831 1542 1865 ordines
1563 1830 1723 1876 cupidine

272 1877 450 1922 lucrandi,
481 1876 651 1919 traxitque
673 1877 851 1922 plerosque
873 1876 916 1910 ad
939 1876 1136 1921 abigendam
1159 1877 1223 1911 sibi
1244 1875 1398 1918 facilem,
1421 1879 1460 1910 nt
1477 1877 1663 1922 putabunt,
1684 1881 1723 1912 et

272 1929 428 1969 paratam
461 1922 629 1968 praedam.
677 1926 715 1956 at
737 1922 771 1956 in
795 1933 852 1956 eos
875 1922 926 1956 sic
947 1922 1136 1956 inordinate
1162 1922 1388 1956 discursantes
1409 1921 1568 1967 impetum
1590 1921 1724 1956 exim-

274 1970 410 2015 proviso
437 1972 680 2012 consurgentes
702 1980 722 2002 e
744 1967 882 2002 latebris
903 1967 1032 2002 faciunt
1054 1968 1167 2002 Latini
1189 1967 1340 2013 equites,
1374 1967 1504 2002 duobus
1535 1968 1612 2002 hinc
1641 1967 1723 2002 inde

275 2015 403 2060 optime
434 2014 571 2049 armatis
594 2014 712 2048 Italico
735 2025 817 2048 arcu
840 2013 955 2058 stipati
987 2013 1160 2059 adiutique
1188 2013 1378 2059 peditibus,
1410 2012 1476 2059 ipsi
1497 2013 1722 2059 cataphracti,

275 2072 351 2094 cum
383 2061 484 2105 peltis
515 2064 550 2094 et
579 2059 740 2104 tragulis,
774 2071 899 2103 genere
929 2059 999 2093 illic
1030 2059 1171 2093 telorum
1201 2059 1327 2093 usitato
1351 2070 1439 2104 quae
1460 2059 1568 2093 veteri
1589 2058 1723 2093 nomine

273 2117 422 2149 angones
445 2106 654 2140 dicebantur.
687 2106 748 2140 hos
771 2105 956 2150 composite
971 2105 1281 2151 circumspecteque
1298 2105 1445 2151 undique
1466 2104 1636 2139 irruentes
1657 2115 1722 2139 ex-

274 2155 437 2195 ceperunt
467 2152 606 2197 paribus
635 2152 752 2185 animis
782 2150 906 2196 raptim
938 2154 1096 2185 coeuntes
1123 2151 1241 2186 nostri.
1285 2162 1366 2185 acre
1393 2150 1474 2184 inde
1505 2149 1724 2185 committitur

274 2196 456 2241 praelium,
481 2197 679 2231 cadentibus
701 2197 869 2242 utrimque
891 2196 1010 2232 multis.
1043 2197 1104 2231 sed
1126 2196 1272 2232 victoria
1295 2196 1532 2231 Cntelnnorum
1553 2195 1639 2237 suit3
1659 2193 1721 2240 qni

273 2246 407 2276 nostros
431 2243 599 2276 caedendo
623 2243 867 2288 mactandoque
892 2242 1036 2277 insecuti
1060 2253 1166 2288 usque
1197 2243 1239 2276 nd
1262 2242 1539 2276 Monocnstanum
1569 2238 1720 2285 (id-loci

274 2289 418 2331 nomen)
450 2293 538 2325 sunt.
583 2290 673 2322 fama
710 2288 859 2332 vulgaris
890 2299 1060 2323 numerum
1094 2288 1280 2322 occisorum
1305 2299 1324 2321 e
1347 2287 1471 2322 nostris
1491 2286 1534 2320 ad
1555 2285 1720 2318 ducentos

273 2332 406 2375 redigit.
452 2332 541 2367 inter
562 2335 756 2368 vulneratos
778 2335 881 2367 duces
903 2335 1040 2368 fuerunt
1061 2334 1138 2379 ipsi.
1183 2335 1263 2366 tunc
1281 2332 1489 2367 Andronicus
1511 2330 1588 2364 citis
1609 2341 1631 2364 ι
1647 2329 1720 2364 Mi-

273 2378 390 2416 chaele
412 2378 480 2412 filio
504 2379 546 2412 de
568 2390 606 2412 re
628 2385 703 2413 tota
726 2380 865 2413 edoctus
887 2380 1031 2420 nuntiis,
1060 2390 1136 2413 sero
1169 2378 1275 2412 doluit
1303 2377 1392 2422 quod
1414 2386 1479 2410 non
1499 2375 1609 2409 omnia
1630 2386 1719 2420 quae

273 2423 400 2458 vellent
428 2423 522 2467 large
553 2424 722 2469 pollicitus
746 2425 982 2458 Genuensibus
1014 2424 1089 2458 illos
1111 2423 1241 2458 omnino
1261 2423 1303 2457 ad
1329 2421 1448 2456 bellum
1471 2423 1588 2454 eontra
1611 2419 1720 2454 Oani-

273 2468 373 2514 polim
407 2469 656 2512 suscipiendum
688 2471 900 2514 perpulisset.
947 2471 1177 2504 intervenerat
1203 2469 1288 2502 enim
1311 2466 1473 2511 quaedam
1495 2469 1568 2499 eius
1587 2465 1623 2499 in
1644 2465 1720 2499 lici-

274 2514 401 2549 tatione
423 2514 550 2558 petitae
573 2515 616 2548 ab
639 2515 689 2548 his
713 2515 877 2548 mercedis
899 2515 1125 2559 parsimonia3
1158 2525 1224 2558 qua
1255 2514 1390 2546 sublata
1412 2510 1440 2545 si
1462 2516 1590 2556 quanta
1609 2521 1719 2556 popo-

273 2563 410 2596 scerant
442 2570 502 2604 pro
535 2559 592 2593 illa
616 2560 749 2593 militari
771 2572 875 2604 opera
897 2559 1250 2604 stipendiaoprompte
1272 2569 1314 2591 ac
1338 2556 1525 2591 liberaliter
1545 2556 1717 2598 donasset,

274 2605 502 2651 capessiturus
524 2616 582 2638 eos
605 2604 717 2639 statim
740 2605 846 2638 fuisse
869 2605 1058 2650 apparebat
1081 2604 1218 2638 arduam
1238 2603 1337 2636 istam
1365 2601 1590 2647 pellendorum
1613 2601 1719 2635 Calli-

273 2651 342 2697 poli
363 2650 646 2695 Amogabarorum
669 2650 885 2695 provinciam.
932 2661 1019 2683 nunc
1042 2660 1144 2683 avare
1165 2647 1399 2693 supputando,
1430 2647 1593 2692 quodque·
1609 2647 1718 2692 ipsum

274 2698 442 2731 offerebat
463 2707 527 2730 non
550 2696 705 2730 continuo
731 2695 889 2739 expedite
915 2699 1142 2734 numeratum,
1176 2693 1478 2738 repraesentando,
1511 2692 1717 2727 voluntatem

274 2743 360 2788 ipsis
390 2741 460 2777 eins
490 2741 735 2787 aggrediendae
766 2740 819 2775 rei
851 2741 1059 2786 dempserat3
1092 2750 1191 2783 quem
1214 2739 1241 2772 si
1264 2743 1473 2782 tentassent,
1506 2738 1595 2772 haud
1625 2741 1719 2772 esset

273 2789 359 2830 ista,
390 2788 433 2822 de
463 2798 530 2834 qua
562 2799 648 2821 nunc
677 2791 866 2828 moereret,
901 2786 1010 2820 clades
1033 2788 1151 2819 secuta
1171 2785 1407 2818 Romanorum.
1452 2784 1621 2829 petierent
1642 2783 1718 2816 Ge-

273 2845 416 2869 nuenses
445 2833 666 2880 expeditionis
696 2832 955 2878 cauipolitanae
985 2831 1059 2866 sine
1079 2842 1172 2866 mora
1194 2830 1262 2866 ulla
1282 2829 1395 2865 subito
1415 2835 1495 2875 post
1516 2829 1716 2865 debellatum
