1820 3112
183 165 282 211 212
602 160 839 205 GEORGII
871 159 1224 204 PACHYMERIS

182 274 404 335 πληρώσας
430 274 680 330 πολεμιστὰς
709 274 750 318 ἓν
781 270 944 324 τούτοις
974 271 1174 324 ἑλεπόλεις
1202 274 1320 325 ἱστὰς
1336 275 1403 318 καὶ
1421 272 1655 330 μαχόμενος

180 345 389 406 (οὐδὲγὰρ
413 343 519 387 κατὰ
549 343 597 387 τὸ
626 344 752 399 τυχὸν
771 345 838 386 καὶ
863 342 989 393 αὐτὸς
1010 343 1125 399 παρὰ
1145 350 1233 393 τοῖς
1257 344 1425 400 ἔχθροῖς
1445 344 1652 406 ἔκλείζετκο,

179 415 273 459 ἀλλ’
293 411 496 467 ὀνόματος
513 412 721 468 ἐπέβαινεν
742 411 829 468 ἅμα
846 413 919 467 μὲν
940 416 1122 469 φοβεροῦ
1137 411 1224 467 ἅμα
1237 411 1284 454 δέ
1290 429 1332 468 γε
1349 413 1417 455 καὶ
1437 413 1651 469 ἐρασμίου,

180 482 236 534 ὥς
265 484 332 525 καὶ
355 481 533 531 πολλοὺς
562 488 818 539 προσχωρεῖν
846 483 913 524 καὶ
939 479 1015 523 ὑπ’
1049 482 1185 540 ἐκείνῳ
1218 480 1379 538 ἀγαπᾶν
1396 478 1650 539 τάττεσθαι)

180 553 291 609 αἷρεῖ
302 551 377 605 μὲν
398 549 506 594 οὕτω
523 551 569 594 τὸ
597 549 822 608 φρούριον,
860 554 1039 593 πλοῦτον
1069 549 1115 593 δ’
1145 551 1300 593 ἐκεῖθεν
1319 549 1367 594 οὗ
1387 549 1542 610 ῥᾳδίως
1559 549 1686 608 cipe-5

126 639 158 673 1)
183 619 350 676 θμητὸν
366 616 676 676 περιβάλλεται,
715 626 802 670 τοῖς
825 618 868 662 δ’
892 619 1033 672 ἰδίοις,
1073 617 1179 662 ἀλλά
1195 637 1237 675 γε
1256 620 1324 662 καὶ
1351 625 1439 670 τοῖς
1460 636 1654 676 προσχω-

179 693 320 747 ροῦσιν
350 687 523 745 εὔπορον
552 689 736 732 καθίστα
766 688 838 731 τὸν
858 689 967 741 βίον.
1038 686 1138 731 ὅθεν
1156 690 1223 731 καὶ
1246 689 1390 731 πολλοὶ
1417 685 1493 729 ὕπ’
1516 689 1655 748 ἐκείνῳ

177 756 472 812 δεδουλωμένοι
503 755 664 814 ἔχαιρον
677 790 691 810 ,
730 758 797 800 καὶ
824 754 904 799 ὑπ’
936 756 1050 815 αὐτῷ
1080 757 1314 813 τεταγμένοι
1335 752 1442 812 ἦσαν
1462 756 1573 799 καθ’
1595 751 1655 801 ὧν

176 845 252 884 περ
276 828 344 870 καὶ
364 830 686 883 προσταχθεῖεν,
726 824 782 876 ὧς
801 824 898 868 κατ’
931 823 1094 882 ἀγάπην
1121 824 1209 880 ἅμα
1238 827 1394 882 γυναιξὶ
1415 825 1654 885 μετῳκημέ-

176 913 240 940 νοι
258 897 327 938 καὶ
349 893 515 944 τέκνοις.
589 895 781 937 ἐντεῦθεν
802 896 870 937 καὶ
889 894 1002 951 παρὰ
1020 894 1065 937 τὸ
1088 894 1191 945 εἰκὸς
1213 893 1501 951 ἀγαπήσαντες
1524 895 1563 938 οἳ
1581 893 1649 938 ὕπ’
1664 903 1710 939 10

176 964 312 1023 ἐκείνῳ
337 960 602 1018 ταττόμενοι,
632 965 699 1006 καὶ
715 967 876 1018 μᾶλλον
895 963 933 1006 οἳ
956 964 1176 1019 Κρητικοί,
1215 963 1392 1022 ἤρξαντο
1410 960 1654 1020 θεραπεύειν

123 1044 156 1078 Ε
180 1034 248 1077 καὶ
275 1030 443 1090 τρόποις
462 1034 529 1075 καὶ
548 1029 683 1088 λόγοις
700 1031 801 1089 ὑπὲρ
826 1031 849 1075 ὃ
872 1037 1073 1088 προσῆκεν
1103 1033 1261 1092 ἐκείνῳ,
1300 1034 1368 1076 καὶ
1388 1034 1444 1082 εἷς
1463 1032 1654 1076 ἀποστα-

177 1103 270 1146 σίαν
292 1101 367 1157 τὴν
391 1100 472 1144 ἀπὸ
500 1101 702 1155 βασιλέως
725 1099 949 1153 ὑπέκνιζον.
1020 1099 1042 1143 ὃ
1074 1101 1118 1143 δὲ
1137 1100 1226 1150 νέος
1248 1100 1304 1144 ὢν
1326 1101 1461 1151 ἄλλως
1482 1102 1549 1144 καὶ
1569 1117 1653 1158 φυ-

175 1171 322 1228 σηθεὶς
346 1171 389 1220 ἐκ
417 1170 610 1227 μεγίστου
638 1167 929 1229 φρονήματος,
965 1169 1019 1212 τὰ
1047 1170 1123 1225 μὲν
1140 1174 1286 1229 πρῶτα
1308 1169 1406 1220 τοὺς
1431 1169 1654 1227 λογισμοὺς

267 1281 302 1316 4.
326 1277 391 1317 ἐπ’
416 1280 458 1315 Ρ.

172 1360 258 1395 tatis
280 1359 316 1394 in
338 1360 535 1404 suggestum
557 1358 702 1393 molibus
722 1357 864 1403 imponit
896 1357 1070 1392 machinas
1100 1358 1302 1395 subruendis
1334 1361 1433 1405 aptas
1454 1369 1652 1405 propugna-

175 1407 279 1449 culis3
310 1406 514 1450 navigiaque
543 1410 666 1449 stagno
699 1411 836 1438 caetero
864 1404 965 1450 plena
987 1404 1149 1439 militibus
1171 1405 1342 1448 immittit,
1374 1416 1464 1451 quae
1511 1411 1652 1440 uantum

173 1456 314 1498 possent
336 1452 558 1486 admoverent
581 1462 618 1484 se
642 1450 830 1494 munitioni,
855 1462 991 1496 quaque
1013 1450 1047 1484 vi
1070 1451 1240 1492 valerent,
1266 1455 1326 1486 aut
1349 1451 1483 1486 iaculan
1507 1463 1526 1486 o
1548 1462 1652 1496 prae-

173 1498 322 1533 sidiariis
347 1496 502 1542 petendis
526 1500 587 1530 aut
608 1496 809 1530 obsidionali
834 1497 1036 1542 supellectili
1059 1497 1163 1531 muris
1186 1497 1359 1532 tentandis
1382 1496 1521 1542 negotio
1543 1497 1653 1531 servi-

173 1548 261 1579 rent.
305 1543 356 1577 sic
379 1542 574 1587 aliquandiu
598 1546 781 1586 pugnatum
806 1542 929 1586 exigua
953 1554 1027 1587 spe,
1053 1543 1081 1576 si
1105 1543 1176 1576 arci
1199 1543 1355 1577 firmitati
1377 1554 1494 1589 parem
1514 1542 1652 1588 praesi-

174 1588 274 1623 diarii
306 1588 518 1633 repugnandi
549 1588 773 1621 constantiam
807 1587 998 1631 iungerent.
1045 1588 1106 1621 sed
1130 1589 1234 1622 robur
1257 1600 1372 1623 eorum
1396 1589 1519 1633 partim
1542 1588 1653 1623 admi-

173 1635 304 1669 ratione
327 1645 368 1668 ac
392 1639 523 1667 terrore
546 1635 690 1678 quodam
714 1632 809 1667 ducis
831 1633 926 1678 ipsos
950 1634 1192 1679 oppugnantis,
1217 1634 1311 1668 cuius
1334 1636 1426 1668 sama
1449 1645 1552 1680 supra
1574 1633 1652 1668 vul-

172 1692 291 1725 garem
314 1679 446 1714 modum
469 1678 596 1723 inclyta
619 1679 878 1720 celebrabatur,
911 1679 1036 1724 partim
1059 1681 1180 1714 favore
1203 1692 1244 1714 ac
1267 1691 1382 1714 amore
1405 1691 1503 1726 quem
1526 1680 1668 1725 pletis--

173 1738 240 1772 que
272 1726 381 1760 virtus
413 1725 503 1759 illius
536 1725 794 1770 humanitasque
829 1725 954 1769 passim
988 1725 1188 1771 praedicata
1221 1726 1434 1771 inspirabat,
1475 1726 1651 1760 remissum

174 1772 425 1816 emollitumque
448 1770 569 1804 sensim
593 1775 659 1812 est,
683 1775 783 1816 prout
806 1771 984 1805 multorum
1009 1776 1062 1805 est
1089 1772 1131 1806 ad
1152 1772 1245 1806 illum
1267 1771 1471 1816 transfugiis
1494 1772 1651 1806 declara-

173 1822 246 1853 tum
269 1818 380 1852 cuivis
403 1816 588 1851 conditioni
611 1816 887 1863 praeoptantium
923 1820 992 1852 tam
1015 1817 1168 1852 amabilis
1191 1818 1289 1852 ducis
1311 1818 1470 1863 auspiciis
1492 1817 1651 1852 militare.

175 1864 224 1898 sic
243 1863 302 1898 ille
325 1864 391 1897 ista
414 1862 598 1898 munitione
619 1863 771 1908 potitus,
803 1867 838 1896 et
869 1863 924 1897 illa
955 1874 1021 1897 non
1053 1864 1154 1898 facile
1177 1864 1379 1898 numerabili
1401 1863 1544 1909 pecunia
1566 1863 1649 1907 illic,

174 1914 213 1944 ut
237 1909 391 1952 diximus,
414 1909 568 1951 condita,
590 1909 627 1942 in
650 1920 744 1943 suam
767 1909 910 1943 redacta
932 1913 1159 1954 potestatem,
1192 1910 1351 1944 munifice
1376 1921 1459 1944 usus
1480 1914 1552 1944 tum
1576 1909 1651 1944 suis
1708 1922 1718 1934 ·

174 1956 218 1990 ab
242 1955 379 2001 antiquo
405 1954 566 1989 militibus
589 1955 763 2000 splendide
785 1955 1060 1997 remunerandis,
1085 1961 1156 1990 tum
1178 1956 1221 1990 iis
1245 1967 1380 2002 quoque
1402 1955 1484 2002 ipsis
1510 1955 1571 2002 qui
1591 1965 1652 1990 re-

175 2013 255 2035 cens
279 2002 322 2034 ad
345 2001 454 2046 ipsum
475 2002 730 2045 transfugerant
752 2002 981 2046 praemiandis
1013 2001 1268 2044 liberalissime,
1290 2006 1330 2036 ut
1351 2001 1431 2036 inde
1451 2002 1519 2036 iam
1546 2001 1651 2036 utris-

173 2058 241 2092 que
276 2050 476 2092 suppeteret
505 2059 573 2092 quo
605 2047 776 2081 commode
807 2047 1013 2094 copioseque
1044 2047 1205 2093 deinceps
1230 2048 1400 2083 viverent.
1446 2048 1516 2082 ista
1545 2057 1649 2093 porro

171 2092 360 2126 liberalitas
383 2092 629 2127 incredibiliter
650 2093 699 2126 illi
722 2093 868 2127 affectus
898 2099 934 2128 et
966 2093 1079 2128 studia
1108 2094 1238 2139 pariter
1262 2094 1407 2129 omnium
1432 2093 1649 2135 conciliabat,

173 2138 307 2172 nemine
340 2149 405 2171 non
438 2140 609 2183 gaudente
638 2140 780 2174 subesse
812 2139 968 2184 regimini
999 2143 1068 2174 tam
1103 2140 1241 2175 humani
1275 2151 1317 2175 ac
1351 2139 1501 2180 munifici
1535 2138 1647 2180 ducis,

175 2183 491 2229 promptissimeque
524 2189 644 2230 parato
688 2186 731 2219 ad
765 2185 901 2231 quidvis
931 2185 1020 2220 citra
1050 2187 1283 2232 exceptionem
1312 2186 1414 2220 ullam
1444 2186 1540 2230 iussu
1573 2184 1648 2218 eius

175 2230 346 2274 ductuque
371 2231 643 2274 aggrediendum.
690 2232 806 2277 itaque
837 2231 1005 2277 gregatim
1036 2233 1080 2266 ad
1110 2232 1200 2267 illum
1225 2233 1474 2267 concurrebant
1496 2229 1647 2275 undique

174 2287 240 2310 non
265 2275 389 2320 singuli
413 2276 539 2318 solum,
572 2277 634 2311 sed
657 2288 736 2311 suas
759 2277 901 2324 quisque
924 2278 1067 2312 familias
1089 2289 1212 2313 uxores
1236 2289 1278 2312 ac
1308 2277 1433 2311 liberos
1455 2276 1647 2318 trahentes,

174 2325 215 2356 ut
245 2320 319 2355 eius
349 2322 519 2356 fortunam
550 2323 625 2357 sine
657 2323 724 2357 alio
754 2328 911 2369 respectu
942 2329 1177 2370 sequerentur.
1224 2323 1343 2369 quodsi
1375 2322 1441 2356 hoc
1466 2322 1648 2366 indigenae

173 2365 298 2413 patriis
330 2366 419 2400 ultro
455 2367 584 2402 relictis
619 2370 824 2403 factitabant
857 2370 1016 2412 sedibus,
1040 2370 1144 2403 multo
1167 2369 1299 2404 scilicet
1320 2367 1411 2401 idem
1434 2367 1648 2402 affectabant

174 2412 358 2447 studiosius
381 2417 535 2447 extorres
558 2414 626 2449 iam
649 2415 853 2457 Cretenses3
890 2416 949 2469 qui
972 2415 1118 2461 patriam
1152 2415 1188 2449 in
1211 2414 1312 2449 exilio
1335 2424 1373 2447 se
1395 2413 1567 2459 reperisse
1590 2424 1650 2448 ar-

174 2458 294 2492 bitrati
324 2458 402 2492 talis
433 2459 546 2492 oblato
578 2460 748 2506 praesidio
784 2465 939 2504 patroni,
971 2461 1125 2495 certatim
1162 2460 1252 2494 omni
1284 2458 1445 2505 obsequio
1478 2460 1646 2493 sactorum

175 2504 425 2550 verborumque
448 2505 514 2538 toti
537 2511 635 2540 erant
657 2506 693 2540 in
715 2505 893 2540 ambienda
922 2506 989 2539 viri
1011 2506 1145 2550 gratia,
1176 2505 1409 2551 obsequiosius
1432 2505 1522 2538 haud
1544 2504 1647 2539 dubie

177 2561 279 2596 quam
300 2550 434 2594 privato
457 2551 604 2585 advenas
634 2552 669 2586 in
690 2551 904 2597 imperatoris
934 2551 1062 2585 ditione
1084 2562 1161 2585 sese
1184 2551 1346 2585 addicere
1366 2552 1421 2585 fas
1443 2551 1553 2591 foret,
1584 2550 1648 2585 ad-

177 2607 288 2641 eoque
311 2596 467 2641 cupidum
490 2596 646 2632 iuvenem
670 2609 735 2632 non
759 2597 903 2631 obscure
925 2596 1110 2631 invitantes
1133 2597 1178 2631 ad
1200 2607 1391 2642 supremam
1421 2596 1646 2631 invadendam

177 2645 384 2686 potestatem
408 2646 510 2686 atque
534 2644 576 2677 ab
600 2643 805 2688 imperatore
827 2643 1059 2678 deficiendum.
1106 2654 1170 2677 nec
1195 2643 1298 2678 surdo
1327 2643 1412 2685 ista,
1443 2650 1659 2688 quamquam*

176 2687 426 2722 dissimulanter
446 2687 542 2722 initio
568 2689 752 2731 cunctanti,
776 2690 995 2724 canebantur.
1042 2688 1120 2723 hinc
1142 2689 1230 2723 enim
1256 2687 1454 2723 consiliariis
1476 2692 1576 2723 utens
1599 2688 1645 2723 ad

175 2733 434 2778 periclitandum
457 2733 603 2778 acribus,
625 2746 792 2779 generosa
813 2735 942 2777 indole,
966 2734 1055 2770 flore
1081 2735 1219 2778 aetatis,
1242 2735 1407 2769 felicitate
1430 2734 1647 2769 successibus

176 2780 342 2823 probata,
364 2791 494 2815 summa
515 2779 581 2815 sibi
602 2792 756 2827 quaeque
779 2781 991 2828 despondere
1013 2781 1176 2815 audebat:
1202 2781 1280 2816 inde
1302 2785 1415 2815 tamen
1437 2780 1646 2815 retardaba-

175 2828 232 2859 tur
263 2825 492 2871 magnitudine
520 2825 658 2874 incepti.
705 2838 813 2874 quare
845 2827 992 2873 spatium
1023 2826 1261 2863 deliberationi
1289 2830 1451 2873 captans,
1483 2830 1520 2861 et
1552 2827 1645 2861 forte
