1858 3126
254 178 350 223 376
640 174 876 218 GEORGII
912 174 1262 220 PACHYMERIS

253 290 424 344 πέμπων
454 292 696 344 προσελθεῖν
727 287 841 343 ἠξίου
876 288 983 347 (ἅμα
1013 288 1061 332 δέ
1085 306 1127 346 γε
1158 290 1226 332 καὶ
1259 287 1443 347 ὅκαιρὸς
1478 287 1630 334 ἔκᾶλει·
1666 291 1719 334 τὰ

251 360 329 416 γὰρ
361 363 434 413 τῆς
466 362 799 413 τεσσαρακοστῆς
831 357 1053 414 ἐφειστήκει
1083 356 1240 401 εἷσόδια
1257 360 1324 401 καὶ
1342 362 1594 416 τυροφαγίας
1613 355 1719 415 ἦσαν

252 427 418 484 ἦμὲραι)
429 459 442 480 ,
490 425 605 476 ὅλαις
630 428 885 481 προθυμίαις
904 427 1011 482 παρ’
1038 425 1229 483 Ἰωάννην
1245 428 1405 483 γίνεται.
1475 429 1543 471 καὶ
1563 428 1614 484 δὴ
1633 429 1719 472 ε’πι-

256 494 440 547 στάντα,
477 495 815 552 παρευρεθεἰ’των
848 498 915 538 καὶ
939 495 1156 552 ἀρχιερέων
1186 497 1290 549 ἐκεῖ,
1326 494 1352 552 ἦ
1378 498 1564 540 δυσωπία
1584 495 1720 553 σφάλ-

205 577 235 612 Β
260 569 318 608 λει
335 564 405 608 τὸν
425 562 595 607 ἄνακτα.
665 561 691 618 ἡ
716 563 759 606 δ’
781 559 852 619 ἦν,
890 562 1073 620 πρόσεισι
1102 565 1176 618 μὲν
1197 563 1401 622 Ἰωάννῃ,’
1427 566 1495 608 καὶ
1512 564 1755 619 εὖλαβείαςὸ

254 632 430 689 ἡττᾶται
447 638 522 687 τῆς
542 632 645 689 πρὸς
664 629 788 675 αὐτόν
799 666 813 686 ,
847 636 913 677 καὶ
941 634 1103 687 ἕτοιμον
1123 631 1271 676 ἑαυτὸν
1300 634 1488 691 παρέχει,
1524 633 1556 677 εἷ
1576 634 1723 684 ἐκεῖνος

257 702 434 759 εὐλογεῖν
452 699 661 757 βούλοιτο.
730 699 752 744 ὃ
775 703 819 744 δὲ
841 702 978 745 “cinei
1001 702 1099 752 θεὸς
1121 699 1340 758 εὐλογήσω
1359 719 1405 746 σε
1423 704 1491 745 καὶ
1516 702 1590 745 οὐκ
1609 702 1722 759 ἐγὼ”

256 771 349 827 ἔφη.
422 771 522 820 τέως
556 771 600 812 δὲ
631 771 698 812 καὶ
722 772 756 813 εἷ
782 768 1040 827 πατριάρχην
1069 770 1196 814 αὐτὸν
1219 773 1416 828 λογίζοιτο
1438 772 1585 831 ἐρωτᾷ.
1657 773 1725 815 καὶ

257 840 302 890 ὃς
325 839 401 883 εἴτε
423 839 496 893 τὴν
521 838 705 894 εὐλογίαν
726 838 948 894 λαμβάνειν
965 839 1126 892 θέλων,
1163 839 1240 883 εἶ’τε
1259 839 1342 895 μὴν
1365 841 1430 882 καὶ
1454 839 1523 883 διὰ
1544 839 1615 883 τὸν
1634 857 1725 883 και-

258 909 331 965 ρὸν
361 906 703 959 δυσωπούμενος,
752 906 808 958 ὥς
837 908 896 963 μὴ
949 906 1162 964 λυπήσειεν
1196 906 1501 965 ἀρνησάμενος,
1548 908 1627 952 εἴτε
1658 910 1725 952 καὶ
1738 916 1782 952 10

206 991 235 1025 c
259 978 399 1032 τρίτον
421 977 495 1031 τὴν
516 975 593 1019 ἀπ’
617 977 767 1019 ἐκείνου
789 976 892 1032 πρὸς
910 975 932 1020 ὅ
952 994 991 1020 τι
1010 975 1183 1033 πράττοι
1202 975 1524 1032 ὑποποιούμενος
1551 976 1724 1031 εἷῖνοιαν,

257 1047 306 1089 τὸ
334 1046 476 1101 ἱλαρὸν
504 1045 709 1094 καθιστὰς
739 1045 974 1103 (ἀρχιερέων
1007 1043 1110 1102 γάρ,
1151 1046 1201 1090 οὗ
1224 1046 1426 1100 βασιλέως
1446 1044 1546 1089 εἶναι
1566 1046 1640 1101 τὴν
1661 1048 1728 1090 ἐπὶ

256 1112 418 1164 τούτοις
448 1112 686 1170 ἀπόφασιν)
718 1111 910 1170 ὁμολογεῖ
936 1112 1194 1170 πατριάρχην
1221 1113 1414 1171 ἡγεῖσθαι
1433 1114 1505 1157 τὸν
1522 1113 1727 1170 Ἰωάννην.

258 1185 324 1226 καὶ
346 1183 390 1233 ὃς
408 1185 448 1226 ἐν
467 1184 631 1236 δεσμοῖς
654 1182 781 1231 εὐθὺς
803 1182 978 1238 ἐπισχὼν
998 1182 1069 1226 τὸν
1093 1183 1263 1236 λέοντα,
1298 1185 1396 1226 “καὶ
1415 1185 1450 1226 εἰ
1471 1181 1728 1238 πατριάρχης

261 1250 373 1308 ἒγώ”
395 1253 546 1309 φησίν,
588 1249 683 1294 ’ζὸτι
715 1253 782 1293 καὶ
817 1250 932 1295 οὔπω
959 1251 1105 1301 τελέως
1133 1251 1186 1294 τὰ
1219 1255 1293 1308 τῆς
1321 1252 1420 1307 ἐμῆς
1444 1250 1729 1308 παραιτήσεως
1740 1264 1783 1301 15

259 1320 336 1364 οὐκ
357 1318 710 1375 ἐδοκιμάσθησαν,
748 1319 855 1363 ἀλλὰ
875 1321 943 1363 καὶ
960 1321 1003 1363 ἔν
1022 1324 1072 1377 τῇ
1094 1318 1247 1378 μεγάλῃ
1266 1321 1456 1379 ἐκκλησίᾳ
1474 1321 1540 1362 καὶ
1560 1320 1602 1364 ἓν
1624 1324 1728 1363 πολ-

208 1401 239 1434 Ι)
264 1394 354 1440 λαΐς
384 1396 531 1444 μοναΐς
562 1386 898 1444 μνημονεύομαι,
943 1386 1016 1431 ὕπ’
1046 1388 1278 1447 ἀφορισμὸν
1307 1388 1379 1433 τὸν
1409 1387 1492 1432 ἀπὸ
1510 1393 1585 1444 τῆς
1613 1386 1730 1445 ἁγίας

258 1601 343 1637 prae
375 1600 412 1625 se
445 1591 572 1626 tulerat
601 1591 798 1627 desiderare
832 1604 870 1627 se
893 1595 1107 1638 conspectum
1131 1592 1362 1638 imperatoris,
1395 1595 1432 1626 et
1454 1591 1565 1627 missis
1588 1590 1631 1626 ad
1654 1602 1730 1626 eum

257 1637 328 1671 suis
351 1648 394 1670 ne
418 1637 460 1671 ad
484 1649 522 1671 se
548 1643 752 1682 gravaretur
773 1639 895 1672 venire
921 1644 1116 1683 rogaverat.
1163 1644 1344 1685 praeterea
1367 1642 1498 1683 tempus
1519 1637 1628 1683 ipsum
1651 1637 1731 1672 anni

259 1683 406 1716 vocabat
437 1683 674 1728 imperatorem
706 1684 750 1718 ad
774 1684 807 1718 ei
841 1696 878 1718 se
911 1684 1115 1726 sistendum,
1147 1684 1206 1730 qui
1236 1685 1346 1718 adhuc
1369 1686 1645 1729 qualemcumque
1666 1694 1730 1728 pa-

258 1729 432 1762 triarchae
455 1729 599 1774 speciem
623 1735 777 1764 teneret:
809 1729 1027 1764 imminebant
1058 1730 1186 1775 quippe
1217 1730 1289 1764 dies
1313 1730 1464 1774 proxime
1486 1729 1732 1774 praecedentes

260 1774 553 1819 quadragesimam
586 1780 622 1809 et
652 1776 695 1810 ad
727 1787 802 1810 eam
831 1786 908 1810 mox
930 1775 1152 1810 inchoandam
1180 1776 1419 1821 disponentes,
1449 1786 1536 1820 quas
1569 1786 1732 1809 vocamus

259 1820 484 1865 tyrophagiae
515 1824 556 1855 ab
588 1832 648 1856 esu
679 1826 761 1855 tunc
791 1821 901 1856 adhuc
928 1821 1090 1866 permisso
1122 1821 1222 1857 casei.
1272 1821 1324 1856 his
1345 1832 1428 1866 ergo
1451 1820 1733 1855 concurrentibus

259 1866 303 1900 ad
328 1866 415 1900 idem
439 1867 645 1902 suadendum
660 1895 670 1910 ,
693 1867 791 1902 simul
815 1868 945 1902 cunctis
965 1867 1127 1902 incitatus
1160 1868 1204 1901 ad
1226 1867 1386 1902 Ioannem
1409 1878 1536 1901 summa
1559 1866 1734 1901 voluntate

260 1923 337 1945 sese
361 1911 547 1957 imperator
571 1907 713 1947 confert.
761 1913 818 1947 hic
842 1913 1086 1956 Andronicum,
1119 1926 1161 1947 ne
1189 1913 1253 1947 sibi
1275 1917 1449 1947 constaret
1469 1917 1547 1958 post
1567 1916 1637 1947 tam
1659 1923 1733 1946 ma-

260 1958 384 1991 nifeste
415 1958 620 1993 declaratam
653 1960 696 1993 de
731 1970 814 1994 vere
846 1958 986 2004 depulso
1020 1971 1040 1994 e
1070 1959 1322 2005 patriarchatus
1355 1959 1570 2004 possessione
1594 1958 1733 2000 Ioanne,

260 2004 475 2046 sententiam,
499 2004 601 2039 nimia
624 2005 788 2051 quaedam
811 2004 1015 2039 verecundia
1037 2004 1172 2040 deiecit.
1218 2005 1393 2052 reperiens
1416 2005 1501 2039 enim
1524 2003 1615 2049 apud
1629 2004 1734 2038 Ioan-

260 2060 337 2083 nem
361 2050 524 2094 quosdam
548 2051 660 2085 adhuc
681 2051 748 2096 ipsi
781 2051 1003 2086 adhaerentes
1038 2052 1236 2097 episcopos,
1271 2051 1343 2085 eius
1375 2055 1411 2085 et
1436 2051 1568 2085 illorum
1591 2054 1735 2094 urgente

261 2095 455 2129 reverentia
479 2096 657 2140 prolabens
692 2109 732 2131 eo
756 2108 795 2131 se
818 2097 934 2131 habitu
958 2108 1073 2131 coram
1095 2098 1222 2132 Ioanne
1245 2096 1393 2138 abiecit,
1425 2108 1493 2142 quo
1516 2101 1672 2142 paratum
1694 2106 1735 2130 se

262 2141 457 2174 ostenderet
480 2141 521 2175 ad
546 2142 775 2188 accipiendam
798 2144 841 2177 ab
868 2154 907 2176 eo
941 2142 1234 2186 benedictionem,
1267 2143 1298 2177 si
1327 2142 1525 2187 dignaretur
1547 2140 1735 2186 impertiri3

261 2186 393 2230 qualem
418 2187 542 2221 habere
575 2189 733 2223 honorem
759 2188 858 2223 alteri
892 2199 991 2242 quam
1013 2189 1232 2233 patriarchae
1264 2193 1358 2223 certo
1381 2199 1453 2222 mos
1475 2198 1542 2221 non
1565 2189 1651 2220 erat.
1697 2185 1734 2220 id

261 2231 379 2265 videns
403 2231 545 2266 Ioannes
567 2233 683 2268 “deus
706 2234 769 2268 tibi
790 2235 983 2276 benedicat,
1008 2246 1074 2269 non
1096 2246 1159 2280 ego
1168 2234 1190 2250 ”
1213 2234 1281 2277 ait3
1307 2246 1350 2268 ac
1371 2232 1586 2267 nihilominus
1608 2230 1734 2276 ecquid

263 2288 302 2310 se
328 2288 444 2311 verum
467 2279 699 2322 patriarcham
723 2284 925 2324 agnosceret
947 2280 1130 2326 quaesivit.
1177 2280 1406 2326 deprehensus
1427 2281 1600 2322 Augustus
1622 2276 1734 2322 inopi-

261 2326 344 2356 nata
374 2323 658 2368 interrogatione,
694 2331 730 2360 et
761 2326 835 2360 sive
867 2337 904 2360 re
928 2337 1011 2360 vera
1034 2326 1150 2361 volens
1181 2327 1253 2360 eius
1283 2323 1529 2363 benedictionis
1559 2321 1734 2376 particeps

261 2367 358 2409 fieri,
384 2368 459 2402 sive
483 2381 606 2404 causae
629 2381 670 2404 ac
693 2371 839 2417 tempori
862 2371 1012 2405 serviens
1026 2397 1038 2416 ,
1070 2371 1358 2415 offensionemque
1380 2369 1471 2403 senis
1504 2367 1732 2402 vensimiliter

262 2425 306 2447 ex
329 2414 510 2457 negatione
535 2419 725 2450 secuturam
750 2417 799 2450 uti
823 2428 929 2461 scopo
953 2429 1021 2462 quo
1044 2417 1214 2462 aspiraret
1237 2414 1470 2450 adversariam
1492 2413 1625 2456 vitans,
1659 2414 1734 2449 sive

262 2458 409 2505 denique
434 2460 519 2493 bene
542 2460 727 2505 impensam
751 2462 1017 2506 qualemcunque
1047 2461 1308 2495 assentationem
1337 2464 1522 2504 reputans,
1552 2471 1620 2505 qua
1653 2471 1735 2504 gra-

264 2505 347 2539 tiam
370 2504 434 2538 sibi
453 2505 525 2538 eius
548 2506 887 2552 benevolentiamque
910 2507 1127 2551 adiungeret,
1163 2510 1203 2540 ut
1227 2518 1267 2540 eo
1290 2505 1411 2539 deinde
1434 2505 1535 2539 hilari
1560 2508 1734 2551 prompto-

265 2562 332 2596 que
355 2550 399 2584 ad
421 2551 600 2585 favendum
625 2555 800 2596 uteretur,
834 2563 908 2585 cum
932 2555 968 2585 et
991 2552 1118 2597 alioqui
1141 2552 1184 2586 de
1207 2550 1430 2586 abdicationis
1454 2550 1640 2595 qualitate,
1673 2562 1734 2585 va-

262 2597 335 2630 lida
356 2595 414 2629 illa
437 2608 541 2630 necne
565 2602 677 2639 esset,
713 2609 778 2631 non
811 2608 906 2631 suum
931 2597 990 2630 sed
1013 2598 1245 2642 episcoporum
1270 2608 1345 2631 esse
1366 2596 1527 2631 iudicium
1552 2596 1735 2643 cogitaret,

266 2641 474 2688 respondens
521 2643 669 2677 rofessus
693 2646 748 2676 est
768 2654 806 2676 se
829 2653 890 2696 pro
913 2642 1062 2686 legitimo
1085 2642 1278 2687 patriarcha
1299 2643 1457 2676 Ioannem
1479 2643 1620 2677 habere.
1663 2654 1733 2688 quo

267 2688 411 2721 Ioannes
437 2698 480 2722 au
504 2687 575 2729 ito,
599 2688 738 2723 vincula
761 2691 873 2723 statim
897 2687 1038 2722 induens
1060 2687 1147 2721 leoni
1170 2692 1292 2733 capto,
1328 2689 1460 2733 “atqui
1482 2688 1648 2734 siquidem
1670 2699 1735 2733 pa—

267 2734 418 2768 triarcha
444 2745 508 2778 ego
531 2746 613 2768 vere
636 2746 707 2768 sum
722 2761 732 2779 ‚
756 2745 833 2768 mea
856 2733 999 2767 nondum
1022 2733 1234 2768 abdicatione
1257 2734 1310 2767 vel
1333 2734 1479 2779 probata
1501 2735 1556 2768 vel
1579 2737 1734 2778 accepta,

269 2785 577 2825 perseveranteque
605 2780 715 2814 adhuc
746 2779 780 2814 in
803 2790 924 2824 magna
948 2778 1090 2813 ecclesia
1122 2783 1158 2813 et
1187 2779 1400 2814 monasteriis
1423 2779 1735 2814 commemoratione

269 2824 334 2859 mei
357 2825 518 2870 nominis,
553 2826 760 2861 anctoritate
791 2829 931 2862 sanctae
961 2825 1126 2860 trinitatis
1156 2824 1489 2861 excommunicationi
1511 2825 1630 2861 maiori
1652 2825 1733 2859 sub-
