1858 3126
219 158 316 204 382
641 155 879 200 GEORGII
912 154 1266 201 PACHYMEms

168 279 199 313 B
223 274 346 314 τοῦτο
372 267 582 325 ὑβρίζετο,
618 265 743 312 πάλιν
765 273 841 325 τῆς
870 270 1081 325 καθέδρας
1112 270 1277 326 ἐξέστην
1294 275 1691 329 ·τῆς·πατριαρχικῆς

217 340 287 382 διὰ
306 339 380 393 τὴν
400 336 562 393 εἷρήνην
581 336 724 393 αὐτήν.
771 339 855 382 ἐπεὶ
878 339 923 381 δὲ
944 341 1010 381 καὶ
1031 335 1158 389 αὖθις
1175 339 1328 395 ἐγένετο
1348 340 1446 383 ὅσον
1464 340 1689 397 γινώσκετε,

218 410 286 450 καὶ
315 407 548 463 ἀφορισμός
578 405 820 463 ἓξεφωνῆθη
847 425 920 461 μοι
948 408 1054 450 κατὰ
1084 413 1161 451 τοῦ
1180 407 1601 462 -ἆναβιβάσοντοςέπὶ
1621 409 1693 452 τὸν

218 475 514 531 πατριαρχικὸν
554 474 712 532 θρόνον
741 477 814 519 τὸν
834 475 957 533 κύριν
984 475 1236 520 Ἀθανάσιον
1267 477 1336 520 διὰ
1369 478 1415 521 τὸ
1450 479 1584 520 δοκεῖν
1618 479 1692 533 τὴν

217 545 346 587 αὐτοῦ
376 543 581 598 ἀνάβασιν
613 550 786 602 βαρεῖαν
813 551 914 588 πᾶσι
944 548 1010 588 καὶ
1039 547 1227 602 ἐπαχθῆ,
1263 545 1378 600 ὖμεῖς
1407 547 1452 590 δὲ
1475 546 1627 602 ἀρτίως
1644 546 1726 592 0135

219 614 390 669 δέχεσθε
421 619 570 656 τοῦτον
601 615 761 669 δηλαδὴ
792 615 864 657 τὸν
889 614 1122 670 ἇφορισμὸν
1151 613 1206 665 ὡς
1229 615 1286 671 μὴ
1305 616 1600 673 ἔκφιονηθέντα
1619 633 1694 659 και

220 687 413 735 νονικῶς,
460 681 516 732 ὥς
547 682 676 739 λέγετε
688 717 700 736 ,
748 683 840 726 ἰδοὺ
862 687 935 726 καὶ
963 684 1088 733 αὐτὸς
1129 683 1226 727 ὅσον
1257 684 1303 727 τὸ
1342 690 1418 728 τοῦ
1457 685 1694 742 ἇφορισμοῦ

223 750 418 804 ἀπολύω,
453 753 521 794 καὶ
551 751 791 795 παντάπασι
823 754 1039 806 λελυμένον
1070 754 1148 807 ἔχω
1182 751 1328 806 αὐτόν,
1374 754 1421 796 οὗ
1453 754 1592 808 μέντοι
1620 753 1696 809 τὴν

173 830 204 864 C
228 819 432 875 ἀνάβασιν
452 821 581 864 αὐτοῦ
602 821 769 865 εὐδοκῶ.
841 827 929 872 πῶς
943 822 1020 878 γὰρ
1042 822 1091 865 ἂν
1115 822 1241 865 αὐτὸν
1262 825 1328 865 καὶ
1355 822 1524 878 δέξομαι
1546 821 1602 872 ὥς
1620 822 1699 879 ἀρ-

219 891 357 947 χιερέα
370 922 384 942 ,
418 889 647 945 ἄνθρωπον
667 892 1008 947 κατηγορηθέντα
1039 894 1104 933 καὶ
1125 890 1382 947 &moseum
1395 894 1462 935 καὶ
1489 887 1653 948 χείρονα
1669 890 1696 947 ’ἢ
1712 902 1755 936 10

224 960 301 1016 ἐγὼ
317 964 465 1015 μικροῦ
489 961 572 1001 δεῖν
593 961 660 1002 καὶ
680 962 735 1010 εἷς
758 960 886 1016 αὐτὴν
908 960 982 1016 τὴν
1000 959 1206 1013 εὐσέβειαν
1228 961 1358 1005 αὐτοῦ
1370 995 1383 1014 ,
1410 961 1545 1012 ἄλλως
1563 977 1606 1011 τε
1628 963 1700 1003 καὶ

222 1026 584 1084 παραιτησάμενον
625 1030 967 1084 ἓκκλησιαστικῶς
1006 1032 1072 1072 καὶ
1113 1035 1360 1085 κανονικῶς;
1417 1034 1551 1073 ταῦτα
1596 1030 1700 1085 λέγω

221 1103 324 1140 πᾶσι
352 1099 419 1139 καὶ
443 1096 791 1154 διαμαρτύρομαι.
863 1098 905 1140 εἷ’
928 1116 966 1140 τι
1002 1100 1046 1141 δὲ
1078 1104 1218 1156 συμβῇ
1247 1099 1353 1153 μετὰ
1380 1103 1539 1151 ταῦτα,
1583 1097 1700 1152 ὑμεῖς

225 1165 407 1221 ὄψεσθε·
447 1167 493 1209 τὸ
514 1167 593 1223 γὰρ
614 1165 812 1222 ἡμέτερον
832 1165 944 1209 ἅπαν
968 1165 1193 1223 δεδήλωκα.
1267 1166 1288 1211 ὁ
1312 1169 1357 1210 δὲ
1375 1168 1475 1218 θεὸς
1495 1172 1569 1222 τῆς
1588 1165 1700 1222 εἰρή-

223 1253 296 1291 νης
308 1268 322 1288 ,
361 1234 382 1278 ὅ
406 1235 452 1278 τὸ
477 1236 580 1278 ἴδιον
608 1234 712 1290 αἷμα
727 1235 830 1286 δοὺς
848 1234 949 1293 ὗπὲρ
968 1241 1043 1291 τῆς
1063 1235 1180 1292 ἁγίας
1200 1237 1329 1279 αὐτοῦ
1353 1238 1567 1292 ἐκκλησίας
1579 1269 1593 1289 ,
1623 1236 1698 1278 αὖ·
1713 1245 1756 1280 15

221 1306 295 1354 τὸς
315 1301 470 1360 ταύτης
490 1302 653 1360 ποιήσοι
675 1305 722 1348 τὸ
745 1305 959 1361 συμφέρον
981 1307 1047 1348 καὶ
1067 1308 1270 1363 εἶρηναῖον
1291 1307 1359 1348 καὶ
1377 1305 1700 1349 ἀστασίαστον.”

220 1372 246 1430 ἦ
268 1372 492 1430 ὑπογραφὴ
517 1372 570 1416 “ὃ
593 1374 731 1428 ἀββᾶς
746 1373 982 1429 Ἰωάννης.”

78 1449 106 1481 Ρ
131 1447 199 1482 266
363 1444 410 1488 7.
477 1441 637 1499 Ἡμέρα
672 1444 746 1495 μὲν
779 1439 852 1486 οὖν
883 1442 1122 1500 παρασκευὴ
1154 1437 1228 1498 ἦν,
1265 1440 1433 1499 πρώτην
1462 1443 1508 1486 δὲ
1526 1441 1621 1497 ’μετ’
1645 1443 1702 1485 εἲ-

224 1509 332 1555 κᾶδα
354 1509 375 1554 ὅ
396 1511 492 1553 κατ’
515 1511 765 1566 Ἀθηναίους
789 1512 1125 1566 Μαιμακτηριών
1143 1511 1226 1566 μὴν
1249 1507 1316 1569 ἦγε
1330 1544 1342 1564 ,
1382 1514 1448 1554 καὶ
1469 1510 1490 1556 ὃ
1509 1511 1705 1568 βασιλεῦς

225 1582 273 1624 τὸ
302 1578 474 1638 γράμμα
509 1581 682 1635 ἐδέχετο.
753 1580 775 1623 ὃ
805 1581 855 1636 δὴ
886 1583 952 1623 καὶ
983 1584 1038 1631 εἷς
1068 1585 1276 1638 προῦπτον
1293 1582 1368 1634 μὲν
1387 1582 1455 1623 καὶ
1474 1582 1760 1635 πασίδηλονὲο

230 1760 376 1795 ecclesia
400 1763 543 1806 propter
565 1760 630 1795 hoc
662 1759 880 1795 afficiebatur
905 1759 1129 1802 contumeliis,
1154 1759 1302 1794 secundo
1327 1771 1347 1792 e
1369 1758 1533 1794 cathedra
1554 1759 1705 1805 patriar-

232 1809 331 1842 chica
353 1807 535 1849 descendi,
567 1807 711 1841 eundem
745 1819 842 1852 quem
875 1809 970 1852 prius
1000 1807 1135 1840 intuens
1168 1818 1303 1850 scopum
1336 1808 1431 1851 pacis
1463 1818 1537 1840 meo
1568 1816 1705 1840 secessu

232 1854 448 1888 statuendae.
496 1858 674 1899 postquam
710 1861 822 1886 autern
855 1853 976 1887 deinde
1004 1853 1180 1897 contigere
1211 1864 1300 1897 quae
1332 1853 1431 1886 vobis
1455 1858 1533 1886 sunt
1554 1851 1706 1895 cognita,

230 1906 268 1934 et
302 1900 600 1934 excommunicatio
634 1899 853 1944 pronuntiata
876 1906 931 1933 est
955 1910 976 1933 a
998 1911 1051 1932 me
1073 1899 1108 1932 in
1134 1910 1209 1932 eum
1233 1898 1290 1942 qui
1313 1899 1495 1933 restituere
1518 1901 1707 1932 'attentaret

234 1947 356 1980 throno
382 1946 605 1991 patriarchali
627 1947 795 1979 dominum
819 1946 1037 1980 Athanasium
1051 1971 1060 1987 ‚
1093 1945 1183 1990 quod
1206 1944 1286 1978 mihi
1309 1946 1426 1979 futura
1446 1945 1622 1978 videretur
1643 1945 1709 1978 hu·-

232 1993 285 2025 ius
316 1993 504 2026 istiusmodi
527 1991 696 2037 promotio
718 1992 838 2026 odiosa
860 1992 1014 2026 omnibus
1047 1995 1082 2025 et
1108 1991 1267 2033 molesta,
1302 2002 1365 2025 vos
1398 2000 1479 2024 vero
1513 2001 1618 2036 super
1638 1989 1708 2024 ista

231 2050 352 2071 recens
377 2038 723 2072 excommunicatione
747 2038 891 2073 consulti
914 2048 979 2072 non
1002 2038 1177 2071 admittitis
1200 2038 1311 2077 illam,
1345 2043 1536 2083 tamquam,
1558 2042 1598 2070 ut
1620 2036 1708 2070 dici-

235 2084 294 2125 tis,
319 2096 386 2117 noa
411 2085 455 2118 sit
479 2086 640 2118 canonice
663 2084 808 2129 perlata,
832 2096 874 2118 en
897 2096 960 2130 ego
983 2087 1074 2118 ultro
1097 2084 1182 2129 ipse,
1204 2083 1448 2128 qualecumque
1470 2088 1524 2116 est
1548 2086 1610 2116 aut
1632 2088 1710 2116 esse

234 2136 351 2174 potest
375 2131 728 2165 excommunicationis
750 2130 848 2164 istius
872 2130 1038 2164 vinculum
1062 2131 1175 2171 solvo,
1199 2140 1430 2175 revocansque
1451 2129 1543 2163 illam
1565 2139 1628 2174 pro
1650 2138 1708 2162 re-

238 2177 354 2210 laxata
379 2177 538 2221 deinceps
571 2177 801 2221 neminemque
831 2177 865 2211 in
890 2183 1061 2222 posterum
1085 2177 1211 2221 ligante
1236 2176 1355 2210 habeo.
1401 2186 1511 2221 neque
1533 2180 1646 2208 tamen
1671 2174 1707 2207 in

235 2222 359 2256 domini
385 2223 558 2256 Athanasii
590 2234 782 2267 regressum
816 2224 861 2256 ad
893 2226 1049 2257 thronum
1081 2223 1123 2256 de
1154 2226 1291 2256 caetero
1315 2222 1494 2256 assentior.
1539 2218 1705 2265 quomodo

237 2268 325 2302 enim
355 2268 464 2313 ipsum
493 2270 528 2302 in
559 2270 754 2313 pontificem
786 2270 980 2312 admittam,
1009 2270 1175 2303 hominem
1205 2272 1398 2301 accusatum
1428 2271 1464 2300 et
1485 2265 1708 2299 deformatum

235 2314 421 2359 ignominia
445 2315 588 2348 nondum
613 2317 788 2358 abstersa,
824 2316 970 2361 denique
993 2315 1118 2360 peioris
1142 2315 1184 2348 ad
1208 2315 1291 2355 hoc,
1323 2323 1424 2358 quam
1447 2323 1511 2355 ego
1535 2311 1598 2345 sim
1619 2310 1706 2357 ipse,

235 2360 459 2401 conditionis,
494 2361 579 2394 adeo
614 2362 749 2406 quidem
783 2367 822 2395 ut
845 2373 963 2406 parum
997 2361 1089 2395 absit
1111 2361 1191 2405 quin
1215 2360 1258 2392 de
1282 2358 1445 2402 religione
1468 2357 1542 2391 eius
1564 2368 1708 2402 aequam

235 2406 413 2440 dubitandi
436 2417 571 2440 causam
596 2408 772 2451 praebeat,
789 2407 988 2451 praesertim
1012 2418 1087 2440 cum
1111 2416 1215 2451 super
1237 2406 1320 2438 haec
1343 2403 1453 2437 omnia
1474 2403 1709 2445 patriarchatu

235 2454 312 2497 ipse
334 2451 457 2485 dudum
482 2453 570 2485 ultro
595 2453 740 2486 cesserit
761 2453 993 2487 ecclesiastice
1016 2464 1057 2486 ac
1080 2451 1268 2485 canonice?
1290 2451 1376 2483 haec
1398 2449 1550 2483 omnibus
1573 2449 1649 2484 dico
1673 2455 1711 2482 et

238 2503 422 2532 contestor.
470 2498 500 2531 si
531 2498 611 2543 quid
634 2510 718 2531 vero
741 2500 883 2542 posthac
905 2509 1004 2531 secus
1026 2509 1127 2543 quam
1150 2498 1203 2530 fas
1225 2496 1329 2530 fuerit
1353 2495 1507 2537 accidat,
1531 2507 1591 2529 vos
1615 2495 1711 2528 vide-

238 2545 334 2579 retis.
383 2555 491 2578 meum
515 2544 601 2577 enim
625 2555 758 2577 sensum
783 2545 883 2586 plane
907 2544 1089 2577 declaravi.
1137 2543 1220 2576 deus
1243 2546 1355 2575 autem
1386 2542 1501 2586 pacis,
1534 2541 1595 2586 qui
1629 2552 1712 2586 pro-

237 2591 348 2636 prium
372 2602 437 2636 pro
461 2594 577 2624 sancta
601 2590 746 2623 ecclesia
773 2590 856 2622 dare
891 2589 1087 2633 sanguinem
1109 2599 1174 2622 non
1198 2587 1375 2633 pepercit,
1398 2588 1484 2633 ·ipse
1516 2587 1608 2634 quod
1631 2587 1711 2621 huie

240 2637 380 2684 expedit
402 2637 445 2671 ad
467 2647 586 2682 pacem
610 2639 646 2669 et
673 2636 849 2670 turbarum
873 2637 1072 2669 amotionem
1095 2633 1237 2670 faciat.''

969 2680 1185 2725 subscriptio.
1327 2679 1439 2713 Abbas
1462 2679 1617 2713 Ioannes.

332 2731 366 2766 7.
413 2728 519 2764 Feria
541 2731 617 2762 erat
639 2727 868 2762 hebdomadae
892 2730 1010 2769 sexta,
1042 2737 1142 2772 quam
1167 2737 1384 2771 parascenem
1408 2726 1569 2766 dicimus,
1601 2723 1713 2769 prima

241 2788 322 2811 vero
346 2781 425 2822 post
446 2775 639 2810 vicesimam
662 2774 736 2809 dies
759 2774 880 2808 mensis
902 2773 1059 2818 Augusti,
1084 2774 1141 2818 qui
1164 2773 1424 2806 Atheniensibus
1448 2771 1714 2806 Maemacterion

241 2829 306 2866 est,
332 2823 466 2869 quaudo
486 2822 671 2868 imperator
693 2821 757 2855 hoc
789 2819 955 2867 scriptum
985 2820 1129 2866 accepit.
1171 2819 1209 2853 id
1235 2819 1349 2853 statim
1374 2818 1484 2864 palam
1508 2828 1575 2852 non
1598 2821 1714 2851 osten-
