<?xml version="1.0" encoding="UTF-8"?>
<!DOCTYPE html PUBLIC "-//W3C//DTD XHTML 1.0 Transitional//EN"
    "http://www.w3.org/TR/xhtml1/DTD/xhtml1-transitional.dtd">
<html xmlns="http://www.w3.org/1999/xhtml" xml:lang="en" lang="en">
 <head>
  <title>
</title>
<meta http-equiv="Content-Type" content="text/html;charset=utf-8" />
  <meta name='ocr-system' content='tesseract 3.04.00' />
  <meta name='ocr-capabilities' content='ocr_page ocr_carea ocr_par ocr_line ocrx_word'/>
</head>
<body>
  <div class='ocr_page' id='page_1' title='image "./corpusscriptorum18niebuoft_0852.png"; bbox 0 0 1858 3126; ppageno 0'>
   <div class='ocr_carea' id='block_1_1' title="bbox 296 152 1393 201">
    <p class='ocr_par' dir='ltr' id='par_1_1' title="bbox 296 152 1393 201">
     <span class='ocr_line' id='line_1_1' title="bbox 296 152 1393 201; baseline -0.001 -3"><span class='ocrx_word' id='word_1_1' title='bbox 296 153 399 201; x_wconf 57' lang='lat'><strong>834</strong></span> <span class='ocrx_word' id='word_1_2' title='bbox 657 152 981 198; x_wconf 54' lang='grc' dir='ltr'><strong>ΑΟΒΕΕΒῩΑΤ.</strong></span> <span class='ocrx_word' id='word_1_3' title='bbox 1009 152 1320 198; x_wconf 83' lang='lat' dir='ltr'>PACHYMER.</span> <span class='ocrx_word' id='word_1_4' title='bbox 1387 177 1393 187; x_wconf 89' lang='lat'><strong>-·</strong></span> 
     </span>
    </p>
   </div>
   <div class='ocr_carea' id='block_1_2' title="bbox 170 262 1754 2367">
    <p class='ocr_par' dir='ltr' id='par_1_2' title="bbox 299 262 1738 814">
     <span class='ocr_line' id='line_1_2' title="bbox 514 262 1526 313; baseline 0.004 -15"><span class='ocrx_word' id='word_1_5' title='bbox 514 262 747 313; x_wconf 81' lang='lat' dir='ltr'><strong>infletaeque</strong></span> <span class='ocrx_word' id='word_1_6' title='bbox 771 263 901 299; x_wconf 85' lang='lat' dir='ltr'><strong>iacent</strong></span> <span class='ocrx_word' id='word_1_7' title='bbox 921 263 1055 313; x_wconf 81' lang='lat' dir='ltr'><strong>inopes</strong></span> <span class='ocrx_word' id='word_1_8' title='bbox 1073 275 1191 313; x_wconf 82' lang='lat' dir='ltr'><strong>super</strong></span> <span class='ocrx_word' id='word_1_9' title='bbox 1215 275 1317 301; x_wconf 74' lang='lat' dir='ltr'><strong>arva</strong></span> <span class='ocrx_word' id='word_1_10' title='bbox 1338 269 1526 302; x_wconf 78' lang='lat' dir='ltr'><strong>catervae.</strong></span> 
     </span>
     <span class='ocr_line' id='line_1_3' title="bbox 299 317 1728 370; baseline 0.001 -13"><span class='ocrx_word' id='word_1_11' title='bbox 299 319 418 369; x_wconf 84' lang='lat' dir='ltr'><strong>igitur</strong></span> <span class='ocrx_word' id='word_1_12' title='bbox 442 318 631 356; x_wconf 76' lang='lat' dir='ltr'><strong>transitus</strong></span> <span class='ocrx_word' id='word_1_13' title='bbox 658 317 998 356; x_wconf 83' lang='lat' dir='ltr'><strong>Ottomanidarum</strong></span> <span class='ocrx_word' id='word_1_14' title='bbox 1030 317 1072 355; x_wconf 89' lang='lat' dir='ltr'><strong>in</strong></span> <span class='ocrx_word' id='word_1_15' title='bbox 1091 318 1286 370; x_wconf 86' lang='lat' dir='ltr'><strong>Europam</strong></span> <span class='ocrx_word' id='word_1_16' title='bbox 1300 319 1363 356; x_wconf 85' lang='lat' dir='ltr'><strong>his</strong></span> <span class='ocrx_word' id='word_1_17' title='bbox 1382 319 1513 357; x_wconf 85' lang='lat' dir='ltr'><strong>verbis</strong></span> <span class='ocrx_word' id='word_1_18' title='bbox 1536 319 1728 360; x_wconf 81' lang='lat' dir='ltr'>innuitur.</span> 
     </span>
     <span class='ocr_line' id='line_1_4' title="bbox 301 373 1730 425; baseline 0.001 -14"><span class='ocrx_word' id='word_1_19' title='bbox 301 375 335 412; x_wconf 89' lang='lat' dir='ltr'><strong>is</strong></span> <span class='ocrx_word' id='word_1_20' title='bbox 366 373 534 425; x_wconf 85' lang='lat' dir='ltr'><strong>primum</strong></span> <span class='ocrx_word' id='word_1_21' title='bbox 571 373 778 424; x_wconf 78' lang='lat' dir='ltr'><strong>contigisse</strong></span> <span class='ocrx_word' id='word_1_22' title='bbox 803 373 850 410; x_wconf 90' lang='lat' dir='ltr'><strong>ab</strong></span> <span class='ocrx_word' id='word_1_23' title='bbox 883 373 1074 411; x_wconf 79' lang='lat' dir='ltr'><strong>Arabibus</strong></span> <span class='ocrx_word' id='word_1_24' title='bbox 1102 374 1274 412; x_wconf 84' lang='lat' dir='ltr'><strong>traditur</strong></span> <span class='ocrx_word' id='word_1_25' title='bbox 1305 387 1409 412; x_wconf 86' lang='lat' dir='ltr'><strong>anno</strong></span> <span class='ocrx_word' id='word_1_26' title='bbox 1443 373 1604 424; x_wconf 83' lang='lat' dir='ltr'><strong>Hegirae</strong></span> <span class='ocrx_word' id='word_1_27' title='bbox 1634 378 1730 424; x_wconf 86' lang='lat'><strong>758,</strong></span> 
     </span>
     <span class='ocr_line' id='line_1_5' title="bbox 303 429 1731 481; baseline 0.001 -14"><span class='ocrx_word' id='word_1_28' title='bbox 303 429 371 480; x_wconf 87' lang='lat' dir='ltr'><strong>qui</strong></span> <span class='ocrx_word' id='word_1_29' title='bbox 399 442 521 481; x_wconf 88' lang='lat' dir='ltr'><strong>paene</strong></span> <span class='ocrx_word' id='word_1_30' title='bbox 551 434 658 466; x_wconf 91' lang='lat' dir='ltr'><strong>totus</strong></span> <span class='ocrx_word' id='word_1_31' title='bbox 687 429 876 466; x_wconf 88' lang='lat' dir='ltr'><strong>coincidit</strong></span> <span class='ocrx_word' id='word_1_32' title='bbox 903 443 992 467; x_wconf 89' lang='lat' dir='ltr'><strong>cum</strong></span> <span class='ocrx_word' id='word_1_33' title='bbox 1022 443 1124 467; x_wconf 91' lang='lat' dir='ltr'><strong>anno</strong></span> <span class='ocrx_word' id='word_1_34' title='bbox 1152 429 1298 468; x_wconf 75' lang='lat' dir='ltr'><strong>Christi</strong></span> <span class='ocrx_word' id='word_1_35' title='bbox 1318 430 1448 476; x_wconf 83' lang='grc'><strong>1857,</strong></span> <span class='ocrx_word' id='word_1_36' title='bbox 1476 430 1622 481; x_wconf 76' lang='lat' dir='ltr'><strong>quippe</strong></span> <span class='ocrx_word' id='word_1_37' title='bbox 1641 443 1731 468; x_wconf 89' lang='lat' dir='ltr'><strong>cum</strong></span> 
     </span>
     <span class='ocr_line' id='line_1_6' title="bbox 302 483 1734 536; baseline 0.001 -14"><span class='ocrx_word' id='word_1_38' title='bbox 302 486 476 536; x_wconf 86' lang='lat' dir='ltr'><strong>coeperit</strong></span> <span class='ocrx_word' id='word_1_39' title='bbox 497 499 517 522; x_wconf 91' lang='lat' dir='ltr'><strong>a</strong></span> <span class='ocrx_word' id='word_1_40' title='bbox 539 485 602 522; x_wconf 88' lang='lat' dir='ltr'><strong>die</strong></span> <span class='ocrx_word' id='word_1_41' title='bbox 622 483 675 524; x_wconf 79' lang='lat'><strong>25</strong></span> <span class='ocrx_word' id='word_1_42' title='bbox 699 484 918 522; x_wconf 82' lang='lat' dir='ltr'><strong>Decembris</strong></span> <span class='ocrx_word' id='word_1_43' title='bbox 938 485 1030 522; x_wconf 86' lang='lat' dir='ltr'><strong>anni</strong></span> <span class='ocrx_word' id='word_1_44' title='bbox 1053 485 1194 524; x_wconf 84' lang='lat' dir='ltr'><strong>Christi</strong></span> <span class='ocrx_word' id='word_1_45' title='bbox 1217 485 1336 527; x_wconf 81' lang='lat'><strong>1356.</strong></span> <span class='ocrx_word' id='word_1_46' title='bbox 1391 491 1490 523; x_wconf 86' lang='lat' dir='ltr'><strong>tunc</strong></span> <span class='ocrx_word' id='word_1_47' title='bbox 1508 485 1608 523; x_wconf 87' lang='lat' dir='ltr'><strong>enim</strong></span> <span class='ocrx_word' id='word_1_48' title='bbox 1627 485 1734 523; x_wconf 88' lang='lat' dir='ltr'><strong>iussu</strong></span> 
     </span>
     <span class='ocr_line' id='line_1_7' title="bbox 302 539 1734 591; baseline -0.001 -12"><span class='ocrx_word' id='word_1_49' title='bbox 302 540 495 579; x_wconf 86' lang='lat' dir='ltr'><strong>Urchanis</strong></span> <span class='ocrx_word' id='word_1_50' title='bbox 511 540 615 578; x_wconf 88' lang='lat' dir='ltr'><strong>filius</strong></span> <span class='ocrx_word' id='word_1_51' title='bbox 634 539 752 578; x_wconf 90' lang='lat' dir='ltr'><strong>huius</strong></span> <span class='ocrx_word' id='word_1_52' title='bbox 767 540 980 578; x_wconf 87' lang='lat' dir='ltr'><strong>Solimanes</strong></span> <span class='ocrx_word' id='word_1_53' title='bbox 998 544 1179 579; x_wconf 73' lang='lat' dir='ltr'><strong>connexis</strong></span> <span class='ocrx_word' id='word_1_54' title='bbox 1199 541 1382 579; x_wconf 72' lang='lat' dir='ltr'><strong>trabibus</strong></span> <span class='ocrx_word' id='word_1_55' title='bbox 1399 542 1536 591; x_wconf 81' lang='lat' dir='ltr'><strong>copias</strong></span> <span class='ocrx_word' id='word_1_56' title='bbox 1551 542 1594 579; x_wconf 83' lang='lat' dir='ltr'><strong>in</strong></span> <span class='ocrx_word' id='word_1_57' title='bbox 1611 541 1734 579; x_wconf 84' lang='lat' dir='ltr'><strong>Grae-</strong></span> 
     </span>
     <span class='ocr_line' id='line_1_8' title="bbox 305 596 1736 648; baseline -0.002 -13"><span class='ocrx_word' id='word_1_58' title='bbox 305 599 410 635; x_wconf 85' lang='lat' dir='ltr'><strong>ciam</strong></span> <span class='ocrx_word' id='word_1_59' title='bbox 436 597 615 644; x_wconf 80' lang='lat' dir='ltr'><strong>traiecit,</strong></span> <span class='ocrx_word' id='word_1_60' title='bbox 645 603 682 632; x_wconf 83' lang='lat' dir='ltr'><strong>et</strong></span> <span class='ocrx_word' id='word_1_61' title='bbox 710 610 813 633; x_wconf 86' lang='lat' dir='ltr'><strong>anno</strong></span> <span class='ocrx_word' id='word_1_62' title='bbox 847 598 1022 647; x_wconf 76' lang='lat' dir='ltr'><strong>sequenti</strong></span> <span class='ocrx_word' id='word_1_63' title='bbox 1044 598 1142 648; x_wconf 81' lang='lat' dir='ltr'><strong>cepit</strong></span> <span class='ocrx_word' id='word_1_64' title='bbox 1161 597 1294 634; x_wconf 83' lang='lat' dir='ltr'><strong>urbem</strong></span> <span class='ocrx_word' id='word_1_65' title='bbox 1318 596 1560 647; x_wconf 79' lang='lat' dir='ltr'><strong>Callipolim.</strong></span> <span class='ocrx_word' id='word_1_66' title='bbox 1615 596 1736 634; x_wconf 74' lang='lat' dir='ltr'><strong>verba</strong></span> 
     </span>
     <span class='ocr_line' id='line_1_9' title="bbox 306 651 1736 702; baseline -0.002 -11"><span class='ocrx_word' id='word_1_67' title='bbox 306 659 399 691; x_wconf 89' lang='lat' dir='ltr'><strong>sunt</strong></span> <span class='ocrx_word' id='word_1_68' title='bbox 417 651 700 690; x_wconf 84' lang='lat' dir='ltr'><strong>continuatoris</strong></span> <span class='ocrx_word' id='word_1_69' title='bbox 716 651 1044 702; x_wconf 84' lang='lat' dir='ltr'><strong>Abulpharagiani</strong></span> <span class='ocrx_word' id='word_1_70' title='bbox 1064 652 1262 690; x_wconf 87' lang='lat' dir='ltr'><strong>Chronici.</strong></span> <span class='ocrx_word' id='word_1_71' title='bbox 1301 652 1409 702; x_wconf 84' lang='lat' dir='ltr'><strong>quod</strong></span> <span class='ocrx_word' id='word_1_72' title='bbox 1430 658 1558 690; x_wconf 85' lang='lat' dir='ltr'><strong>autem</strong></span> <span class='ocrx_word' id='word_1_73' title='bbox 1577 665 1626 690; x_wconf 84' lang='lat' dir='ltr'><strong>ex</strong></span> <span class='ocrx_word' id='word_1_74' title='bbox 1646 652 1736 690; x_wconf 78' lang='lat' dir='ltr'><strong>Asia</strong></span> 
     </span>
     <span class='ocr_line' id='line_1_10' title="bbox 305 707 1738 760; baseline -0.002 -14"><span class='ocrx_word' id='word_1_75' title='bbox 305 709 347 746; x_wconf 89' lang='lat' dir='ltr'><strong>in</strong></span> <span class='ocrx_word' id='word_1_76' title='bbox 371 709 590 759; x_wconf 87' lang='lat' dir='ltr'><strong>Europam,</strong></span> <span class='ocrx_word' id='word_1_77' title='bbox 619 720 758 758; x_wconf 81' lang='lat' dir='ltr'><strong>nempe</strong></span> <span class='ocrx_word' id='word_1_78' title='bbox 784 709 1147 759; x_wconf 85' lang='lat' dir='ltr'><strong>septentrionalem,</strong></span> <span class='ocrx_word' id='word_1_79' title='bbox 1177 708 1227 746; x_wconf 84' lang='lat' dir='ltr'><strong>ad</strong></span> <span class='ocrx_word' id='word_1_80' title='bbox 1257 707 1477 760; x_wconf 85' lang='lat' dir='ltr'><strong>Callipolim</strong></span> <span class='ocrx_word' id='word_1_81' title='bbox 1498 708 1658 746; x_wconf 76' lang='lat' dir='ltr'><strong>ascendi</strong></span> <span class='ocrx_word' id='word_1_82' title='bbox 1675 707 1738 745; x_wconf 86' lang='lat' dir='ltr'><strong>di-</strong></span> 
     </span>
     <span class='ocr_line' id='line_1_11' title="bbox 307 762 1738 814; baseline -0.003 -11"><span class='ocrx_word' id='word_1_83' title='bbox 307 764 422 813; x_wconf 82' lang='lat' dir='ltr'><strong>citur,</strong></span> <span class='ocrx_word' id='word_1_84' title='bbox 450 769 555 802; x_wconf 82' lang='lat' dir='ltr'><strong>recte</strong></span> <span class='ocrx_word' id='word_1_85' title='bbox 575 763 741 812; x_wconf 82' lang='lat' dir='ltr'><strong>quadrat</strong></span> <span class='ocrx_word' id='word_1_86' title='bbox 763 763 812 800; x_wconf 85' lang='lat' dir='ltr'><strong>ad</strong></span> <span class='ocrx_word' id='word_1_87' title='bbox 832 764 1048 801; x_wconf 85' lang='lat' dir='ltr'><strong>naturalem</strong></span> <span class='ocrx_word' id='word_1_88' title='bbox 1073 764 1212 802; x_wconf 88' lang='lat' dir='ltr'><strong>situm:</strong></span> <span class='ocrx_word' id='word_1_89' title='bbox 1242 777 1332 801; x_wconf 85' lang='lat' dir='ltr'><strong>nam</strong></span> <span class='ocrx_word' id='word_1_90' title='bbox 1347 777 1438 802; x_wconf 87' lang='lat' dir='ltr'><strong>vere</strong></span> <span class='ocrx_word' id='word_1_91' title='bbox 1454 763 1562 802; x_wconf 83' lang='lat' dir='ltr'><strong>Maro</strong></span> <span class='ocrx_word' id='word_1_92' title='bbox 1580 762 1738 814; x_wconf 83' lang='lat' dir='ltr'><strong>scripsit</strong></span> 
     </span>
    </p>

    <p class='ocr_par' dir='ltr' id='par_1_3' title="bbox 523 817 1683 872">
     <span class='ocr_line' id='line_1_12' title="bbox 523 817 1683 872; baseline 0.001 -17"><span class='ocrx_word' id='word_1_93' title='bbox 523 817 697 855; x_wconf 78' lang='lat' dir='ltr'><strong>mundus</strong></span> <span class='ocrx_word' id='word_1_94' title='bbox 725 825 771 855; x_wconf 85' lang='lat' dir='ltr'><strong>ut</strong></span> <span class='ocrx_word' id='word_1_95' title='bbox 798 817 856 855; x_wconf 81' lang='lat' dir='ltr'><strong>ad</strong></span> <span class='ocrx_word' id='word_1_96' title='bbox 882 819 1085 872; x_wconf 70' lang='lat' dir='ltr'><strong>Scythiam</strong></span> <span class='ocrx_word' id='word_1_97' title='bbox 1112 821 1363 871; x_wconf 74' lang='lat' dir='ltr'><strong>Ripaeasque</strong></span> <span class='ocrx_word' id='word_1_98' title='bbox 1389 817 1544 857; x_wconf 78' lang='lat' dir='ltr'><strong>arduus</strong></span> <span class='ocrx_word' id='word_1_99' title='bbox 1573 833 1683 858; x_wconf 79' lang='lat' dir='ltr'><strong>arces</strong></span> 
     </span>
    </p>

    <p class='ocr_par' dir='ltr' id='par_1_4' title="bbox 525 875 833 925">
     <span class='ocr_line' id='line_1_13' title="bbox 525 875 833 925; baseline 0.01 -15"><span class='ocrx_word' id='word_1_100' title='bbox 525 875 729 925; x_wconf 75' lang='lat' dir='ltr'><strong>cons-urgit</strong></span> <span class='ocrx_word' id='word_1_101' title='bbox 758 879 833 913; x_wconf 84' lang='lat' dir='ltr'><strong>etc.</strong></span> 
     </span>
    </p>

    <p class='ocr_par' dir='ltr' id='par_1_5' title="bbox 170 928 1752 2188">
     <span class='ocr_line' id='line_1_14' title="bbox 170 928 1739 983; baseline -0.004 -10"><span class='ocrx_word' id='word_1_102' title='bbox 170 938 197 972; x_wconf 87' lang='lat' dir='ltr'>P</span> <span class='ocrx_word' id='word_1_103' title='bbox 221 936 286 972; x_wconf 84' lang='lat'><strong>605</strong></span> <span class='ocrx_word' id='word_1_104' title='bbox 311 929 436 983; x_wconf 87' lang='lat' dir='ltr'><strong>pergit</strong></span> <span class='ocrx_word' id='word_1_105' title='bbox 463 943 571 967; x_wconf 84' lang='lat' dir='ltr'><strong>sacer</strong></span> <span class='ocrx_word' id='word_1_106' title='bbox 598 935 707 967; x_wconf 82' lang='lat' dir='ltr'><strong>vates</strong></span> <span class='ocrx_word' id='word_1_107' title='bbox 732 929 947 979; x_wconf 87' lang='lat' dir='ltr'><strong>adiungens</strong></span> <span class='ocrx_word' id='word_1_108' title='bbox 979 930 1027 968; x_wconf 91' lang='lat' dir='ltr'><strong>de</strong></span> <span class='ocrx_word' id='word_1_109' title='bbox 1062 930 1146 981; x_wconf 87' lang='lat' dir='ltr'><strong>Gog</strong></span> <span class='ocrx_word' id='word_1_110' title='bbox 1175 936 1212 968; x_wconf 91' lang='lat' dir='ltr'><strong>et</strong></span> <span class='ocrx_word' id='word_1_111' title='bbox 1243 930 1402 981; x_wconf 85' lang='lat' dir='ltr'><strong>Magog,</strong></span> <span class='ocrx_word' id='word_1_112' title='bbox 1430 928 1507 968; x_wconf 86' lang='lat' dir='ltr'><strong>hoc</strong></span> <span class='ocrx_word' id='word_1_113' title='bbox 1529 935 1588 968; x_wconf 90' lang='lat' dir='ltr'><strong>est</strong></span> <span class='ocrx_word' id='word_1_114' title='bbox 1603 929 1739 968; x_wconf 83' lang='lat' dir='ltr'><strong>Turcis</strong></span> 
     </span>
     <span class='ocr_line' id='line_1_15' title="bbox 309 986 1740 1026; baseline -0.001 -2"><span class='ocrx_word' id='word_1_115' title='bbox 309 986 587 1024; x_wconf 83' lang='lat' dir='ltr'><strong>Ottomanicis:</strong></span> <span class='ocrx_word' id='word_1_116' title='bbox 625 992 661 1022; x_wconf 84' lang='lat' dir='ltr'><strong>et</strong></span> <span class='ocrx_word' id='word_1_117' title='bbox 693 987 927 1023; x_wconf 78' lang='lat' dir='ltr'><strong>cireuieram</strong></span> <span class='ocrx_word' id='word_1_118' title='bbox 955 993 1089 1023; x_wconf 78' lang='lat' dir='ltr'><strong>eastra</strong></span> <span class='ocrx_word' id='word_1_119' title='bbox 1119 994 1359 1026; x_wconf 77' lang='lat' dir='ltr'><strong>sanctorum.</strong></span> <span class='ocrx_word' id='word_1_120' title='bbox 1423 986 1511 1024; x_wconf 86' lang='lat' dir='ltr'><strong>voci</strong></span> <span class='ocrx_word' id='word_1_121' title='bbox 1539 994 1672 1023; x_wconf 79' lang='lat' dir='ltr'><strong>castra</strong></span> <span class='ocrx_word' id='word_1_122' title='bbox 1697 987 1740 1023; x_wconf 85' lang='lat' dir='ltr'><strong>in</strong></span> 
     </span>
     <span class='ocr_line' id='line_1_16' title="bbox 313 1040 1740 1094; baseline -0.001 -14"><span class='ocrx_word' id='word_1_123' title='bbox 313 1041 526 1092; x_wconf 84' lang='lat' dir='ltr'><strong>originibus</strong></span> <span class='ocrx_word' id='word_1_124' title='bbox 555 1041 710 1079; x_wconf 85' lang='lat' dir='ltr'><strong>Graecis</strong></span> <span class='ocrx_word' id='word_1_125' title='bbox 740 1041 952 1093; x_wconf 83' lang='lat' dir='ltr'><strong>respondet</strong></span> <span class='ocrx_word' id='word_1_126' title='bbox 980 1040 1206 1094; x_wconf 80' lang='grc' dir='ltr'><em>παρεμβολή</em></span> <span class='ocrx_word' id='word_1_127' title='bbox 1234 1044 1364 1080; x_wconf 89' lang='lat' dir='ltr'><strong>locum</strong></span> <span class='ocrx_word' id='word_1_128' title='bbox 1386 1041 1619 1092; x_wconf 87' lang='lat' dir='ltr'><strong>singularem</strong></span> <span class='ocrx_word' id='word_1_129' title='bbox 1643 1041 1740 1079; x_wconf 85' lang='lat' dir='ltr'><strong>desi-</strong></span> 
     </span>
     <span class='ocr_line' id='line_1_17' title="bbox 313 1097 1741 1148; baseline 0.001 -14"><span class='ocrx_word' id='word_1_130' title='bbox 313 1110 448 1148; x_wconf 86' lang='lat' dir='ltr'><strong>gnans.</strong></span> <span class='ocrx_word' id='word_1_131' title='bbox 507 1110 575 1146; x_wconf 88' lang='lat' dir='ltr'><strong>ego</strong></span> <span class='ocrx_word' id='word_1_132' title='bbox 599 1110 671 1148; x_wconf 88' lang='lat' dir='ltr'><strong>per</strong></span> <span class='ocrx_word' id='word_1_133' title='bbox 695 1104 830 1134; x_wconf 81' lang='lat' dir='ltr'><strong>castra</strong></span> <span class='ocrx_word' id='word_1_134' title='bbox 850 1103 1079 1134; x_wconf 80' lang='lat' dir='ltr'><strong>sanctorum</strong></span> <span class='ocrx_word' id='word_1_135' title='bbox 1095 1104 1239 1135; x_wconf 82' lang='lat' dir='ltr'><strong>terram</strong></span> <span class='ocrx_word' id='word_1_136' title='bbox 1262 1103 1434 1135; x_wconf 84' lang='lat' dir='ltr'><strong>sanctam</strong></span> <span class='ocrx_word' id='word_1_137' title='bbox 1455 1103 1492 1135; x_wconf 88' lang='lat' dir='ltr'><strong>et</strong></span> <span class='ocrx_word' id='word_1_138' title='bbox 1513 1097 1741 1147; x_wconf 82' lang='lat' dir='ltr'><strong>Hierosoly-</strong></span> 
     </span>
     <span class='ocr_line' id='line_1_18' title="bbox 311 1152 1742 1205; baseline -0.001 -14"><span class='ocrx_word' id='word_1_139' title='bbox 311 1166 414 1191; x_wconf 87' lang='lat' dir='ltr'><strong>mam</strong></span> <span class='ocrx_word' id='word_1_140' title='bbox 433 1152 627 1202; x_wconf 86' lang='lat' dir='ltr'><strong>intelligo,</strong></span> <span class='ocrx_word' id='word_1_141' title='bbox 658 1157 718 1190; x_wconf 87' lang='lat' dir='ltr'><strong>tot</strong></span> <span class='ocrx_word' id='word_1_142' title='bbox 737 1152 1048 1191; x_wconf 85' lang='lat' dir='ltr'><strong>Christianorum</strong></span> <span class='ocrx_word' id='word_1_143' title='bbox 1065 1153 1184 1191; x_wconf 88' lang='lat' dir='ltr'><strong>sacris</strong></span> <span class='ocrx_word' id='word_1_144' title='bbox 1202 1152 1518 1205; x_wconf 85' lang='lat' dir='ltr'><strong>expeditionibus</strong></span> <span class='ocrx_word' id='word_1_145' title='bbox 1536 1159 1576 1190; x_wconf 87' lang='lat' dir='ltr'><strong>et</strong></span> <span class='ocrx_word' id='word_1_146' title='bbox 1590 1152 1742 1191; x_wconf 83' lang='lat' dir='ltr'><strong>bellicis</strong></span> 
     </span>
     <span class='ocr_line' id='line_1_19' title="bbox 314 1208 1742 1260; baseline -0.001 -14"><span class='ocrx_word' id='word_1_147' title='bbox 314 1208 550 1246; x_wconf 86' lang='lat' dir='ltr'><strong>facinoribus</strong></span> <span class='ocrx_word' id='word_1_148' title='bbox 579 1208 787 1257; x_wconf 85' lang='lat' dir='ltr'><strong>quaesitam</strong></span> <span class='ocrx_word' id='word_1_149' title='bbox 819 1213 857 1246; x_wconf 88' lang='lat' dir='ltr'><strong>et</strong></span> <span class='ocrx_word' id='word_1_150' title='bbox 887 1208 955 1245; x_wconf 85' lang='lat' dir='ltr'><strong>diu</strong></span> <span class='ocrx_word' id='word_1_151' title='bbox 987 1222 1212 1260; x_wconf 86' lang='lat' dir='ltr'><strong>possessam.</strong></span> <span class='ocrx_word' id='word_1_152' title='bbox 1268 1208 1371 1246; x_wconf 87' lang='lat' dir='ltr'><strong>hanc</strong></span> <span class='ocrx_word' id='word_1_153' title='bbox 1389 1208 1632 1246; x_wconf 87' lang='lat' dir='ltr'><strong>Ottomanica</strong></span> <span class='ocrx_word' id='word_1_154' title='bbox 1664 1222 1742 1259; x_wconf 90' lang='lat' dir='ltr'><strong>po-</strong></span> 
     </span>
     <span class='ocr_line' id='line_1_20' title="bbox 313 1261 1743 1316; baseline -0.001 -15"><span class='ocrx_word' id='word_1_155' title='bbox 313 1264 436 1302; x_wconf 74' lang='lat' dir='ltr'><strong>tentia</strong></span> <span class='ocrx_word' id='word_1_156' title='bbox 461 1263 653 1301; x_wconf 85' lang='lat' dir='ltr'><strong>circumiit</strong></span> <span class='ocrx_word' id='word_1_157' title='bbox 673 1261 890 1303; x_wconf 79' lang='grc' dir='ltr'><em>ἒκύκλωσεν</em></span> <span class='ocrx_word' id='word_1_158' title='bbox 907 1263 1018 1301; x_wconf 87' lang='lat' dir='ltr'><strong>illinc</strong></span> <span class='ocrx_word' id='word_1_159' title='bbox 1035 1264 1224 1316; x_wconf 84' lang='lat' dir='ltr'><strong>Aegypto,</strong></span> <span class='ocrx_word' id='word_1_160' title='bbox 1254 1263 1348 1301; x_wconf 88' lang='lat' dir='ltr'><strong>hinc</strong></span> <span class='ocrx_word' id='word_1_161' title='bbox 1367 1263 1457 1301; x_wconf 78' lang='lat' dir='ltr'><strong>Asia</strong></span> <span class='ocrx_word' id='word_1_162' title='bbox 1474 1264 1622 1311; x_wconf 87' lang='lat' dir='ltr'><strong>maiori,</strong></span> <span class='ocrx_word' id='word_1_163' title='bbox 1651 1263 1743 1300; x_wconf 91' lang='lat' dir='ltr'><strong>inde</strong></span> 
     </span>
     <span class='ocr_line' id='line_1_21' title="bbox 316 1319 1743 1371; baseline -0.001 -13"><span class='ocrx_word' id='word_1_164' title='bbox 316 1319 506 1358; x_wconf 87' lang='lat' dir='ltr'><strong>Phoenice</strong></span> <span class='ocrx_word' id='word_1_165' title='bbox 526 1320 732 1370; x_wconf 82' lang='lat' dir='ltr'><strong>Cyproque</strong></span> <span class='ocrx_word' id='word_1_166' title='bbox 754 1319 978 1370; x_wconf 81' lang='lat' dir='ltr'><strong>occupatis,</strong></span> <span class='ocrx_word' id='word_1_167' title='bbox 1007 1326 1052 1357; x_wconf 91' lang='lat' dir='ltr'><strong>ut</strong></span> <span class='ocrx_word' id='word_1_168' title='bbox 1069 1320 1146 1357; x_wconf 88' lang='lat' dir='ltr'><strong>iam</strong></span> <span class='ocrx_word' id='word_1_169' title='bbox 1170 1333 1218 1358; x_wconf 89' lang='lat' dir='ltr'><strong>ne</strong></span> <span class='ocrx_word' id='word_1_170' title='bbox 1238 1319 1338 1357; x_wconf 88' lang='lat' dir='ltr'><strong>adiri</strong></span> <span class='ocrx_word' id='word_1_171' title='bbox 1356 1319 1512 1371; x_wconf 87' lang='lat' dir='ltr'><strong>quidem</strong></span> <span class='ocrx_word' id='word_1_172' title='bbox 1535 1333 1556 1356; x_wconf 91' lang='lat' dir='ltr'><strong>a</strong></span> <span class='ocrx_word' id='word_1_173' title='bbox 1581 1319 1743 1370; x_wconf 87' lang='lat' dir='ltr'><strong>privatis</strong></span> 
     </span>
     <span class='ocr_line' id='line_1_22' title="bbox 316 1374 1746 1427; baseline -0.001 -15"><span class='ocrx_word' id='word_1_174' title='bbox 316 1388 431 1413; x_wconf 84' lang='lat' dir='ltr'><strong>causa</strong></span> <span class='ocrx_word' id='word_1_175' title='bbox 459 1375 678 1424; x_wconf 86' lang='lat' dir='ltr'><strong>religionis,</strong></span> <span class='ocrx_word' id='word_1_176' title='bbox 708 1374 782 1412; x_wconf 87' lang='lat' dir='ltr'><strong>nisi</strong></span> <span class='ocrx_word' id='word_1_177' title='bbox 807 1381 938 1425; x_wconf 89' lang='lat' dir='ltr'><strong>empto</strong></span> <span class='ocrx_word' id='word_1_178' title='bbox 965 1375 1012 1412; x_wconf 92' lang='lat' dir='ltr'><strong>ab</strong></span> <span class='ocrx_word' id='word_1_179' title='bbox 1033 1375 1127 1427; x_wconf 88' lang='lat' dir='ltr'><strong>ipsis</strong></span> <span class='ocrx_word' id='word_1_180' title='bbox 1152 1375 1340 1422; x_wconf 86' lang='lat' dir='ltr'><strong>transitu,</strong></span> <span class='ocrx_word' id='word_1_181' title='bbox 1371 1376 1505 1426; x_wconf 85' lang='lat' dir='ltr'><strong>possit.</strong></span> <span class='ocrx_word' id='word_1_182' title='bbox 1561 1375 1746 1413; x_wconf 88' lang='lat' dir='ltr'><strong>ultimum</strong></span> 
     </span>
     <span class='ocr_line' id='line_1_23' title="bbox 318 1429 1745 1482; baseline -0.001 -15"><span class='ocrx_word' id='word_1_183' title='bbox 318 1430 657 1468; x_wconf 84' lang='lat' dir='ltr'><strong>Ottomanidarum</strong></span> <span class='ocrx_word' id='word_1_184' title='bbox 683 1431 832 1468; x_wconf 81' lang='lat' dir='ltr'><strong>facinus</strong></span> <span class='ocrx_word' id='word_1_185' title='bbox 867 1432 905 1470; x_wconf 90' lang='lat' dir='ltr'><strong>S.</strong></span> <span class='ocrx_word' id='word_1_186' title='bbox 931 1430 1091 1469; x_wconf 84' lang='lat' dir='ltr'><strong>Ioannes</strong></span> <span class='ocrx_word' id='word_1_187' title='bbox 1117 1429 1180 1469; x_wconf 87' lang='lat' dir='ltr'><strong>his</strong></span> <span class='ocrx_word' id='word_1_188' title='bbox 1210 1431 1338 1469; x_wconf 84' lang='lat' dir='ltr'><strong>verbis</strong></span> <span class='ocrx_word' id='word_1_189' title='bbox 1363 1430 1571 1482; x_wconf 82' lang='lat' dir='ltr'><strong>exprimit:</strong></span> <span class='ocrx_word' id='word_1_190' title='bbox 1609 1437 1649 1468; x_wconf 78' lang='lat' dir='ltr'><strong>et</strong></span> <span class='ocrx_word' id='word_1_191' title='bbox 1679 1443 1745 1466; x_wconf 87' lang='lat' dir='ltr'><strong>ca-</strong></span> 
     </span>
     <span class='ocr_line' id='line_1_24' title="bbox 314 1484 1746 1538; baseline 0.001 -16"><span class='ocrx_word' id='word_1_192' title='bbox 314 1488 425 1536; x_wconf 79' lang='lat' dir='ltr'><strong>pient</strong></span> <span class='ocrx_word' id='word_1_193' title='bbox 444 1487 644 1522; x_wconf 79' lang='lat' dir='ltr'><strong>civitatem</strong></span> <span class='ocrx_word' id='word_1_194' title='bbox 667 1484 865 1526; x_wconf 70' lang='lat' dir='ltr'><strong>dilectam.</strong></span> <span class='ocrx_word' id='word_1_195' title='bbox 894 1499 1080 1536; x_wconf 88' lang='lat' dir='ltr'><strong>quaenam</strong></span> <span class='ocrx_word' id='word_1_196' title='bbox 1098 1486 1193 1524; x_wconf 90' lang='lat' dir='ltr'><strong>haec</strong></span> <span class='ocrx_word' id='word_1_197' title='bbox 1211 1486 1378 1536; x_wconf 87' lang='lat' dir='ltr'><strong>intelligi</strong></span> <span class='ocrx_word' id='word_1_198' title='bbox 1392 1486 1514 1538; x_wconf 87' lang='lat' dir='ltr'><strong>possit</strong></span> <span class='ocrx_word' id='word_1_199' title='bbox 1533 1485 1609 1523; x_wconf 85' lang='lat' dir='ltr'><strong>alia</strong></span> <span class='ocrx_word' id='word_1_200' title='bbox 1630 1499 1746 1536; x_wconf 83' lang='lat' dir='ltr'><strong>quarn</strong></span> 
     </span>
     <span class='ocr_line' id='line_1_25' title="bbox 319 1541 1745 1592; baseline 0 -14"><span class='ocrx_word' id='word_1_201' title='bbox 319 1541 700 1591; x_wconf 68' lang='lat' dir='ltr'><strong>Constantinopolis,</strong></span> <span class='ocrx_word' id='word_1_202' title='bbox 729 1555 752 1578; x_wconf 89' lang='lat' dir='ltr'><strong>a</strong></span> <span class='ocrx_word' id='word_1_203' title='bbox 769 1541 986 1579; x_wconf 83' lang='lat' dir='ltr'><strong>Muhamete</strong></span> <span class='ocrx_word' id='word_1_204' title='bbox 1002 1542 1173 1580; x_wconf 88' lang='lat' dir='ltr'><strong>secundo</strong></span> <span class='ocrx_word' id='word_1_205' title='bbox 1195 1555 1257 1581; x_wconf 84' lang='lat' dir='ltr'><strong>an.</strong></span> <span class='ocrx_word' id='word_1_206' title='bbox 1277 1541 1367 1582; x_wconf 89' lang='lat' dir='ltr'><strong>Chr.</strong></span> <span class='ocrx_word' id='word_1_207' title='bbox 1388 1541 1493 1584; x_wconf 80' lang='lat'>1453</span> <span class='ocrx_word' id='word_1_208' title='bbox 1512 1547 1745 1592; x_wconf 83' lang='lat' dir='ltr'><strong>expugnata,</strong></span> 
     </span>
     <span class='ocr_line' id='line_1_26' title="bbox 319 1595 1746 1649; baseline 0.001 -16"><span class='ocrx_word' id='word_1_209' title='bbox 319 1601 358 1633; x_wconf 86' lang='lat' dir='ltr'><strong>et</strong></span> <span class='ocrx_word' id='word_1_210' title='bbox 374 1595 420 1632; x_wconf 92' lang='lat' dir='ltr'><strong>ab</strong></span> <span class='ocrx_word' id='word_1_211' title='bbox 446 1595 526 1632; x_wconf 89' lang='lat' dir='ltr'><strong>eius</strong></span> <span class='ocrx_word' id='word_1_212' title='bbox 558 1595 843 1634; x_wconf 81' lang='lat' dir='ltr'><strong>successoribus</strong></span> <span class='ocrx_word' id='word_1_213' title='bbox 863 1597 1049 1635; x_wconf 88' lang='lat' dir='ltr'><strong>hactenus</strong></span> <span class='ocrx_word' id='word_1_214' title='bbox 1073 1611 1147 1649; x_wconf 87' lang='lat' dir='ltr'><strong>pro</strong></span> <span class='ocrx_word' id='word_1_215' title='bbox 1171 1596 1324 1647; x_wconf 88' lang='lat' dir='ltr'><strong>imperii</strong></span> <span class='ocrx_word' id='word_1_216' title='bbox 1343 1597 1578 1634; x_wconf 89' lang='lat' dir='ltr'><strong>Ottomanici</strong></span> <span class='ocrx_word' id='word_1_217' title='bbox 1602 1597 1746 1647; x_wconf 81' lang='lat' dir='ltr'><strong>prima-</strong></span> 
     </span>
     <span class='ocr_line' id='line_1_27' title="bbox 318 1649 1748 1702; baseline -0.001 -13"><span class='ocrx_word' id='word_1_218' title='bbox 318 1651 378 1689; x_wconf 79' lang='lat' dir='ltr'><strong>ria</strong></span> <span class='ocrx_word' id='word_1_219' title='bbox 392 1650 484 1688; x_wconf 84' lang='lat' dir='ltr'><strong>sede</strong></span> <span class='ocrx_word' id='word_1_220' title='bbox 499 1649 658 1688; x_wconf 69' lang='lat' dir='ltr'><strong>habita?</strong></span> <span class='ocrx_word' id='word_1_221' title='bbox 717 1650 904 1688; x_wconf 81' lang='lat' dir='ltr'><strong>dilectam</strong></span> <span class='ocrx_word' id='word_1_222' title='bbox 926 1659 1063 1700; x_wconf 82' lang='lat' dir='ltr'><strong>vocat,</strong></span> <span class='ocrx_word' id='word_1_223' title='bbox 1093 1652 1183 1702; x_wconf 81' lang='lat' dir='ltr'><strong>quia</strong></span> <span class='ocrx_word' id='word_1_224' title='bbox 1208 1666 1291 1689; x_wconf 88' lang='lat' dir='ltr'><strong>eam</strong></span> <span class='ocrx_word' id='word_1_225' title='bbox 1317 1651 1500 1689; x_wconf 87' lang='lat' dir='ltr'><strong>fundator</strong></span> <span class='ocrx_word' id='word_1_226' title='bbox 1529 1652 1748 1690; x_wconf 87' lang='lat' dir='ltr'><strong>Constanti-</strong></span> 
     </span>
     <span class='ocr_line' id='line_1_28' title="bbox 322 1705 1747 1757; baseline 0.001 -13"><span class='ocrx_word' id='word_1_227' title='bbox 322 1719 396 1744; x_wconf 88' lang='lat' dir='ltr'><strong>nus</strong></span> <span class='ocrx_word' id='word_1_228' title='bbox 414 1712 494 1743; x_wconf 79' lang='lat' dir='ltr'><strong>no‘n</strong></span> <span class='ocrx_word' id='word_1_229' title='bbox 513 1712 557 1743; x_wconf 89' lang='lat' dir='ltr'><strong>ut</strong></span> <span class='ocrx_word' id='word_1_230' title='bbox 577 1705 744 1757; x_wconf 79' lang='lat' dir='ltr'><strong>patriam</strong></span> <span class='ocrx_word' id='word_1_231' title='bbox 763 1706 806 1744; x_wconf 89' lang='lat' dir='ltr'><strong>in</strong></span> <span class='ocrx_word' id='word_1_232' title='bbox 826 1720 903 1757; x_wconf 90' lang='lat' dir='ltr'><strong>qua</strong></span> <span class='ocrx_word' id='word_1_233' title='bbox 923 1713 1022 1745; x_wconf 86' lang='lat' dir='ltr'><strong>esset</strong></span> <span class='ocrx_word' id='word_1_234' title='bbox 1040 1714 1155 1744; x_wconf 90' lang='lat' dir='ltr'><strong>natus</strong></span> <span class='ocrx_word' id='word_1_235' title='bbox 1175 1707 1372 1755; x_wconf 84' lang='lat' dir='ltr'><strong>amaverit,</strong></span> <span class='ocrx_word' id='word_1_236' title='bbox 1401 1707 1467 1744; x_wconf 90' lang='lat' dir='ltr'><strong>sed</strong></span> <span class='ocrx_word' id='word_1_237' title='bbox 1484 1707 1653 1744; x_wconf 86' lang='lat' dir='ltr'><strong>naturali</strong></span> <span class='ocrx_word' id='word_1_238' title='bbox 1669 1707 1747 1745; x_wconf 89' lang='lat' dir='ltr'><strong>situ</strong></span> 
     </span>
     <span class='ocr_line' id='line_1_29' title="bbox 323 1761 1749 1813; baseline 0.001 -13"><span class='ocrx_word' id='word_1_239' title='bbox 323 1768 363 1800; x_wconf 90' lang='lat' dir='ltr'><strong>et</strong></span> <span class='ocrx_word' id='word_1_240' title='bbox 390 1762 675 1812; x_wconf 84' lang='lat' dir='ltr'><strong>praestantibus</strong></span> <span class='ocrx_word' id='word_1_241' title='bbox 702 1761 783 1799; x_wconf 87' lang='lat' dir='ltr'><strong>eius</strong></span> <span class='ocrx_word' id='word_1_242' title='bbox 806 1762 905 1799; x_wconf 86' lang='lat' dir='ltr'><strong>coeli</strong></span> <span class='ocrx_word' id='word_1_243' title='bbox 930 1776 976 1799; x_wconf 88' lang='lat' dir='ltr'><strong>ac</strong></span> <span class='ocrx_word' id='word_1_244' title='bbox 995 1763 1067 1800; x_wconf 89' lang='lat' dir='ltr'><strong>soli</strong></span> <span class='ocrx_word' id='word_1_245' title='bbox 1089 1762 1245 1799; x_wconf 88' lang='lat' dir='ltr'><strong>dotibus</strong></span> <span class='ocrx_word' id='word_1_246' title='bbox 1267 1775 1358 1813; x_wconf 89' lang='lat' dir='ltr'><strong>prae</strong></span> <span class='ocrx_word' id='word_1_247' title='bbox 1386 1762 1536 1800; x_wconf 85' lang='lat' dir='ltr'><strong>cunetis</strong></span> <span class='ocrx_word' id='word_1_248' title='bbox 1564 1762 1749 1813; x_wconf 87' lang='lat' dir='ltr'><strong>delegerit</strong></span> 
     </span>
     <span class='ocr_line' id='line_1_30' title="bbox 323 1817 1749 1868; baseline 0.001 -13"><span class='ocrx_word' id='word_1_249' title='bbox 323 1824 362 1855; x_wconf 89' lang='lat' dir='ltr'><strong>et</strong></span> <span class='ocrx_word' id='word_1_250' title='bbox 388 1817 594 1865; x_wconf 84' lang='lat' dir='ltr'><strong>dilexerit,</strong></span> <span class='ocrx_word' id='word_1_251' title='bbox 618 1817 746 1854; x_wconf 89' lang='lat' dir='ltr'><strong>sedem</strong></span> <span class='ocrx_word' id='word_1_252' title='bbox 763 1817 807 1854; x_wconf 89' lang='lat' dir='ltr'><strong>in</strong></span> <span class='ocrx_word' id='word_1_253' title='bbox 826 1831 869 1855; x_wconf 89' lang='lat' dir='ltr'><strong>ea</strong></span> <span class='ocrx_word' id='word_1_254' title='bbox 889 1818 1049 1855; x_wconf 86' lang='lat' dir='ltr'><strong>Romani</strong></span> <span class='ocrx_word' id='word_1_255' title='bbox 1068 1818 1260 1855; x_wconf 86' lang='lat' dir='ltr'><strong>collocans</strong></span> <span class='ocrx_word' id='word_1_256' title='bbox 1277 1817 1433 1868; x_wconf 87' lang='lat' dir='ltr'><strong>imperii</strong></span> <span class='ocrx_word' id='word_1_257' title='bbox 1450 1823 1488 1855; x_wconf 90' lang='lat' dir='ltr'><strong>et</strong></span> <span class='ocrx_word' id='word_1_258' title='bbox 1506 1818 1648 1856; x_wconf 85' lang='lat' dir='ltr'><strong>veteris</strong></span> <span class='ocrx_word' id='word_1_259' title='bbox 1670 1820 1749 1856; x_wconf 80' lang='lat' dir='ltr'><strong>Ro-</strong></span> 
     </span>
     <span class='ocr_line' id='line_1_31' title="bbox 324 1873 1748 1922; baseline 0.001 -12"><span class='ocrx_word' id='word_1_260' title='bbox 324 1885 409 1911; x_wconf 87' lang='lat' dir='ltr'><strong>mae</strong></span> <span class='ocrx_word' id='word_1_261' title='bbox 435 1873 681 1922; x_wconf 84' lang='lat' dir='ltr'><strong>splendorem</strong></span> <span class='ocrx_word' id='word_1_262' title='bbox 709 1883 796 1910; x_wconf 86' lang='lat' dir='ltr'><strong>cum</strong></span> <span class='ocrx_word' id='word_1_263' title='bbox 824 1884 948 1911; x_wconf 79' lang='lat' dir='ltr'><strong>novae</strong></span> <span class='ocrx_word' id='word_1_264' title='bbox 977 1875 1121 1911; x_wconf 87' lang='lat' dir='ltr'><strong>Romae</strong></span> <span class='ocrx_word' id='word_1_265' title='bbox 1146 1873 1300 1910; x_wconf 90' lang='lat' dir='ltr'><strong>nomine</strong></span> <span class='ocrx_word' id='word_1_266' title='bbox 1327 1873 1368 1910; x_wconf 90' lang='lat' dir='ltr'><strong>in</strong></span> <span class='ocrx_word' id='word_1_267' title='bbox 1393 1886 1475 1911; x_wconf 91' lang='lat' dir='ltr'><strong>eam</strong></span> <span class='ocrx_word' id='word_1_268' title='bbox 1503 1874 1748 1912; x_wconf 87' lang='lat' dir='ltr'><strong>transferens.</strong></span> 
     </span>
     <span class='ocr_line' id='line_1_32' title="bbox 324 1928 1748 1979; baseline 0.001 -14"><span class='ocrx_word' id='word_1_269' title='bbox 324 1930 380 1966; x_wconf 87' lang='lat' dir='ltr'><strong>ita</strong></span> <span class='ocrx_word' id='word_1_270' title='bbox 399 1935 559 1979; x_wconf 87' lang='lat' dir='ltr'><strong>utraque</strong></span> <span class='ocrx_word' id='word_1_271' title='bbox 579 1934 658 1965; x_wconf 90' lang='lat' dir='ltr'><strong>tam</strong></span> <span class='ocrx_word' id='word_1_272' title='bbox 679 1929 847 1978; x_wconf 87' lang='lat' dir='ltr'><strong>Sibyllae</strong></span> <span class='ocrx_word' id='word_1_273' title='bbox 868 1936 983 1979; x_wconf 85' lang='lat' dir='ltr'><strong>quam</strong></span> <span class='ocrx_word' id='word_1_274' title='bbox 1002 1930 1040 1968; x_wconf 93' lang='lat' dir='ltr'><strong>S.</strong></span> <span class='ocrx_word' id='word_1_275' title='bbox 1061 1928 1217 1966; x_wconf 86' lang='lat' dir='ltr'><strong>Ioannis</strong></span> <span class='ocrx_word' id='word_1_276' title='bbox 1232 1928 1435 1979; x_wconf 86' lang='lat' dir='ltr'><strong>prophetia</strong></span> <span class='ocrx_word' id='word_1_277' title='bbox 1451 1929 1643 1967; x_wconf 80' lang='lat' dir='ltr'><strong>excidium</strong></span> <span class='ocrx_word' id='word_1_278' title='bbox 1660 1930 1748 1968; x_wconf 89' lang='lat' dir='ltr'><strong>urbi</strong></span> 
     </span>
     <span class='ocr_line' id='line_1_33' title="bbox 326 1982 1750 2035; baseline 0.001 -15"><span class='ocrx_word' id='word_1_279' title='bbox 326 1984 665 2035; x_wconf 73' lang='lat' dir='ltr'><strong>Gonstantinopoli</strong></span> <span class='ocrx_word' id='word_1_280' title='bbox 684 1997 704 2019; x_wconf 87' lang='lat' dir='ltr'><strong>a</strong></span> <span class='ocrx_word' id='word_1_281' title='bbox 728 1983 842 2022; x_wconf 88' lang='lat' dir='ltr'><strong>domo</strong></span> <span class='ocrx_word' id='word_1_282' title='bbox 864 1984 1106 2022; x_wconf 89' lang='lat' dir='ltr'><strong>Ottomanica</strong></span> <span class='ocrx_word' id='word_1_283' title='bbox 1138 1984 1360 2022; x_wconf 87' lang='lat' dir='ltr'><strong>denuntiat:</strong></span> <span class='ocrx_word' id='word_1_284' title='bbox 1387 1982 1483 2022; x_wconf 87' lang='lat' dir='ltr'><strong>haec</strong></span> <span class='ocrx_word' id='word_1_285' title='bbox 1501 1997 1595 2023; x_wconf 83' lang='lat' dir='ltr'><strong>vero</strong></span> <span class='ocrx_word' id='word_1_286' title='bbox 1619 1985 1662 2022; x_wconf 88' lang='lat' dir='ltr'><strong>id</strong></span> <span class='ocrx_word' id='word_1_287' title='bbox 1680 1985 1750 2022; x_wconf 86' lang='lat' dir='ltr'><strong>illa</strong></span> 
     </span>
     <span class='ocr_line' id='line_1_34' title="bbox 327 2039 1751 2091; baseline -0.001 -15"><span class='ocrx_word' id='word_1_288' title='bbox 327 2040 418 2090; x_wconf 83' lang='lat' dir='ltr'><strong>plus</strong></span> <span class='ocrx_word' id='word_1_289' title='bbox 450 2039 566 2086; x_wconf 55' lang='lat' dir='ltr'><strong>facit,</strong></span> <span class='ocrx_word' id='word_1_290' title='bbox 594 2045 640 2076; x_wconf 90' lang='lat' dir='ltr'><strong>ut</strong></span> <span class='ocrx_word' id='word_1_291' title='bbox 658 2044 813 2090; x_wconf 89' lang='lat' dir='ltr'><strong>tempus</strong></span> <span class='ocrx_word' id='word_1_292' title='bbox 832 2039 1100 2078; x_wconf 84' lang='lat' dir='ltr'><strong>invalescentis</strong></span> <span class='ocrx_word' id='word_1_293' title='bbox 1118 2040 1456 2077; x_wconf 87' lang='lat' dir='ltr'><strong>Ottomanidarum</strong></span> <span class='ocrx_word' id='word_1_294' title='bbox 1473 2039 1669 2091; x_wconf 88' lang='lat' dir='ltr'><strong>potentiae</strong></span> <span class='ocrx_word' id='word_1_295' title='bbox 1688 2040 1751 2077; x_wconf 79' lang='lat' dir='ltr'><strong>di..</strong></span> 
     </span>
     <span class='ocr_line' id='line_1_35' title="bbox 329 2093 1752 2148; baseline 0.003 -18"><span class='ocrx_word' id='word_1_296' title='bbox 329 2094 470 2132; x_wconf 85' lang='lat' dir='ltr'><strong>stincte</strong></span> <span class='ocrx_word' id='word_1_297' title='bbox 498 2095 658 2145; x_wconf 85' lang='lat' dir='ltr'><strong>prodat,</strong></span> <span class='ocrx_word' id='word_1_298' title='bbox 687 2093 935 2132; x_wconf 85' lang='lat' dir='ltr'><strong>millesimum</strong></span> <span class='ocrx_word' id='word_1_299' title='bbox 955 2095 1106 2133; x_wconf 90' lang='lat' dir='ltr'><strong>scilicet</strong></span> <span class='ocrx_word' id='word_1_300' title='bbox 1129 2108 1273 2134; x_wconf 87' lang='lat' dir='ltr'><strong>annum</strong></span> <span class='ocrx_word' id='word_1_301' title='bbox 1294 2109 1315 2132; x_wconf 88' lang='lat' dir='ltr'><strong>a</strong></span> <span class='ocrx_word' id='word_1_302' title='bbox 1338 2109 1434 2148; x_wconf 90' lang='lat' dir='ltr'><strong>pace</strong></span> <span class='ocrx_word' id='word_1_303' title='bbox 1460 2109 1531 2147; x_wconf 88' lang='lat' dir='ltr'><strong>per</strong></span> <span class='ocrx_word' id='word_1_304' title='bbox 1555 2096 1752 2134; x_wconf 85' lang='lat' dir='ltr'><strong>Constan-</strong></span> 
     </span>
     <span class='ocr_line' id='line_1_36' title="bbox 328 2149 763 2188; baseline 0.002 -2"><span class='ocrx_word' id='word_1_305' title='bbox 328 2150 455 2187; x_wconf 80' lang='lat' dir='ltr'><strong>tinum</strong></span> <span class='ocrx_word' id='word_1_306' title='bbox 477 2150 641 2187; x_wconf 84' lang='lat' dir='ltr'><strong>ecclesii-s</strong></span> <span class='ocrx_word' id='word_1_307' title='bbox 662 2149 763 2188; x_wconf 82' lang='lat' dir='ltr'><strong>data.</strong></span> 
     </span>
    </p>

    <p class='ocr_par' dir='ltr' id='par_1_6' title="bbox 332 2205 1754 2367">
     <span class='ocr_line' id='line_1_37' title="bbox 440 2205 1750 2258; baseline 0.001 -16"><span class='ocrx_word' id='word_1_308' title='bbox 440 2205 628 2256; x_wconf 88' lang='lat' dir='ltr'><strong>Deinceps</strong></span> <span class='ocrx_word' id='word_1_309' title='bbox 655 2205 774 2253; x_wconf 89' lang='lat' dir='ltr'><strong>nihil,</strong></span> <span class='ocrx_word' id='word_1_310' title='bbox 803 2205 963 2256; x_wconf 81' lang='lat' dir='ltr'><strong>opinor,</strong></span> <span class='ocrx_word' id='word_1_311' title='bbox 993 2205 1289 2256; x_wconf 82' lang='lat' dir='ltr'><strong>chronologicae</strong></span> <span class='ocrx_word' id='word_1_312' title='bbox 1310 2218 1449 2258; x_wconf 85' lang='lat' dir='ltr'><strong>operae</strong></span> <span class='ocrx_word' id='word_1_313' title='bbox 1469 2205 1568 2243; x_wconf 79' lang='lat' dir='ltr'><strong>circa</strong></span> <span class='ocrx_word' id='word_1_314' title='bbox 1598 2205 1750 2256; x_wconf 88' lang='lat' dir='ltr'><strong>Pachy-</strong></span> 
     </span>
     <span class='ocr_line' id='line_1_38' title="bbox 332 2259 1751 2312; baseline 0.001 -15"><span class='ocrx_word' id='word_1_315' title='bbox 332 2260 446 2298; x_wconf 87' lang='lat' dir='ltr'><strong>meris</strong></span> <span class='ocrx_word' id='word_1_316' title='bbox 471 2259 673 2298; x_wconf 86' lang='lat' dir='ltr'><strong>historiam</strong></span> <span class='ocrx_word' id='word_1_317' title='bbox 699 2268 875 2311; x_wconf 86' lang='lat' dir='ltr'><strong>superest</strong></span> <span class='ocrx_word' id='word_1_318' title='bbox 901 2261 1031 2310; x_wconf 89' lang='lat' dir='ltr'><strong>aliud,</strong></span> <span class='ocrx_word' id='word_1_319' title='bbox 1059 2262 1133 2299; x_wconf 85' lang='lat' dir='ltr'><strong>nisi</strong></span> <span class='ocrx_word' id='word_1_320' title='bbox 1152 2267 1198 2299; x_wconf 89' lang='lat' dir='ltr'><strong>ut</strong></span> <span class='ocrx_word' id='word_1_321' title='bbox 1220 2275 1281 2300; x_wconf 85' lang='lat' dir='ltr'><strong>res</strong></span> <span class='ocrx_word' id='word_1_322' title='bbox 1302 2261 1376 2299; x_wconf 87' lang='lat' dir='ltr'><strong>hac</strong></span> <span class='ocrx_word' id='word_1_323' title='bbox 1394 2262 1561 2299; x_wconf 88' lang='lat' dir='ltr'><strong>secunda</strong></span> <span class='ocrx_word' id='word_1_324' title='bbox 1579 2266 1690 2312; x_wconf 83' lang='lat' dir='ltr'><strong>parte</strong></span> <span class='ocrx_word' id='word_1_325' title='bbox 1709 2261 1751 2298; x_wconf 90' lang='lat' dir='ltr'><strong>in</strong></span> 
     </span>
     <span class='ocr_line' id='line_1_39' title="bbox 334 2315 1754 2367; baseline 0.001 -15"><span class='ocrx_word' id='word_1_326' title='bbox 334 2328 376 2352; x_wconf 88' lang='lat' dir='ltr'><strong>ea</strong></span> <span class='ocrx_word' id='word_1_327' title='bbox 404 2322 653 2363; x_wconf 85' lang='lat' dir='ltr'><strong>memoratas,</strong></span> <span class='ocrx_word' id='word_1_328' title='bbox 686 2315 787 2353; x_wconf 84' lang='lat' dir='ltr'><strong>sicut</strong></span> <span class='ocrx_word' id='word_1_329' title='bbox 811 2316 854 2353; x_wconf 88' lang='lat' dir='ltr'><strong>in</strong></span> <span class='ocrx_word' id='word_1_330' title='bbox 885 2316 1005 2367; x_wconf 88' lang='lat' dir='ltr'><strong>priori</strong></span> <span class='ocrx_word' id='word_1_331' title='bbox 1036 2317 1217 2366; x_wconf 87' lang='lat' dir='ltr'><strong>fecimus,</strong></span> <span class='ocrx_word' id='word_1_332' title='bbox 1247 2317 1326 2355; x_wconf 92' lang='lat' dir='ltr'><strong>suis</strong></span> <span class='ocrx_word' id='word_1_333' title='bbox 1353 2317 1462 2354; x_wconf 89' lang='lat' dir='ltr'><strong>annis</strong></span> <span class='ocrx_word' id='word_1_334' title='bbox 1483 2317 1693 2366; x_wconf 84' lang='lat' dir='ltr'><strong>assignatas</strong></span> <span class='ocrx_word' id='word_1_335' title='bbox 1714 2322 1754 2353; x_wconf 88' lang='lat' dir='ltr'><strong>et</strong></span> 
     </span>
    </p>
   </div>
   <div class='ocr_carea' id='block_1_3' title="bbox 336 2370 1752 2477">
    <p class='ocr_par' dir='ltr' id='par_1_7' title="bbox 336 2370 1752 2477">
     <span class='ocr_line' id='line_1_40' title="bbox 336 2370 1752 2425; baseline 0.002 -19"><span class='ocrx_word' id='word_1_336' title='bbox 336 2381 522 2420; x_wconf 86' lang='lat' dir='ltr'><strong>expansas</strong></span> <span class='ocrx_word' id='word_1_337' title='bbox 549 2371 590 2407; x_wconf 88' lang='lat' dir='ltr'><strong>in</strong></span> <span class='ocrx_word' id='word_1_338' title='bbox 618 2370 786 2408; x_wconf 85' lang='lat' dir='ltr'><strong>tabulam</strong></span> <span class='ocrx_word' id='word_1_339' title='bbox 813 2372 951 2409; x_wconf 87' lang='lat' dir='ltr'><strong>lectori</strong></span> <span class='ocrx_word' id='word_1_340' title='bbox 975 2386 1236 2425; x_wconf 83' lang='lat' dir='ltr'><strong>proponamus</strong></span> <span class='ocrx_word' id='word_1_341' title='bbox 1245 2387 1257 2424; x_wconf 72' lang='lat'>5</span> <span class='ocrx_word' id='word_1_342' title='bbox 1290 2372 1352 2412; x_wconf 87' lang='lat' dir='ltr'><strong>cui</strong></span> <span class='ocrx_word' id='word_1_343' title='bbox 1375 2372 1433 2412; x_wconf 85' lang='lat' dir='ltr'><strong>rei</strong></span> <span class='ocrx_word' id='word_1_344' title='bbox 1453 2377 1572 2424; x_wconf 83' lang='lat' dir='ltr'><strong>caput</strong></span> <span class='ocrx_word' id='word_1_345' title='bbox 1589 2383 1752 2422; x_wconf 87' lang='lat' dir='ltr'><strong>sequens</strong></span> 
     </span>
     <span class='ocr_line' id='line_1_41' title="bbox 336 2425 1516 2477; baseline 0.004 -15"><span class='ocrx_word' id='word_1_346' title='bbox 336 2425 467 2476; x_wconf 84' lang='lat' dir='ltr'><strong>operis</strong></span> <span class='ocrx_word' id='word_1_347' title='bbox 488 2425 665 2465; x_wconf 86' lang='lat' dir='ltr'><strong>ultimum</strong></span> <span class='ocrx_word' id='word_1_348' title='bbox 681 2425 951 2477; x_wconf 84' lang='lat' dir='ltr'><strong>impendimus.</strong></span> <span class='ocrx_word' id='word_1_349' title='bbox 1512 2426 1516 2429; x_wconf 71' lang='grc'><strong>’</strong></span> 
     </span>
    </p>
   </div>
  </div>
 </body>
</html>
