1820 3112
203 150 269 198 94
628 110 863 195 GEORdH
896 151 1252 196 PACHYMERIS

203 283 276 309 τον
287 298 300 318 ,
339 263 385 308 ὃν
405 262 521 318 ὑμεῖς
543 263 698 321 λέγετε,
734 263 1088 323 συγκροτούμενον
1107 267 1174 308 καὶ
1191 265 1235 317 ἐξ
1253 264 1405 312 ἄλλων.
1473 268 1509 310 εἲ
1526 266 1572 311 δ’
1599 267 1676 311 οὐκ

202 331 310 389 ’ἔχετε
323 366 336 386 ,
375 333 519 383 καθώς
539 332 621 390 ἄρα
645 333 740 377 οὐδ’
763 333 870 388 ἔχετε
883 367 896 387 ,
931 335 975 377 τί
991 334 1091 378 ἄλλο
1110 333 1304 389 βούλεται
1325 333 1351 389 ἡ
1369 333 1541 392 τοιαύτη
1560 353 1675 394 περι-

202 401 343 457 νόησις
364 403 398 444 εἲ
416 401 475 455 μὴ
507 407 735 458 στρεβλοῦν
755 403 803 446 τὸ
835 403 948 460 ῥῆμα
971 403 1074 459 πρὸς
1101 402 1287 446 διάνοιαν
1307 403 1423 459 ξένην
1443 408 1519 458 τῆς
1539 409 1676 460 κοινῆς

202 475 285 514 τῶν
304 470 490 526 πατέρων
518 463 674 521 ἐννοίας
695 473 762 514 καὶ
795 471 1198 529 ἇπεμφαίνουσαν;”
1233 471 1358 514 ταῦτ’
1387 470 1573 523 εἰπόντος
1596 477 1673 516 τοῦ

203 537 459 595 πατριάρχου
472 571 485 591 ,
521 542 587 581 καὶ
606 538 721 594 μάλα
741 542 931 596 γενναίως
953 539 1169 590 ἐνστάντος
1181 573 1194 592 ,
1233 541 1375 583 ἐκεῖνοι
1391 540 1494 598 πρὸς
1514 541 1561 584 τὸ
1579 539 1708 584 ded-5

147 611 179 645 Ε
205 626 321 664 τερον
348 605 621 662 ἀτονῆσαντες
649 609 752 664 πρὸς
775 609 822 651 τὸ
851 613 1015 665 πρῶτον
1044 609 1345 665 ἀπελογοῦντο,
1384 609 1464 652 “to
1495 610 1571 664 μὲν
1597 614 1674 653 τοῦ

202 677 431 732 εὐαγγελίου
453 675 600 733 ῥητόν,
639 673 672 720 ὦ
690 682 764 720 τᾶν
775 678 815 731 ,”
851 679 1056 734 λέγοντες,
1093 680 1234 720 “Zeilav
1257 678 1336 732 ἔχει
1356 678 1471 734 παρὰ
1483 682 1571 722 τῶν
1592 696 1675 721 πα-

201 746 330 802 τέρων
351 745 425 800 τὴν
444 743 630 800 ἐξήγησιν
651 744 914 803 πρόσφορον,
952 749 1020 789 καὶ
1047 747 1171 796 κακὸς
1195 744 1361 796 πάντως
1393 744 1415 790 ὅ
1439 747 1499 802 μὴ
1518 745 1675 803 ταύτην

205 812 442 869 δεχόμενος·
480 814 527 856 τὸ
558 816 602 857 δὲ
631 818 892 870 προκείμενον
922 820 1047 858 τοῦτο
1068 815 1194 873 ῥητὸν
1213 816 1256 865 ἐξ
1277 813 1455 871 ἀνάγκης
1473 833 1676 872 σημαντι-

205 884 276 926 κὸν
307 883 462 932 ἐννοίας
491 884 590 926 ἐστι’.
661 885 812 926 δείκνυε
840 888 1057 939 τοιγαροῦν
1096 884 1172 939 τὴν
1201 881 1411 939 ἐξήγησιν,
1454 886 1522 927 καὶ
1559 882 1674 940 ἡμεῖς
1687 893 1732 927 10

203 949 413 1006 ἑψόμεθα.
482 953 516 994 εἷ
535 952 578 994 δ’
614 947 686 995 οὖν
700 986 713 1005 ,
750 953 857 995 ἀλλὰ
878 954 928 996 σύ
948 954 1057 1009 λέγε,
1094 954 1176 995 ἐπεὶ
1206 953 1280 1007 τὴν
1303 950 1504 1009 ἡμετέραν
1521 952 1570 996 οὗ
1593 971 1676 995 πα-

85 1031 114 1066 Ρ
136 1032 183 1066 60
206 1020 380 1077 ραδέχῃ,
428 1022 496 1062 καὶ
523 1019 842 1075 ἀκουσόμεθα.”
914 1023 1088 1064 “gnarum
1117 1021 1163 1064 τὸ
1192 1020 1349 1078 ρητὸν”
1389 1023 1516 1077 φησὶν
1549 1019 1572 1064 ὅ
1592 1039 1677 1064 πα-

202 1086 399 1146 τριάρχης
418 1090 685 1143 ((ἒξηγοῦνται
695 1122 710 1142 ,
747 1091 791 1132 οἳ
809 1090 858 1144 δὴ
880 1091 924 1133 ἐκ
941 1088 1098 1146 πατρός
1119 1105 1223 1147 φασι
1245 1089 1290 1132 τὸ
1309 1094 1469 1144 πνεῦμα
1492 1089 1541 1133 τὸ
1558 1088 1674 1146 ἅγιον

202 1156 551 1214 ἐκπορεύεσθαι.”
624 1161 725 1200 “zai
755 1159 817 1208 τίς
845 1158 894 1201 οὗ
924 1165 1070 1216 φρονεῖ
1091 1163 1215 1202 τοῦτο
1226 1158 1267 1213 ‚·''
1305 1159 1446 1215 φασίν.
1517 1163 1674 1201 ατοῦτο

203 1228 271 1270 καὶ
295 1225 392 1281 ἡμῖν
414 1226 624 1280 ἀγαπητὸν
642 1229 710 1269 καὶ
729 1228 932 1284 σωτηρίας
951 1227 1105 1277 ἔλπίς.”
1157 1228 1256 1269 “nai
1276 1228 1310 1269 εἶ
1329 1226 1499 1281 δέχεσθε
1521 1226 1673 1270 τοῦτο”
1687 1237 1730 1273 15

147 1305 178 1339 Β
203 1294 370 1351 ὃμέγας
398 1295 624 1350 λογοθέτης
643 1297 766 1352 φησί,
799 1298 874 1338 “τί
891 1297 1014 1338 ἐκεῖνο
1042 1292 1396 1352 προβάλλεσθε,·”
1443 1294 1506 1338 ὅτι
1533 1295 1695 1353 καιρὸς

203 1362 348 1421 ἀπῄτει
367 1365 423 1413 εἷς
444 1365 579 1406 ἐθνῶν
596 1363 758 1420 εἰρήνην
779 1364 826 1407 τὸ
845 1369 980 1406 ταῦτα
1001 1364 1151 1420 λέγειν”
1175 1365 1294 1421 φασί.
1366 1368 1470 1406 “νῦν
1488 1364 1532 1407 δὲ
1545 1363 1572 1385 ”
1591 1381 1677 1422 φη·-

199 1434 264 1476 σὶν
295 1431 316 1475 ὅ
346 1432 524 1485 Βέκκος,
564 1435 630 1475 “ει’
657 1434 732 1487 μὲν
758 1430 990 1487 βούλεσθε,
1026 1433 1211 1488 σιγητέον
1232 1431 1328 1486 ἡμῖν
1356 1432 1404 1476 τὸ
1435 1431 1550 1490 ῥῆμα
1569 1432 1676 1476 noan}

198 1502 245 1545 τὸ
281 1500 488 1557 τολμηρὸν
521 1500 623 1555 ἔχειν
651 1504 815 1545 δοκοῦν.
887 1503 922 1544 εἶ
951 1501 995 1544 δ’
1022 1498 1118 1555 οὖν,
1157 1501 1263 1544 ἀλλὰ
1292 1501 1559 1557 παραιβασίας
1584 1503 1677 1557 περὶ

199 1569 253 1613 τὰ
285 1569 373 1627 ἱερὰ
406 1569 712 1625 ἐγκαλουμένοις
740 1568 927 1627 δόγματα
947 1571 1084 1623 αἰτία,
1121 1567 1176 1620 ὥς
1199 1568 1338 1625 οἶμαι,
1373 1572 1498 1624 μείων
1517 1569 1732 1616 &nolo-20

199 1725 243 1749 ex
275 1723 343 1747 uno
375 1716 412 1747 et
442 1712 587 1758 simplici
622 1712 745 1759 spiritu
778 1713 979 1748 differenter
1010 1714 1210 1748 efferantur.
1254 1711 1424 1747 ostendite
1454 1711 1560 1757 igitur
1589 1711 1678 1746 hanc

199 1771 301 1805 quam
333 1759 497 1804 profertis
529 1759 639 1803 patris
672 1760 770 1793 unius
813 1760 1015 1794 sententiam
1049 1759 1192 1794 conflari
1226 1757 1489 1802 confirmarique
1522 1769 1567 1792 ex
1599 1757 1678 1792 aliis

200 1817 347 1851 quoque.
396 1805 448 1839 sin
470 1804 505 1838 id
529 1816 593 1838 non
617 1805 780 1849 potestis,
803 1809 842 1840 ut
865 1817 904 1840 re
925 1817 1011 1839 vera
1033 1818 1100 1840 non
1123 1805 1285 1851 potestis,
1314 1804 1398 1850 quid
1424 1803 1517 1838 aliud
1540 1806 1594 1837 est
1615 1815 1678 1838 ve-

202 1857 276 1886 stra
297 1852 366 1885 ista
388 1850 543 1885 obtrusio
565 1851 648 1886 dicti
682 1852 817 1886 obscuri
849 1857 884 1886 et
912 1851 1070 1896 ancipitis
1098 1863 1200 1897 quam
1234 1850 1383 1885 detorsio
1414 1850 1489 1884 veri
1511 1849 1609 1884 effati
1632 1849 1679 1884 ad

201 1898 403 1931 senteutiam
436 1898 580 1931 alienam
608 1909 630 1931 a
658 1909 760 1932 sensu
784 1902 919 1942 patrum
942 1902 1047 1942 atque
1079 1909 1101 1932 a
1131 1897 1298 1933 catholica
1328 1896 1498 1930 dissonam
1527 1895 1679 1940 regula?

201 1944 324 1985 Talia,
359 1954 448 1988 quae
472 1943 728 1978 archidiaconos
752 1944 866 1977 valide
888 1944 1079 1988 urgebant,
1110 1943 1307 1989 patriarcha
1330 1954 1405 1976 cum
1428 1941 1596 1983 dixisset,
1626 1940 1680 1975 illi

203 1989 372 2024 secundae
408 1989 482 2022 eius
514 1989 676 2024 orationis
709 1990 803 2034 parti
832 1989 916 2023 nihil
947 1990 1111 2023 habentes
1141 1989 1231 2035 quod
1263 1987 1474 2029 obiicerent,
1513 1987 1679 2022 adversus

202 2035 351 2080 priorem
374 2034 424 2068 sic
447 2046 485 2069 se
508 2035 615 2069 tutari
639 2042 718 2070 sunt
741 2036 907 2080 aggressi,
931 2035 1027 2080 atqui
1052 2035 1296 2079 evangelicum,
1321 2033 1526 2079 inquientes,
1548 2033 1679 2068 dictum

203 2081 294 2126 quod
317 2092 495 2123 memoras,
517 2093 537 2114 ο
561 2082 661 2124 bone,
683 2082 865 2126 legitimam
888 2082 994 2116 habet
1019 2085 1054 2115 et
1075 2082 1209 2115 erudito
1232 2079 1337 2114 cuivis
1359 2080 1493 2114 obviam
1515 2079 1679 2113 traditam

201 2138 223 2160 a
245 2126 401 2172 patribus
423 2128 687 2169 expositionem,
719 2140 819 2173 quam
853 2127 910 2172 qui
944 2139 1010 2161 non
1033 2127 1226 2172 receperit,
1257 2126 1370 2171 palam
1393 2137 1432 2160 se
1453 2124 1677 2160 damnabilem

202 2172 380 2218 praebeat.
427 2173 567 2206 effatum
591 2180 703 2207 autem
728 2185 795 2219 quo
818 2173 862 2207 de
883 2173 1010 2218 agitur,
1038 2173 1166 2219 aliquid
1189 2172 1363 2217 significet
1385 2176 1533 2217 oportet,
1555 2169 1677 2215 utique

203 2229 226 2252 a
247 2224 343 2257 recto
368 2229 434 2251 non
457 2219 633 2255 aberrans.
681 2221 781 2264 quale
804 2225 918 2254 autem
948 2220 983 2254 id
1006 2219 1137 2253 demum
1162 2219 1227 2262 sit,
1266 2217 1424 2252 ostende*
1442 2217 1512 2258 sis,
1545 2221 1583 2250 et
1603 2215 1677 2250 Da-

202 2262 354 2297 masceni
375 2263 554 2297 admissum
579 2277 600 2298 a
622 2270 660 2299 te
682 2266 920 2308 testimonium,
945 2271 1047 2311 prout
1069 2265 1174 2300 debet
1194 2264 1350 2308 intelligi,
1370 2273 1506 2297 enarra.
1551 2272 1677 2306 seque-

203 2320 278 2344 mur
300 2309 544 2354 expositionem
567 2321 668 2354 quam
692 2313 832 2356 probam
855 2312 1024 2346 attuleris.
1071 2323 1134 2346 nec
1159 2321 1322 2344 recusare
1343 2313 1442 2354 potes
1464 2306 1544 2352 quin
1566 2306 1677 2340 inter-

202 2355 430 2400 pretationem
451 2357 607 2399 proferas
631 2362 745 2398 tuam,
777 2369 851 2391 cum
874 2363 1025 2391 nostram
1054 2356 1202 2391 reiicias.
1247 2356 1388 2400 loquere
1418 2353 1545 2397 igitur,
1578 2351 1677 2386 audi-

204 2411 292 2435 mus.
343 2399 478 2434 Dictum
502 2401 578 2442 hoc,
603 2402 800 2446 patriarcha
824 2404 971 2447 reponit,
994 2403 1079 2436 satis
1103 2403 1154 2436 illi
1177 2404 1351 2446 exponunt
1371 2399 1429 2444 qui
1453 2399 1571 2433 dicunt
1592 2397 1677 2442 Spi-

203 2446 304 2480 ritum
329 2446 492 2480 Sanctum
525 2458 567 2480 ex
602 2453 700 2492 patre
735 2449 933 2492 procedere.
982 2449 1030 2481 Et
1054 2448 1130 2492 quis
1161 2458 1227 2480 non
1259 2446 1308 2479 ita
1339 2445 1472 2479 sentit?
1504 2443 1675 2488 inquiunt.

203 2492 270 2527 hoc
293 2497 330 2526 et
352 2503 414 2526 nos
438 2492 687 2537 amplectimur;
722 2493 756 2526 in
781 2494 845 2527 hac
878 2494 946 2526 fide
970 2494 1088 2527 salutis
1111 2503 1206 2537 spem
1230 2491 1419 2525 fundamus.
1466 2489 1508 2524 Si
1531 2489 1596 2524 hoc
1618 2500 1678 2523 re-

203 2537 331 2583 cipitis,
355 2538 406 2572 ait
427 2549 568 2582 magnus
590 2539 776 2583 logotheta,
799 2539 882 2584 quid
903 2539 988 2572 illud
1012 2538 1105 2572 aliud
1127 2537 1339 2572 obtenditis?
1362 2537 1551 2581 Propterea
1572 2535 1676 2580 quod,

202 2583 414 2629 respondent
444 2584 509 2625 illi,
540 2588 673 2629 tempus
704 2588 871 2629 poscebat
905 2584 949 2618 ad
983 2595 1102 2629 pacem
1133 2582 1284 2625 gentium
1315 2581 1555 2616 conciliandam
1591 2580 1677 2615 talia

202 2629 358 2676 proferri.
405 2629 540 2664 Veccus
563 2630 618 2664 hic
643 2635 815 2675 resumpto
837 2641 1010 2671 sermone,
1042 2628 1207 2674 siquidem
1230 2629 1281 2662 ita
1303 2628 1426 2670 vultis,
1448 2627 1518 2668 ait,
1543 2626 1676 2661 silentio

201 2676 366 2721 deinceps
389 2677 608 2722 premendum
631 2677 696 2710 erit
718 2677 782 2710 hoc
805 2675 954 2717 dictum,
987 2675 1041 2709 cui
1071 2687 1092 2708 a
1123 2674 1221 2709 vobis
1244 2685 1386 2718 magnae
1408 2671 1572 2708 audaciae
1595 2676 1678 2706 nota.

199 2722 359 2757 inuritur.
406 2727 579 2756 caeterum
603 2734 645 2757 ex
668 2723 731 2756 hoc
755 2722 920 2756 hactenus
943 2721 1115 2764 allegato,
1163 2725 1242 2766 post
1263 2719 1413 2759 silendo,
1443 2719 1532 2752 hunc
1555 2718 1678 2752 saltem

200 2769 314 2803 obiter
336 2767 423 2809 iure,
445 2768 583 2814 opinor,
605 2772 722 2802 nostro
746 2769 892 2803 fructum
917 2766 1078 2812 legimus,
1103 2770 1143 2800 ut
1164 2767 1199 2800 in
1223 2777 1266 2800 ea
1289 2777 1376 2811 quae
1398 2763 1594 2810 impingitur
1615 2775 1678 2798 no-

199 2813 252 2848 bis
275 2814 493 2849 accusatione
525 2814 756 2860 perversionis
786 2824 960 2849 sacrorum
994 2813 1188 2858 dogmatum
1219 2811 1328 2847 minor
1359 2811 1532 2846 incumbat
1556 2811 1592 2845 in
1614 2820 1678 2855 po-
