<?xml version="1.0" encoding="UTF-8"?>
<!DOCTYPE html PUBLIC "-//W3C//DTD XHTML 1.0 Transitional//EN"
    "http://www.w3.org/TR/xhtml1/DTD/xhtml1-transitional.dtd">
<html xmlns="http://www.w3.org/1999/xhtml" xml:lang="en" lang="en">
 <head>
  <title>
</title>
<meta http-equiv="Content-Type" content="text/html;charset=utf-8" />
  <meta name='ocr-system' content='tesseract 3.04.00' />
  <meta name='ocr-capabilities' content='ocr_page ocr_carea ocr_par ocr_line ocrx_word'/>
</head>
<body>
  <div class='ocr_page' id='page_1' title='image "./corpusscriptorum18niebuoft_0427.png"; bbox 0 0 1858 3126; ppageno 0'>
   <div class='ocr_carea' id='block_1_1' title="bbox 350 158 1604 212">
    <p class='ocr_par' dir='ltr' id='par_1_1' title="bbox 350 158 1604 212">
     <span class='ocr_line' id='line_1_1' title="bbox 350 158 1604 212; baseline 0.002 -3"><span class='ocrx_word' id='word_1_1' title='bbox 350 166 428 209; x_wconf 89' lang='lat' dir='ltr'>DE</span> <span class='ocrx_word' id='word_1_2' title='bbox 462 164 790 210; x_wconf 83' lang='lat' dir='ltr'>ANDRONICO</span> <span class='ocrx_word' id='word_1_3' title='bbox 825 164 1199 210; x_wconf 85' lang='lat' dir='ltr'><strong>PALAEOLOGO</strong></span> <span class='ocrx_word' id='word_1_4' title='bbox 1234 158 1282 210; x_wconf 83' lang='lat' dir='ltr'>L.</span> <span class='ocrx_word' id='word_1_5' title='bbox 1312 167 1368 209; x_wconf 87' lang='lat' dir='ltr'>V.</span> <span class='ocrx_word' id='word_1_6' title='bbox 1508 164 1604 212; x_wconf 87' lang='lat'>411</span> 
     </span>
    </p>
   </div>
   <div class='ocr_carea' id='block_1_2' title="bbox 95 275 1747 1641">
    <p class='ocr_par' dir='ltr' id='par_1_2' title="bbox 148 275 1747 539">
     <span class='ocr_line' id='line_1_2' title="bbox 148 275 1605 339; baseline -0.001 -16"><span class='ocrx_word' id='word_1_7' title='bbox 148 278 414 332; x_wconf 73' lang='grc' dir='ltr'><strong><em>ἃποβαίνοντι</em></strong></span> <span class='ocrx_word' id='word_1_8' title='bbox 431 284 490 339; x_wconf 81' lang='grc' dir='ltr'><strong><em>τῷ</em></strong></span> <span class='ocrx_word' id='word_1_9' title='bbox 508 280 560 322; x_wconf 78' lang='grc' dir='ltr'><strong><em>τὰ</em></strong></span> <span class='ocrx_word' id='word_1_10' title='bbox 582 280 702 322; x_wconf 81' lang='grc' dir='ltr'><strong><em>στενὰ</em></strong></span> <span class='ocrx_word' id='word_1_11' title='bbox 718 283 793 322; x_wconf 83' lang='grc' dir='ltr'><strong><em>τοῦ</em></strong></span> <span class='ocrx_word' id='word_1_12' title='bbox 814 275 1035 335; x_wconf 80' lang='grc' dir='ltr'>Βοσπόρου</span> <span class='ocrx_word' id='word_1_13' title='bbox 1057 279 1349 338; x_wconf 82' lang='grc' dir='ltr'><strong><em>περαιουμένῳ,</em></strong></span> <span class='ocrx_word' id='word_1_14' title='bbox 1374 277 1477 322; x_wconf 81' lang='grc' dir='ltr'><strong><em>ὥστ’</em></strong></span> <span class='ocrx_word' id='word_1_15' title='bbox 1501 277 1605 336; x_wconf 77' lang='grc' dir='ltr'><strong><em>α’φε-</em></strong></span> 
     </span>
     <span class='ocr_line' id='line_1_3' title="bbox 148 346 1604 408; baseline -0.001 -17"><span class='ocrx_word' id='word_1_16' title='bbox 148 349 257 408; x_wconf 76' lang='grc' dir='ltr'><strong><em>μένῳ</em></strong></span> <span class='ocrx_word' id='word_1_17' title='bbox 280 347 499 403; x_wconf 73' lang='grc' dir='ltr'><strong><em>θαλάσσης</em></strong></span> <span class='ocrx_word' id='word_1_18' title='bbox 516 346 738 403; x_wconf 74' lang='grc' dir='ltr'><strong><em>λαμβάνειν</em></strong></span> <span class='ocrx_word' id='word_1_19' title='bbox 760 349 958 390; x_wconf 89' lang='grc' dir='ltr'><strong><em>κίνδυνον.</em></strong></span> <span class='ocrx_word' id='word_1_20' title='bbox 1007 348 1154 403; x_wconf 79' lang='grc' dir='ltr'><strong><em>ἀνέδην</em></strong></span> <span class='ocrx_word' id='word_1_21' title='bbox 1173 349 1252 404; x_wconf 79' lang='grc' dir='ltr'>γὰρ</span> <span class='ocrx_word' id='word_1_22' title='bbox 1276 349 1478 404; x_wconf 82' lang='grc' dir='ltr'><strong><em>διέτρεχον</em></strong></span> <span class='ocrx_word' id='word_1_23' title='bbox 1498 366 1604 390; x_wconf 82' lang='grc' dir='ltr'><strong><em>παν-</em></strong></span> 
     </span>
     <span class='ocr_line' id='line_1_4' title="bbox 151 412 1603 472; baseline -0.001 -12"><span class='ocrx_word' id='word_1_24' title='bbox 151 422 282 471; x_wconf 81' lang='grc' dir='ltr'><strong><em>ταχοῦ</em></strong></span> <span class='ocrx_word' id='word_1_25' title='bbox 315 421 391 472; x_wconf 81' lang='grc' dir='ltr'>τῆς</span> <span class='ocrx_word' id='word_1_26' title='bbox 419 418 614 472; x_wconf 75' lang='grc' dir='ltr'><strong><em>περαίας,</em></strong></span> <span class='ocrx_word' id='word_1_27' title='bbox 630 435 634 440; x_wconf 54' lang='lat'>*</span> <span class='ocrx_word' id='word_1_28' title='bbox 652 418 719 459; x_wconf 83' lang='grc' dir='ltr'>καὶ</span> <span class='ocrx_word' id='word_1_29' title='bbox 744 413 1013 470; x_wconf 77' lang='grc' dir='ltr'><strong><em>κατεσκήνουν</em></strong></span> <span class='ocrx_word' id='word_1_30' title='bbox 1042 415 1145 459; x_wconf 83' lang='grc' dir='ltr'><strong><em>ὅπου</em></strong></span> <span class='ocrx_word' id='word_1_31' title='bbox 1167 412 1215 471; x_wconf 77' lang='grc' dir='ltr'>ἦν</span> <span class='ocrx_word' id='word_1_32' title='bbox 1230 417 1494 470; x_wconf 73' lang='grc' dir='ltr'><strong><em>βουλομένοις</em></strong></span> <span class='ocrx_word' id='word_1_33' title='bbox 1526 415 1603 458; x_wconf 80' lang='grc' dir='ltr'><strong><em>αὗ-</em></strong></span> 
     </span>
     <span class='ocr_line' id='line_1_5' title="bbox 151 481 1747 539; baseline -0.002 -10"><span class='ocrx_word' id='word_1_34' title='bbox 151 492 261 536; x_wconf 80' lang='grc' dir='ltr'>τοῖς,</span> <span class='ocrx_word' id='word_1_35' title='bbox 293 487 359 527; x_wconf 80' lang='grc' dir='ltr'>καὶ</span> <span class='ocrx_word' id='word_1_36' title='bbox 385 484 509 527; x_wconf 74' lang='grc' dir='ltr'><strong><em>ταῦτ’</em></strong></span> <span class='ocrx_word' id='word_1_37' title='bbox 542 485 616 528; x_wconf 79' lang='grc' dir='ltr'><strong><em>οὐκ</em></strong></span> <span class='ocrx_word' id='word_1_38' title='bbox 643 483 784 527; x_wconf 80' lang='grc' dir='ltr'><strong><em>ἰλαδὸν</em></strong></span> <span class='ocrx_word' id='word_1_39' title='bbox 815 481 1107 539; x_wconf 77' lang='grc' dir='ltr'><strong><em>στρατεύουσιν</em></strong></span> <span class='ocrx_word' id='word_1_40' title='bbox 1132 484 1227 526; x_wconf 73' lang='grc' dir='ltr'><strong><em>ἀλλ’</em></strong></span> <span class='ocrx_word' id='word_1_41' title='bbox 1252 483 1516 534; x_wconf 74' lang='grc' dir='ltr'><strong><em>ἀσυντάκτως</em></strong></span> <span class='ocrx_word' id='word_1_42' title='bbox 1537 485 1602 527; x_wconf 77' lang='grc' dir='ltr'>καὶ</span> <span class='ocrx_word' id='word_1_43' title='bbox 1626 492 1655 526; x_wconf 88' lang='grc' dir='ltr'>Ρ</span> <span class='ocrx_word' id='word_1_44' title='bbox 1679 492 1747 527; x_wconf 75' lang='grc'>286</span> 
     </span>
    </p>

    <p class='ocr_par' dir='ltr' id='par_1_3' title="bbox 115 551 1604 883">
     <span class='ocr_line' id='line_1_6' title="bbox 115 551 1603 609; baseline -0.001 -13"><span class='ocrx_word' id='word_1_45' title='bbox 115 553 248 597; x_wconf 74' lang='grc' dir='ltr'><strong><em>5κατ’</em></strong></span> <span class='ocrx_word' id='word_1_46' title='bbox 281 553 460 609; x_wconf 74' lang='grc' dir='ltr'><strong><em>ὀλίγους,</em></strong></span> <span class='ocrx_word' id='word_1_47' title='bbox 496 551 600 596; x_wconf 78' lang='grc' dir='ltr'><strong><em>ὥστε</em></strong></span> <span class='ocrx_word' id='word_1_48' title='bbox 632 557 794 596; x_wconf 77' lang='grc' dir='ltr'><strong><em>κεῖσθαι</em></strong></span> <span class='ocrx_word' id='word_1_49' title='bbox 824 552 898 607; x_wconf 80' lang='grc' dir='ltr'>τὴν</span> <span class='ocrx_word' id='word_1_50' title='bbox 927 554 1099 606; x_wconf 89' lang='grc' dir='ltr'><strong><em>περαίαν</em></strong></span> <span class='ocrx_word' id='word_1_51' title='bbox 1122 557 1197 607; x_wconf 82' lang='grc' dir='ltr'>τῆς</span> <span class='ocrx_word' id='word_1_52' title='bbox 1219 554 1470 604; x_wconf 80' lang='grc' dir='ltr'><strong><em>Βυζαντίδος</em></strong></span> <span class='ocrx_word' id='word_1_53' title='bbox 1493 557 1603 596; x_wconf 79' lang='grc' dir='ltr'><strong><em>Σκυ-</em></strong></span> 
     </span>
     <span class='ocr_line' id='line_1_7' title="bbox 149 620 1604 677; baseline -0.001 -12"><span class='ocrx_word' id='word_1_54' title='bbox 149 626 263 674; x_wconf 75' lang='grc' dir='ltr'><strong><em>θῶν,</em></strong></span> <span class='ocrx_word' id='word_1_55' title='bbox 296 621 318 664; x_wconf 76' lang='grc' dir='ltr'>ὃ</span> <span class='ocrx_word' id='word_1_56' title='bbox 340 621 391 676; x_wconf 86' lang='grc' dir='ltr'>δὴ</span> <span class='ocrx_word' id='word_1_57' title='bbox 412 621 589 676; x_wconf 84' lang='grc' dir='ltr'><strong><em>λέγεται,</em></strong></span> <span class='ocrx_word' id='word_1_58' title='bbox 618 622 812 677; x_wconf 69' lang='grc' dir='ltr'><strong><em>ἐρημίαν,</em></strong></span> <span class='ocrx_word' id='word_1_59' title='bbox 843 621 1018 675; x_wconf 79' lang='grc' dir='ltr'><strong><em>μηδενὸς</em></strong></span> <span class='ocrx_word' id='word_1_60' title='bbox 1042 625 1276 675; x_wconf 85' lang='grc' dir='ltr'><strong><em>τολμῶντος</em></strong></span> <span class='ocrx_word' id='word_1_61' title='bbox 1296 626 1498 677; x_wconf 81' lang='grc' dir='ltr'><strong><em>φανῆναι,</em></strong></span> <span class='ocrx_word' id='word_1_62' title='bbox 1538 620 1604 664; x_wconf 84' lang='grc' dir='ltr'>ὅτε</span> 
     </span>
     <span class='ocr_line' id='line_1_8' title="bbox 148 687 1603 747; baseline -0.001 -14"><span class='ocrx_word' id='word_1_63' title='bbox 148 689 360 744; x_wconf 80' lang='grc' dir='ltr'><strong><em>συνέβαινε</em></strong></span> <span class='ocrx_word' id='word_1_64' title='bbox 391 691 458 733; x_wconf 81' lang='grc' dir='ltr'>καὶ</span> <span class='ocrx_word' id='word_1_65' title='bbox 493 687 834 747; x_wconf 78' lang='grc' dir='ltr'><strong><em>παραβολιῦτερόν</em></strong></span> <span class='ocrx_word' id='word_1_66' title='bbox 862 706 966 739; x_wconf 82' lang='grc' dir='ltr'><strong><em>τινες</em></strong></span> <span class='ocrx_word' id='word_1_67' title='bbox 995 687 1324 746; x_wconf 76' lang='grc' dir='ltr'><strong><em>διαπράττεσθαι</em></strong></span> <span class='ocrx_word' id='word_1_68' title='bbox 1354 691 1420 731; x_wconf 80' lang='grc' dir='ltr'>καὶ</span> <span class='ocrx_word' id='word_1_69' title='bbox 1450 690 1603 732; x_wconf 76' lang='grc' dir='ltr'><strong><em>ἐκθέειν</em></strong></span> 
     </span>
     <span class='ocr_line' id='line_1_9' title="bbox 147 756 1603 813; baseline -0.001 -12"><span class='ocrx_word' id='word_1_70' title='bbox 147 761 412 813; x_wconf 81' lang='grc' dir='ltr'><strong><em>τολμῶντας,</em></strong></span> <span class='ocrx_word' id='word_1_71' title='bbox 443 756 563 813; x_wconf 78' lang='grc' dir='ltr'><strong><em>ζήλου</em></strong></span> <span class='ocrx_word' id='word_1_72' title='bbox 589 758 696 808; x_wconf 79' lang='grc' dir='ltr'><strong><em>τινὸς</em></strong></span> <span class='ocrx_word' id='word_1_73' title='bbox 723 759 941 807; x_wconf 73' lang='grc' dir='ltr'><strong><em>πείθοντος</em></strong></span> <span class='ocrx_word' id='word_1_74' title='bbox 960 757 986 812; x_wconf 83' lang='grc' dir='ltr'>ἢ</span> <span class='ocrx_word' id='word_1_75' title='bbox 1003 760 1069 800; x_wconf 79' lang='grc' dir='ltr'>καὶ</span> <span class='ocrx_word' id='word_1_76' title='bbox 1090 762 1248 812; x_wconf 82' lang='grc' dir='ltr'><strong><em>μᾶλλον</em></strong></span> <span class='ocrx_word' id='word_1_77' title='bbox 1272 759 1424 808; x_wconf 74' lang='grc' dir='ltr'><strong><em>ἐνδείας</em></strong></span> <span class='ocrx_word' id='word_1_78' title='bbox 1444 756 1603 810; x_wconf 74' lang='grc' dir='ltr'><strong><em>πιεζού-</em></strong></span> 
     </span>
     <span class='ocr_line' id='line_1_10' title="bbox 148 825 1602 883; baseline -0.001 -13"><span class='ocrx_word' id='word_1_79' title='bbox 148 843 247 881; x_wconf 86' lang='grc' dir='ltr'><strong><em>σης,</em></strong></span> <span class='ocrx_word' id='word_1_80' title='bbox 284 826 525 883; x_wconf 72' lang='grc' dir='ltr'><strong><em>τριβομένου</em></strong></span> <span class='ocrx_word' id='word_1_81' title='bbox 554 831 628 870; x_wconf 82' lang='grc' dir='ltr'><strong><em>τοῦ</em></strong></span> <span class='ocrx_word' id='word_1_82' title='bbox 649 825 800 881; x_wconf 87' lang='grc' dir='ltr'><strong><em>χρόνου</em></strong></span> <span class='ocrx_word' id='word_1_83' title='bbox 830 828 896 868; x_wconf 82' lang='grc' dir='ltr'>καὶ</span> <span class='ocrx_word' id='word_1_84' title='bbox 924 831 1007 869; x_wconf 87' lang='grc' dir='ltr'>τῶν</span> <span class='ocrx_word' id='word_1_85' title='bbox 1035 828 1211 883; x_wconf 75' lang='grc' dir='ltr'><strong><em>ἐφοδίων</em></strong></span> <span class='ocrx_word' id='word_1_86' title='bbox 1230 827 1345 883; x_wconf 82' lang='grc' dir='ltr'><strong><em>σφίσι</em></strong></span> <span class='ocrx_word' id='word_1_87' title='bbox 1362 831 1602 869; x_wconf 85' lang='grc' dir='ltr'><strong><em>καταναλω-</em></strong></span> 
     </span>
    </p>

    <p class='ocr_par' dir='ltr' id='par_1_4' title="bbox 96 891 1654 1224">
     <span class='ocr_line' id='line_1_11' title="bbox 96 891 1604 952; baseline -0.001 -13"><span class='ocrx_word' id='word_1_88' title='bbox 96 895 303 949; x_wconf 83' lang='grc' dir='ltr'><strong><em>1ομένων,</em></strong></span> <span class='ocrx_word' id='word_1_89' title='bbox 341 893 444 951; x_wconf 82' lang='grc' dir='ltr'><strong><em>ἅπερ</em></strong></span> <span class='ocrx_word' id='word_1_90' title='bbox 464 895 628 938; x_wconf 73' lang='grc' dir='ltr'><strong><em>οἴκοθεν</em></strong></span> <span class='ocrx_word' id='word_1_91' title='bbox 648 895 914 952; x_wconf 74' lang='grc' dir='ltr'><strong><em>ἀπεφέροντο.</em></strong></span> <span class='ocrx_word' id='word_1_92' title='bbox 984 894 1038 938; x_wconf 75' lang='grc' dir='ltr'><strong><em>τὰ</em></strong></span> <span class='ocrx_word' id='word_1_93' title='bbox 1068 895 1114 937; x_wconf 78' lang='grc' dir='ltr'>δ’</span> <span class='ocrx_word' id='word_1_94' title='bbox 1137 891 1243 951; x_wconf 74' lang='grc' dir='ltr'><strong><em>ἦσαν</em></strong></span> <span class='ocrx_word' id='word_1_95' title='bbox 1262 899 1421 949; x_wconf 82' lang='grc' dir='ltr'><strong><em>μᾶλλον</em></strong></span> <span class='ocrx_word' id='word_1_96' title='bbox 1442 897 1497 945; x_wconf 79' lang='grc' dir='ltr'>εἷς</span> <span class='ocrx_word' id='word_1_97' title='bbox 1519 899 1604 937; x_wconf 73' lang='grc' dir='ltr'><strong><em>κίν·</em></strong></span> 
     </span>
     <span class='ocr_line' id='line_1_12' title="bbox 148 961 1602 1019; baseline -0.001 -13"><span class='ocrx_word' id='word_1_98' title='bbox 148 965 285 1008; x_wconf 84' lang='grc' dir='ltr'><strong><em>δυνον.</em></strong></span> <span class='ocrx_word' id='word_1_99' title='bbox 353 962 454 1006; x_wconf 74' lang='grc' dir='ltr'><strong><em>ὅθεν</em></strong></span> <span class='ocrx_word' id='word_1_100' title='bbox 473 965 539 1006; x_wconf 82' lang='grc' dir='ltr'><strong><em>καὶ</em></strong></span> <span class='ocrx_word' id='word_1_101' title='bbox 557 964 596 1006; x_wconf 77' lang='grc' dir='ltr'>οἱ</span> <span class='ocrx_word' id='word_1_102' title='bbox 612 964 687 1018; x_wconf 70' lang='grc' dir='ltr'>μέν</span> <span class='ocrx_word' id='word_1_103' title='bbox 704 961 927 1006; x_wconf 69' lang='grc' dir='ltr'><strong><em>ἐκωλύοντο</em></strong></span> <span class='ocrx_word' id='word_1_104' title='bbox 948 962 1132 1013; x_wconf 73' lang='grc' dir='ltr'><strong><em>ἀπειλαῖς</em></strong></span> <span class='ocrx_word' id='word_1_105' title='bbox 1151 969 1234 1007; x_wconf 82' lang='grc' dir='ltr'>τῶν</span> <span class='ocrx_word' id='word_1_106' title='bbox 1254 962 1514 1019; x_wconf 78' lang='grc' dir='ltr'><strong><em>κρατούντων</em></strong></span> <span class='ocrx_word' id='word_1_107' title='bbox 1536 966 1602 1006; x_wconf 80' lang='grc' dir='ltr'>καὶ</span> 
     </span>
     <span class='ocr_line' id='line_1_13' title="bbox 148 1029 1654 1089; baseline -0.002 -15"><span class='ocrx_word' id='word_1_108' title='bbox 148 1029 270 1089; x_wconf 83' lang='grc' dir='ltr'><strong><em>φόβῳ</em></strong></span> <span class='ocrx_word' id='word_1_109' title='bbox 287 1029 647 1088; x_wconf 81' lang='grc' dir='ltr'><strong><em>σωφρονιζόμεναι·</em></strong></span> <span class='ocrx_word' id='word_1_110' title='bbox 677 1032 716 1074; x_wconf 79' lang='grc' dir='ltr'>οἷ</span> <span class='ocrx_word' id='word_1_111' title='bbox 735 1033 780 1075; x_wconf 79' lang='grc' dir='ltr'>δὲ</span> <span class='ocrx_word' id='word_1_112' title='bbox 798 1036 1042 1085; x_wconf 88' lang='grc' dir='ltr'><strong><em>τολμῶντες,</em></strong></span> <span class='ocrx_word' id='word_1_113' title='bbox 1078 1031 1129 1086; x_wconf 79' lang='grc' dir='ltr'>ἤν</span> <span class='ocrx_word' id='word_1_114' title='bbox 1148 1030 1228 1075; x_wconf 87' lang='grc' dir='ltr'><strong><em>πού</em></strong></span> <span class='ocrx_word' id='word_1_115' title='bbox 1250 1049 1310 1081; x_wconf 90' lang='grc' dir='ltr'>τις</span> <span class='ocrx_word' id='word_1_116' title='bbox 1329 1032 1602 1088; x_wconf 77' lang='grc' dir='ltr'><strong><em>προεξέδραμε</em></strong></span> <span class='ocrx_word' id='word_1_117' title='bbox 1626 1037 1654 1071; x_wconf 88' lang='grc' dir='ltr'><strong>Β</strong></span> 
     </span>
     <span class='ocr_line' id='line_1_14' title="bbox 148 1098 1601 1158; baseline 0 -16"><span class='ocrx_word' id='word_1_118' title='bbox 148 1099 286 1149; x_wconf 75' lang='grc' dir='ltr'><strong><em>ἱκανὸς</em></strong></span> <span class='ocrx_word' id='word_1_119' title='bbox 302 1101 434 1144; x_wconf 80' lang='grc' dir='ltr'><strong><em>δοκῶν</em></strong></span> <span class='ocrx_word' id='word_1_120' title='bbox 454 1099 563 1156; x_wconf 78' lang='grc' dir='ltr'><strong><em>ἄγειν</em></strong></span> <span class='ocrx_word' id='word_1_121' title='bbox 583 1098 789 1154; x_wconf 82' lang='grc' dir='ltr'><strong><em>σύντομον</em></strong></span> <span class='ocrx_word' id='word_1_122' title='bbox 810 1100 1012 1158; x_wconf 81' lang='grc' dir='ltr'><strong><em>(λοχαγὸν</em></strong></span> <span class='ocrx_word' id='word_1_123' title='bbox 1027 1100 1100 1143; x_wconf 81' lang='grc' dir='ltr'>τὸν</span> <span class='ocrx_word' id='word_1_124' title='bbox 1121 1106 1308 1144; x_wconf 85' lang='grc' dir='ltr'><strong><em>τοιοῦτον</em></strong></span> <span class='ocrx_word' id='word_1_125' title='bbox 1329 1100 1420 1157; x_wconf 71' lang='grc' dir='ltr'><strong><em>εἴπῃ</em></strong></span> <span class='ocrx_word' id='word_1_126' title='bbox 1441 1117 1503 1150; x_wconf 91' lang='grc' dir='ltr'>τις</span> <span class='ocrx_word' id='word_1_127' title='bbox 1524 1100 1601 1157; x_wconf 76' lang='grc' dir='ltr'><strong><em>ἄν)</em></strong></span> 
     </span>
     <span class='ocr_line' id='line_1_15' title="bbox 146 1167 1603 1224; baseline 0.001 -13"><span class='ocrx_word' id='word_1_128' title='bbox 146 1169 214 1211; x_wconf 80' lang='grc' dir='ltr'><strong><em>καὶ</em></strong></span> <span class='ocrx_word' id='word_1_129' title='bbox 233 1168 296 1210; x_wconf 75' lang='grc' dir='ltr'>ἐπὶ</span> <span class='ocrx_word' id='word_1_130' title='bbox 311 1168 360 1211; x_wconf 81' lang='grc' dir='ltr'><strong><em>τὸ</em></strong></span> <span class='ocrx_word' id='word_1_131' title='bbox 378 1169 491 1224; x_wconf 83' lang='grc' dir='ltr'><strong><em>παρὰ</em></strong></span> <span class='ocrx_word' id='word_1_132' title='bbox 511 1173 646 1211; x_wconf 83' lang='grc' dir='ltr'><strong><em>πᾶσαν</em></strong></span> <span class='ocrx_word' id='word_1_133' title='bbox 667 1169 864 1224; x_wconf 74' lang='grc' dir='ltr'><strong><em>αἴσθησιν</em></strong></span> <span class='ocrx_word' id='word_1_134' title='bbox 891 1167 1132 1223; x_wconf 71' lang='grc' dir='ltr'><strong><em>ἐξήρχοντο,</em></strong></span> <span class='ocrx_word' id='word_1_135' title='bbox 1170 1169 1275 1212; x_wconf 81' lang='grc' dir='ltr'><strong><em>ὥστε</em></strong></span> <span class='ocrx_word' id='word_1_136' title='bbox 1304 1171 1370 1211; x_wconf 82' lang='grc' dir='ltr'>καὶ</span> <span class='ocrx_word' id='word_1_137' title='bbox 1394 1170 1603 1220; x_wconf 80' lang='grc' dir='ltr'><strong><em>συνέβαινε</em></strong></span> 
     </span>
    </p>

    <p class='ocr_par' dir='ltr' id='par_1_5' title="bbox 95 1236 1653 1583">
     <span class='ocr_line' id='line_1_16' title="bbox 95 1236 1599 1294; baseline 0.001 -16"><span class='ocrx_word' id='word_1_138' title='bbox 95 1244 138 1278; x_wconf 84' lang='grc'>15</span> <span class='ocrx_word' id='word_1_139' title='bbox 149 1237 246 1279; x_wconf 77' lang='grc' dir='ltr'><strong><em>ποτὲ</em></strong></span> <span class='ocrx_word' id='word_1_140' title='bbox 274 1237 348 1285; x_wconf 72' lang='grc' dir='ltr'>μὲν</span> <span class='ocrx_word' id='word_1_141' title='bbox 376 1236 575 1291; x_wconf 69' lang='grc' dir='ltr'><strong><em>εὔστοχεῑν</em></strong></span> <span class='ocrx_word' id='word_1_142' title='bbox 603 1237 751 1293; x_wconf 77' lang='grc' dir='ltr'><strong><em>ὀλίγοις</em></strong></span> <span class='ocrx_word' id='word_1_143' title='bbox 776 1237 878 1294; x_wconf 81' lang='grc' dir='ltr'><strong><em>πρὸς</em></strong></span> <span class='ocrx_word' id='word_1_144' title='bbox 904 1238 1087 1286; x_wconf 38' lang='grc' dir='ltr'><strong><em>πολλοιῖς</em></strong></span> <span class='ocrx_word' id='word_1_145' title='bbox 1111 1245 1278 1292; x_wconf 72' lang='grc' dir='ltr'><strong><em>γυμνοῖς</em></strong></span> <span class='ocrx_word' id='word_1_146' title='bbox 1301 1239 1366 1279; x_wconf 79' lang='grc' dir='ltr'>καὶ</span> <span class='ocrx_word' id='word_1_147' title='bbox 1391 1236 1599 1290; x_wconf 76' lang='grc' dir='ltr'><strong><em>ἀνόπλοις,</em></strong></span> 
     </span>
     <span class='ocr_line' id='line_1_17' title="bbox 146 1301 1605 1362; baseline 0.001 -16"><span class='ocrx_word' id='word_1_148' title='bbox 146 1301 340 1354; x_wconf 75' lang='grc' dir='ltr'><strong><em>πολλάκις</em></strong></span> <span class='ocrx_word' id='word_1_149' title='bbox 361 1305 407 1348; x_wconf 74' lang='grc' dir='ltr'>δὲ</span> <span class='ocrx_word' id='word_1_150' title='bbox 426 1306 492 1347; x_wconf 76' lang='grc' dir='ltr'>καὶ</span> <span class='ocrx_word' id='word_1_151' title='bbox 516 1303 789 1362; x_wconf 73' lang='grc' dir='ltr'><strong><em>σφάλλεσθαι.</em></strong></span> <span class='ocrx_word' id='word_1_152' title='bbox 861 1307 927 1347; x_wconf 79' lang='grc' dir='ltr'><strong><em>καὶ</em></strong></span> <span class='ocrx_word' id='word_1_153' title='bbox 949 1305 1023 1348; x_wconf 78' lang='grc' dir='ltr'><strong><em>οὐκ</em></strong></span> <span class='ocrx_word' id='word_1_154' title='bbox 1043 1301 1093 1360; x_wconf 76' lang='grc' dir='ltr'>ἦν</span> <span class='ocrx_word' id='word_1_155' title='bbox 1112 1306 1256 1360; x_wconf 78' lang='grc' dir='ltr'><strong><em>σχεδὸν</em></strong></span> <span class='ocrx_word' id='word_1_156' title='bbox 1274 1303 1406 1361; x_wconf 73' lang='grc' dir='ltr'><strong><em>ἡμέρα</em></strong></span> <span class='ocrx_word' id='word_1_157' title='bbox 1426 1306 1533 1349; x_wconf 71' lang='grc' dir='ltr'><strong><em>καθ’</em></strong></span> <span class='ocrx_word' id='word_1_158' title='bbox 1555 1306 1605 1361; x_wconf 72' lang='grc' dir='ltr'>ἣν</span> 
     </span>
     <span class='ocr_line' id='line_1_18' title="bbox 146 1371 1603 1430; baseline 0.003 -17"><span class='ocrx_word' id='word_1_159' title='bbox 146 1371 174 1426; x_wconf 78' lang='grc' dir='ltr'>ἢ</span> <span class='ocrx_word' id='word_1_160' title='bbox 204 1373 263 1426; x_wconf 83' lang='grc' dir='ltr'><strong><em>μὴ</em></strong></span> <span class='ocrx_word' id='word_1_161' title='bbox 291 1379 377 1422; x_wconf 82' lang='grc' dir='ltr'><strong><em>τοῖς</em></strong></span> <span class='ocrx_word' id='word_1_162' title='bbox 406 1372 511 1415; x_wconf 81' lang='grc' dir='ltr'><strong><em>κατὰ</em></strong></span> <span class='ocrx_word' id='word_1_163' title='bbox 533 1372 754 1416; x_wconf 77' lang='grc' dir='ltr'><strong><em>θάλασσαν</em></strong></span> <span class='ocrx_word' id='word_1_164' title='bbox 780 1375 992 1430; x_wconf 78' lang='grc' dir='ltr'><strong><em>φρουρίοις</em></strong></span> <span class='ocrx_word' id='word_1_165' title='bbox 1010 1373 1339 1429; x_wconf 81' lang='grc' dir='ltr'><strong><em>προσβάλλοντες</em></strong></span> <span class='ocrx_word' id='word_1_166' title='bbox 1362 1372 1555 1428; x_wconf 76' lang='grc' dir='ltr'><strong><em>ἠκούοντο</em></strong></span> <span class='ocrx_word' id='word_1_167' title='bbox 1578 1373 1603 1429; x_wconf 86' lang='grc' dir='ltr'>ἢ</span> 
     </span>
     <span class='ocr_line' id='line_1_19' title="bbox 145 1438 1604 1498; baseline 0.001 -16"><span class='ocrx_word' id='word_1_168' title='bbox 145 1439 203 1495; x_wconf 81' lang='grc' dir='ltr'><strong><em>μὴ</em></strong></span> <span class='ocrx_word' id='word_1_169' title='bbox 226 1438 448 1496; x_wconf 76' lang='grc' dir='ltr'><strong><em>ἀπάγοντες</em></strong></span> <span class='ocrx_word' id='word_1_170' title='bbox 467 1440 751 1495; x_wconf 73' lang='grc' dir='ltr'><strong><em>αι’χμαλώτους</em></strong></span> <span class='ocrx_word' id='word_1_171' title='bbox 769 1441 795 1495; x_wconf 79' lang='grc' dir='ltr'>ἢ</span> <span class='ocrx_word' id='word_1_172' title='bbox 816 1442 872 1496; x_wconf 87' lang='grc' dir='ltr'><strong><em>μὴ</em></strong></span> <span class='ocrx_word' id='word_1_173' title='bbox 894 1439 1155 1498; x_wconf 80' lang='grc' dir='ltr'><strong><em>φονεύοντες,</em></strong></span> <span class='ocrx_word' id='word_1_174' title='bbox 1191 1444 1258 1485; x_wconf 89' lang='grc' dir='ltr'>καὶ</span> <span class='ocrx_word' id='word_1_175' title='bbox 1276 1446 1434 1497; x_wconf 79' lang='grc' dir='ltr'><strong><em>μᾶλλον</em></strong></span> <span class='ocrx_word' id='word_1_176' title='bbox 1453 1441 1520 1485; x_wconf 80' lang='grc' dir='ltr'>ὅτε</span> <span class='ocrx_word' id='word_1_177' title='bbox 1538 1444 1604 1485; x_wconf 79' lang='grc' dir='ltr'>καὶ</span> 
     </span>
     <span class='ocr_line' id='line_1_20' title="bbox 144 1507 1653 1583; baseline 0.001 -33"><span class='ocrx_word' id='word_1_178' title='bbox 144 1508 312 1558; x_wconf 80' lang='grc' dir='ltr'><strong><em>ἱκεσίαις</em></strong></span> <span class='ocrx_word' id='word_1_179' title='bbox 337 1507 553 1567; x_wconf 68' lang='grc' dir='ltr'><strong><em>ἐχρώμεθα</em></strong></span> <span class='ocrx_word' id='word_1_180' title='bbox 574 1510 678 1568; x_wconf 86' lang='grc' dir='ltr'><strong><em>πρὸς</em></strong></span> <span class='ocrx_word' id='word_1_181' title='bbox 698 1507 820 1564; x_wconf 77' lang='grc' dir='ltr'><strong><em>θεόν,</em></strong></span> <span class='ocrx_word' id='word_1_182' title='bbox 859 1510 906 1554; x_wconf 84' lang='grc' dir='ltr'><strong><em>τὸ</em></strong></span> <span class='ocrx_word' id='word_1_183' title='bbox 935 1509 1149 1583; x_wconf 48' lang='grc' dir='ltr'><strong><em>οἴκτιστον.</em></strong></span> <span class='ocrx_word' id='word_1_184' title='bbox 1220 1512 1408 1566; x_wconf 67' lang='grc' dir='ltr'><strong><em>διεῖχεδὲ</em></strong></span> <span class='ocrx_word' id='word_1_185' title='bbox 1422 1509 1550 1566; x_wconf 87' lang='grc' dir='ltr'><strong><em>μόνος</em></strong></span> <span class='ocrx_word' id='word_1_186' title='bbox 1577 1509 1597 1554; x_wconf 79' lang='grc' dir='ltr'><strong><em>ὅ</em></strong></span> <span class='ocrx_word' id='word_1_187' title='bbox 1622 1517 1653 1551; x_wconf 89' lang='lat' dir='ltr'>C</span> 
     </span>
    </p>

    <p class='ocr_par' dir='ltr' id='par_1_6' title="bbox 237 1586 1074 1641">
     <span class='ocr_line' id='line_1_21' title="bbox 237 1586 1074 1641; baseline -0.001 -10"><span class='ocrx_word' id='word_1_188' title='bbox 237 1595 271 1631; x_wconf 88' lang='lat'>7.</span> <span class='ocrx_word' id='word_1_189' title='bbox 293 1596 409 1641; x_wconf 77' lang='grc' dir='ltr'><strong><em>τινες]</em></strong></span> <span class='ocrx_word' id='word_1_190' title='bbox 433 1595 493 1632; x_wconf 79' lang='lat' dir='ltr'>u?</span> <span class='ocrx_word' id='word_1_191' title='bbox 1072 1586 1074 1588; x_wconf 8' lang='lat' dir='ltr'>i</span> 
     </span>
    </p>
   </div>
   <div class='ocr_carea' id='block_1_3' title="bbox 142 1663 1603 2854">
    <p class='ocr_par' dir='ltr' id='par_1_7' title="bbox 142 1663 1603 2854">
     <span class='ocr_line' id='line_1_22' title="bbox 142 1663 1603 1713; baseline 0.002 -16"><span class='ocrx_word' id='word_1_192' title='bbox 142 1666 213 1697; x_wconf 84' lang='lat' dir='ltr'>tem</span> <span class='ocrx_word' id='word_1_193' title='bbox 245 1663 360 1698; x_wconf 86' lang='lat' dir='ltr'>statim</span> <span class='ocrx_word' id='word_1_194' title='bbox 396 1676 417 1699; x_wconf 88' lang='lat' dir='ltr'>a</span> <span class='ocrx_word' id='word_1_195' title='bbox 449 1664 594 1699; x_wconf 88' lang='lat' dir='ltr'>traiecto</span> <span class='ocrx_word' id='word_1_196' title='bbox 623 1665 774 1712; x_wconf 88' lang='lat' dir='ltr'>Bosporo</span> <span class='ocrx_word' id='word_1_197' title='bbox 804 1666 1001 1712; x_wconf 82' lang='lat' dir='ltr'>exciperent</span> <span class='ocrx_word' id='word_1_198' title='bbox 1032 1667 1184 1713; x_wconf 86' lang='lat' dir='ltr'>pericula</span> <span class='ocrx_word' id='word_1_199' title='bbox 1207 1671 1358 1702; x_wconf 85' lang='lat' dir='ltr'>extrema</span> <span class='ocrx_word' id='word_1_200' title='bbox 1379 1667 1603 1713; x_wconf 70' lang='lat' dir='ltr'><strong>spoliationis,</strong></span> 
     </span>
     <span class='ocr_line' id='line_1_23' title="bbox 145 1709 1603 1758; baseline 0.003 -16"><span class='ocrx_word' id='word_1_201' title='bbox 145 1709 376 1754; x_wconf 82' lang='lat' dir='ltr'>captivitatis,</span> <span class='ocrx_word' id='word_1_202' title='bbox 405 1710 542 1752; x_wconf 86' lang='lat' dir='ltr'>caedis,</span> <span class='ocrx_word' id='word_1_203' title='bbox 569 1714 662 1753; x_wconf 82' lang='lat' dir='ltr'>tota,</span> <span class='ocrx_word' id='word_1_204' title='bbox 694 1716 821 1758; x_wconf 85' lang='lat' dir='ltr'>quanta</span> <span class='ocrx_word' id='word_1_205' title='bbox 852 1719 968 1758; x_wconf 85' lang='lat' dir='ltr'>patet,</span> <span class='ocrx_word' id='word_1_206' title='bbox 1000 1714 1169 1748; x_wconf 76' lang='lat' dir='ltr'>ulterioris</span> <span class='ocrx_word' id='word_1_207' title='bbox 1199 1715 1401 1748; x_wconf 88' lang='lat' dir='ltr'>continentis</span> <span class='ocrx_word' id='word_1_208' title='bbox 1424 1714 1603 1747; x_wconf 83' lang='lat' dir='ltr'>latitudine</span> 
     </span>
     <span class='ocr_line' id='line_1_24' title="bbox 143 1755 1603 1804; baseline 0.003 -16"><span class='ocrx_word' id='word_1_209' title='bbox 143 1755 276 1789; x_wconf 82' lang='lat' dir='ltr'>referta</span> <span class='ocrx_word' id='word_1_210' title='bbox 296 1755 482 1790; x_wconf 76' lang='lat' dir='ltr'>latronibus</span> <span class='ocrx_word' id='word_1_211' title='bbox 502 1757 719 1799; x_wconf 86' lang='lat' dir='ltr'>saevissimis,</span> <span class='ocrx_word' id='word_1_212' title='bbox 742 1758 878 1803; x_wconf 86' lang='lat' dir='ltr'>impune</span> <span class='ocrx_word' id='word_1_213' title='bbox 900 1771 966 1804; x_wconf 89' lang='lat' dir='ltr'>quo</span> <span class='ocrx_word' id='word_1_214' title='bbox 988 1759 1112 1793; x_wconf 85' lang='lat' dir='ltr'>liberet</span> <span class='ocrx_word' id='word_1_215' title='bbox 1133 1761 1320 1800; x_wconf 75' lang='lat' dir='ltr'>ruentibus,</span> <span class='ocrx_word' id='word_1_216' title='bbox 1345 1763 1380 1793; x_wconf 90' lang='lat' dir='ltr'>et</span> <span class='ocrx_word' id='word_1_217' title='bbox 1403 1760 1603 1803; x_wconf 86' lang='lat' dir='ltr'>ubicumque</span> 
     </span>
     <span class='ocr_line' id='line_1_25' title="bbox 143 1801 1599 1850; baseline 0.003 -16"><span class='ocrx_word' id='word_1_218' title='bbox 143 1802 272 1834; x_wconf 82' lang='lat' dir='ltr'>vellent</span> <span class='ocrx_word' id='word_1_219' title='bbox 297 1801 367 1835; x_wconf 82' lang='lat' dir='ltr'>fixo</span> <span class='ocrx_word' id='word_1_220' title='bbox 397 1802 543 1836; x_wconf 84' lang='lat' dir='ltr'>tentorio</span> <span class='ocrx_word' id='word_1_221' title='bbox 576 1814 728 1838; x_wconf 86' lang='lat' dir='ltr'>securam</span> <span class='ocrx_word' id='word_1_222' title='bbox 761 1805 961 1839; x_wconf 82' lang='lat' dir='ltr'>habentibus</span> <span class='ocrx_word' id='word_1_223' title='bbox 991 1806 1181 1839; x_wconf 85' lang='lat' dir='ltr'>stationem.</span> <span class='ocrx_word' id='word_1_224' title='bbox 1228 1808 1331 1850; x_wconf 88' lang='lat' dir='ltr'>atque</span> <span class='ocrx_word' id='word_1_225' title='bbox 1354 1804 1379 1838; x_wconf 89' lang='lat' dir='ltr'>ii</span> <span class='ocrx_word' id='word_1_226' title='bbox 1403 1816 1445 1837; x_wconf 87' lang='lat' dir='ltr'>ne</span> <span class='ocrx_word' id='word_1_227' title='bbox 1470 1810 1599 1838; x_wconf 85' lang='lat' dir='ltr'>tantum</span> 
     </span>
     <span class='ocr_line' id='line_1_26' title="bbox 145 1845 1602 1894; baseline 0.002 -15"><span class='ocrx_word' id='word_1_228' title='bbox 145 1845 278 1890; x_wconf 84' lang='lat' dir='ltr'>quidem</span> <span class='ocrx_word' id='word_1_229' title='bbox 306 1847 406 1881; x_wconf 81' lang='lat' dir='ltr'>armis</span> <span class='ocrx_word' id='word_1_230' title='bbox 435 1847 595 1882; x_wconf 87' lang='lat' dir='ltr'>Romanis</span> <span class='ocrx_word' id='word_1_231' title='bbox 623 1848 861 1894; x_wconf 74' lang='lat' dir='ltr'>impertiebant</span> <span class='ocrx_word' id='word_1_232' title='bbox 888 1852 1119 1893; x_wconf 86' lang='lat' dir='ltr'>reverentiae,</span> <span class='ocrx_word' id='word_1_233' title='bbox 1152 1857 1191 1885; x_wconf 91' lang='lat' dir='ltr'>ut</span> <span class='ocrx_word' id='word_1_234' title='bbox 1221 1858 1311 1885; x_wconf 89' lang='lat' dir='ltr'>metu</span> <span class='ocrx_word' id='word_1_235' title='bbox 1346 1861 1460 1883; x_wconf 87' lang='lat' dir='ltr'>eorum</span> <span class='ocrx_word' id='word_1_236' title='bbox 1490 1850 1602 1894; x_wconf 81' lang='lat' dir='ltr'>aliquo</span> 
     </span>
     <span class='ocr_line' id='line_1_27' title="bbox 144 1891 1603 1939; baseline 0.003 -15"><span class='ocrx_word' id='word_1_237' title='bbox 144 1892 264 1925; x_wconf 72' lang='lat' dir='ltr'>saltem</span> <span class='ocrx_word' id='word_1_238' title='bbox 286 1891 470 1926; x_wconf 81' lang='lat' dir='ltr'>simulando</span> <span class='ocrx_word' id='word_1_239' title='bbox 492 1893 735 1938; x_wconf 78' lang='lat' dir='ltr'>circumspecte</span> <span class='ocrx_word' id='word_1_240' title='bbox 754 1896 932 1939; x_wconf 83' lang='lat' dir='ltr'>incedere,</span> <span class='ocrx_word' id='word_1_241' title='bbox 956 1896 1010 1930; x_wconf 86' lang='lat' dir='ltr'>ire</span> <span class='ocrx_word' id='word_1_242' title='bbox 1027 1897 1199 1930; x_wconf 85' lang='lat' dir='ltr'>turmatim</span> <span class='ocrx_word' id='word_1_243' title='bbox 1221 1895 1409 1930; x_wconf 86' lang='lat' dir='ltr'>servatisve</span> <span class='ocrx_word' id='word_1_244' title='bbox 1431 1895 1603 1929; x_wconf 73' lang='lat' dir='ltr'>ordinibus</span> 
     </span>
     <span class='ocr_line' id='line_1_28' title="bbox 145 1940 1601 1986; baseline 0.003 -17"><span class='ocrx_word' id='word_1_245' title='bbox 145 1941 326 1970; x_wconf 72' lang='lat' dir='ltr'>curarentz</span> <span class='ocrx_word' id='word_1_246' title='bbox 359 1941 486 1971; x_wconf 88' lang='lat' dir='ltr'>temere</span> <span class='ocrx_word' id='word_1_247' title='bbox 515 1940 594 1983; x_wconf 80' lang='lat' dir='ltr'>vagi</span> <span class='ocrx_word' id='word_1_248' title='bbox 625 1940 803 1985; x_wconf 77' lang='lat' dir='ltr'>manipulis</span> <span class='ocrx_word' id='word_1_249' title='bbox 826 1941 985 1983; x_wconf 86' lang='lat' dir='ltr'>modicis,</span> <span class='ocrx_word' id='word_1_250' title='bbox 1017 1954 1116 1986; x_wconf 87' lang='lat' dir='ltr'>quam</span> <span class='ocrx_word' id='word_1_251' title='bbox 1140 1942 1250 1975; x_wconf 79' lang='lat' dir='ltr'>nostri</span> <span class='ocrx_word' id='word_1_252' title='bbox 1272 1946 1483 1984; x_wconf 84' lang='lat' dir='ltr'>contemptus</span> <span class='ocrx_word' id='word_1_253' title='bbox 1506 1943 1601 1975; x_wconf 86' lang='lat' dir='ltr'>fece-</span> 
     </span>
     <span class='ocr_line' id='line_1_29' title="bbox 145 1982 1598 2030; baseline 0.005 -16"><span class='ocrx_word' id='word_1_254' title='bbox 145 1986 222 2022; x_wconf 82' lang='lat' dir='ltr'>rat,</span> <span class='ocrx_word' id='word_1_255' title='bbox 253 1982 456 2016; x_wconf 82' lang='lat' dir='ltr'>confidentia.</span> <span class='ocrx_word' id='word_1_256' title='bbox 489 1985 680 2018; x_wconf 86' lang='lat' dir='ltr'>cursabant.</span> <span class='ocrx_word' id='word_1_257' title='bbox 725 1986 861 2030; x_wconf 85' lang='lat' dir='ltr'>iamque</span> <span class='ocrx_word' id='word_1_258' title='bbox 894 1987 979 2021; x_wconf 84' lang='lat' dir='ltr'>adeo</span> <span class='ocrx_word' id='word_1_259' title='bbox 1000 1987 1079 2020; x_wconf 88' lang='lat' dir='ltr'>illae</span> <span class='ocrx_word' id='word_1_260' title='bbox 1101 1988 1295 2020; x_wconf 77' lang='lat' dir='ltr'>celebratae</span> <span class='ocrx_word' id='word_1_261' title='bbox 1323 1986 1456 2029; x_wconf 82' lang='lat' dir='ltr'>adagiis</span> <span class='ocrx_word' id='word_1_262' title='bbox 1478 1986 1598 2021; x_wconf 84' lang='lat' dir='ltr'>solitu-</span> 
     </span>
     <span class='ocr_line' id='line_1_30' title="bbox 145 2026 1599 2076; baseline 0.005 -17"><span class='ocrx_word' id='word_1_263' title='bbox 145 2026 243 2060; x_wconf 82' lang='lat' dir='ltr'>dines</span> <span class='ocrx_word' id='word_1_264' title='bbox 273 2027 475 2071; x_wconf 79' lang='lat' dir='ltr'>Scytharum</span> <span class='ocrx_word' id='word_1_265' title='bbox 508 2039 573 2062; x_wconf 84' lang='lat' dir='ltr'>uon</span> <span class='ocrx_word' id='word_1_266' title='bbox 603 2030 682 2063; x_wconf 88' lang='lat' dir='ltr'>alibi</span> <span class='ocrx_word' id='word_1_267' title='bbox 712 2031 827 2065; x_wconf 87' lang='lat' dir='ltr'>verius</span> <span class='ocrx_word' id='word_1_268' title='bbox 849 2043 949 2076; x_wconf 89' lang='lat' dir='ltr'>quam</span> <span class='ocrx_word' id='word_1_269' title='bbox 974 2032 1008 2065; x_wconf 89' lang='lat' dir='ltr'>in</span> <span class='ocrx_word' id='word_1_270' title='bbox 1031 2044 1091 2066; x_wconf 87' lang='lat' dir='ltr'>ora</span> <span class='ocrx_word' id='word_1_271' title='bbox 1115 2033 1323 2075; x_wconf 85' lang='lat' dir='ltr'>Byzantinae</span> <span class='ocrx_word' id='word_1_272' title='bbox 1345 2032 1441 2065; x_wconf 90' lang='lat' dir='ltr'>urbis</span> <span class='ocrx_word' id='word_1_273' title='bbox 1464 2033 1599 2066; x_wconf 85' lang='lat' dir='ltr'>obiecta.</span> 
     </span>
     <span class='ocr_line' id='line_1_31' title="bbox 144 2072 1598 2119; baseline 0.005 -14"><span class='ocrx_word' id='word_1_274' title='bbox 144 2072 272 2115; x_wconf 87' lang='lat' dir='ltr'>muris,</span> <span class='ocrx_word' id='word_1_275' title='bbox 294 2073 448 2107; x_wconf 83' lang='lat' dir='ltr'>subiecta</span> <span class='ocrx_word' id='word_1_276' title='bbox 471 2073 578 2107; x_wconf 89' lang='lat' dir='ltr'>oculis</span> <span class='ocrx_word' id='word_1_277' title='bbox 599 2075 851 2119; x_wconf 78' lang='lat' dir='ltr'>reperirentur,</span> <span class='ocrx_word' id='word_1_278' title='bbox 883 2077 1013 2111; x_wconf 84' lang='lat' dir='ltr'>nemine</span> <span class='ocrx_word' id='word_1_279' title='bbox 1034 2078 1103 2111; x_wconf 89' lang='lat' dir='ltr'>illic</span> <span class='ocrx_word' id='word_1_280' title='bbox 1125 2082 1315 2111; x_wconf 88' lang='lat' dir='ltr'>nostrorum</span> <span class='ocrx_word' id='word_1_281' title='bbox 1339 2078 1484 2112; x_wconf 85' lang='lat' dir='ltr'>audente</span> <span class='ocrx_word' id='word_1_282' title='bbox 1507 2090 1598 2112; x_wconf 84' lang='lat' dir='ltr'>corn-</span> 
     </span>
     <span class='ocr_line' id='line_1_32' title="bbox 145 2121 1599 2168; baseline 0.004 -17"><span class='ocrx_word' id='word_1_283' title='bbox 145 2127 288 2163; x_wconf 86' lang='lat' dir='ltr'>parere,</span> <span class='ocrx_word' id='word_1_284' title='bbox 317 2125 588 2164; x_wconf 81' lang='lat' dir='ltr'>quantacumque</span> <span class='ocrx_word' id='word_1_285' title='bbox 619 2121 802 2154; x_wconf 80' lang='lat' dir='ltr'>necessitas</span> <span class='ocrx_word' id='word_1_286' title='bbox 832 2126 989 2164; x_wconf 83' lang='lat' dir='ltr'>voearet,</span> <span class='ocrx_word' id='word_1_287' title='bbox 1021 2123 1122 2156; x_wconf 89' lang='lat' dir='ltr'>etiam</span> <span class='ocrx_word' id='word_1_288' title='bbox 1147 2123 1298 2166; x_wconf 84' lang='lat' dir='ltr'>urgentis</span> <span class='ocrx_word' id='word_1_289' title='bbox 1322 2124 1505 2168; x_wconf 78' lang='lat' dir='ltr'>egestatis,</span> <span class='ocrx_word' id='word_1_290' title='bbox 1539 2136 1599 2158; x_wconf 86' lang='lat' dir='ltr'>eos</span> 
     </span>
     <span class='ocr_line' id='line_1_33' title="bbox 145 2163 1599 2214; baseline 0.004 -18"><span class='ocrx_word' id='word_1_291' title='bbox 145 2163 205 2207; x_wconf 83' lang='lat' dir='ltr'>qui</span> <span class='ocrx_word' id='word_1_292' title='bbox 235 2174 315 2197; x_wconf 87' lang='lat' dir='ltr'>rure</span> <span class='ocrx_word' id='word_1_293' title='bbox 342 2175 381 2202; x_wconf 82' lang='lat' dir='ltr'>se</span> <span class='ocrx_word' id='word_1_294' title='bbox 412 2165 588 2210; x_wconf 84' lang='lat' dir='ltr'>reliquisse</span> <span class='ocrx_word' id='word_1_295' title='bbox 609 2166 867 2200; x_wconf 79' lang='lat' dir='ltr'>recordarentur</span> <span class='ocrx_word' id='word_1_296' title='bbox 889 2178 955 2212; x_wconf 87' lang='lat' dir='ltr'>quo</span> <span class='ocrx_word' id='word_1_297' title='bbox 977 2168 1012 2201; x_wconf 89' lang='lat' dir='ltr'>in</span> <span class='ocrx_word' id='word_1_298' title='bbox 1034 2169 1117 2202; x_wconf 84' lang='lat' dir='ltr'>urbe</span> <span class='ocrx_word' id='word_1_299' title='bbox 1139 2169 1344 2212; x_wconf 82' lang='lat' dir='ltr'>indigebant.</span> <span class='ocrx_word' id='word_1_300' title='bbox 1389 2169 1448 2214; x_wconf 88' lang='lat' dir='ltr'>qui</span> <span class='ocrx_word' id='word_1_301' title='bbox 1471 2171 1502 2204; x_wconf 91' lang='lat' dir='ltr'>si</span> <span class='ocrx_word' id='word_1_302' title='bbox 1525 2170 1599 2204; x_wconf 87' lang='lat' dir='ltr'>vel-</span> 
     </span>
     <span class='ocr_line' id='line_1_34' title="bbox 144 2208 1600 2262; baseline 0.005 -20"><span class='ocrx_word' id='word_1_303' title='bbox 144 2208 218 2243; x_wconf 82' lang='lat' dir='ltr'>lent</span> <span class='ocrx_word' id='word_1_304' title='bbox 247 2209 354 2243; x_wconf 83' lang='lat' dir='ltr'>aleam</span> <span class='ocrx_word' id='word_1_305' title='bbox 384 2209 499 2244; x_wconf 86' lang='lat' dir='ltr'>iacere</span> <span class='ocrx_word' id='word_1_306' title='bbox 529 2210 643 2244; x_wconf 86' lang='lat' dir='ltr'>brevis</span> <span class='ocrx_word' id='word_1_307' title='bbox 675 2213 971 2253; x_wconf 74' lang='lat' dir='ltr'>excursiunculae,</span> <span class='ocrx_word' id='word_1_308' title='bbox 999 2213 1099 2247; x_wconf 84' lang='lat' dir='ltr'>etiam</span> <span class='ocrx_word' id='word_1_309' title='bbox 1123 2225 1144 2247; x_wconf 87' lang='lat' dir='ltr'>a</span> <span class='ocrx_word' id='word_1_310' title='bbox 1167 2214 1417 2257; x_wconf 83' lang='lat' dir='ltr'>magistratibus</span> <span class='ocrx_word' id='word_1_311' title='bbox 1440 2216 1600 2262; x_wconf 88' lang='lat' dir='ltr'>prohibe-</span> 
     </span>
     <span class='ocr_line' id='line_1_35' title="bbox 144 2254 1600 2306; baseline 0.004 -18"><span class='ocrx_word' id='word_1_312' title='bbox 144 2254 270 2289; x_wconf 86' lang='lat' dir='ltr'>bantur</span> <span class='ocrx_word' id='word_1_313' title='bbox 291 2260 458 2300; x_wconf 78' lang='lat' dir='ltr'>tamquam</span> <span class='ocrx_word' id='word_1_314' title='bbox 482 2256 524 2290; x_wconf 89' lang='lat' dir='ltr'>ad</span> <span class='ocrx_word' id='word_1_315' title='bbox 548 2262 686 2290; x_wconf 72' lang='lat' dir='ltr'>mortem</span> <span class='ocrx_word' id='word_1_316' title='bbox 710 2258 1014 2302; x_wconf 81' lang='lat' dir='ltr'>praesentissimam</span> <span class='ocrx_word' id='word_1_317' title='bbox 1037 2259 1132 2293; x_wconf 84' lang='lat' dir='ltr'>ituri.</span> <span class='ocrx_word' id='word_1_318' title='bbox 1155 2271 1356 2305; x_wconf 85' lang='lat' dir='ltr'>quamquam</span> <span class='ocrx_word' id='word_1_319' title='bbox 1379 2272 1460 2295; x_wconf 86' lang='lat' dir='ltr'>suus</span> <span class='ocrx_word' id='word_1_320' title='bbox 1480 2273 1600 2306; x_wconf 90' lang='lat' dir='ltr'>quem-</span> 
     </span>
     <span class='ocr_line' id='line_1_36' title="bbox 144 2301 1599 2352; baseline 0.005 -19"><span class='ocrx_word' id='word_1_321' title='bbox 144 2311 212 2345; x_wconf 86' lang='lat' dir='ltr'>que</span> <span class='ocrx_word' id='word_1_322' title='bbox 233 2301 317 2334; x_wconf 86' lang='lat' dir='ltr'>satis</span> <span class='ocrx_word' id='word_1_323' title='bbox 339 2302 520 2335; x_wconf 74' lang='lat' dir='ltr'>coercebat</span> <span class='ocrx_word' id='word_1_324' title='bbox 542 2307 662 2345; x_wconf 86' lang='lat' dir='ltr'>metus,</span> <span class='ocrx_word' id='word_1_325' title='bbox 685 2303 831 2347; x_wconf 85' lang='lat' dir='ltr'>vulgatis</span> <span class='ocrx_word' id='word_1_326' title='bbox 854 2305 1016 2348; x_wconf 63' lang='lat' dir='ltr'>exemplis</span> <span class='ocrx_word' id='word_1_327' title='bbox 1040 2305 1176 2350; x_wconf 85' lang='lat' dir='ltr'>prodire</span> <span class='ocrx_word' id='word_1_328' title='bbox 1197 2317 1365 2348; x_wconf 85' lang='lat' dir='ltr'>ausorum,</span> <span class='ocrx_word' id='word_1_329' title='bbox 1388 2307 1446 2352; x_wconf 83' lang='lat' dir='ltr'>qui</span> <span class='ocrx_word' id='word_1_330' title='bbox 1466 2314 1599 2341; x_wconf 81' lang='lat' dir='ltr'>utcum-</span> 
     </span>
     <span class='ocr_line' id='line_1_37' title="bbox 144 2341 1598 2398; baseline 0.006 -19"><span class='ocrx_word' id='word_1_331' title='bbox 144 2356 213 2388; x_wconf 78' lang='lat' dir='ltr'>que</span> <span class='ocrx_word' id='word_1_332' title='bbox 269 2341 345 2380; x_wconf 87' lang='lat' dir='ltr'>eriti</span> <span class='ocrx_word' id='word_1_333' title='bbox 375 2347 645 2392; x_wconf 88' lang='lat' dir='ltr'>compendiorum</span> <span class='ocrx_word' id='word_1_334' title='bbox 678 2352 713 2382; x_wconf 87' lang='lat' dir='ltr'>et</span> <span class='ocrx_word' id='word_1_335' title='bbox 744 2354 881 2394; x_wconf 85' lang='lat' dir='ltr'>captato</span> <span class='ocrx_word' id='word_1_336' title='bbox 905 2350 958 2383; x_wconf 88' lang='lat' dir='ltr'>usi</span> <span class='ocrx_word' id='word_1_337' title='bbox 981 2356 1155 2395; x_wconf 85' lang='lat' dir='ltr'>tempore,</span> <span class='ocrx_word' id='word_1_338' title='bbox 1188 2351 1247 2384; x_wconf 88' lang='lat' dir='ltr'>ubi</span> <span class='ocrx_word' id='word_1_339' title='bbox 1270 2351 1402 2386; x_wconf 85' lang='lat' dir='ltr'>minime</span> <span class='ocrx_word' id='word_1_340' title='bbox 1424 2357 1598 2398; x_wconf 84' lang='lat' dir='ltr'>putarant,</span> 
     </span>
     <span class='ocr_line' id='line_1_38' title="bbox 144 2390 1597 2432; baseline 0.006 -8"><span class='ocrx_word' id='word_1_341' title='bbox 144 2390 224 2425; x_wconf 78' lang='lat' dir='ltr'>duci</span> <span class='ocrx_word' id='word_1_342' title='bbox 271 2393 393 2427; x_wconf 76' lang='lat' dir='ltr'>arbato</span> <span class='ocrx_word' id='word_1_343' title='bbox 417 2404 491 2427; x_wconf 92' lang='lat' dir='ltr'>cum</span> <span class='ocrx_word' id='word_1_344' title='bbox 514 2405 577 2427; x_wconf 86' lang='lat' dir='ltr'>sua</span> <span class='ocrx_word' id='word_1_345' title='bbox 596 2399 707 2428; x_wconf 88' lang='lat' dir='ltr'>turma</span> <span class='ocrx_word' id='word_1_346' title='bbox 729 2394 764 2428; x_wconf 89' lang='lat' dir='ltr'>in</span> <span class='ocrx_word' id='word_1_347' title='bbox 787 2395 919 2429; x_wconf 84' lang='lat' dir='ltr'>insidiis</span> <span class='ocrx_word' id='word_1_348' title='bbox 941 2395 1152 2430; x_wconf 84' lang='lat' dir='ltr'>delitescenti</span> <span class='ocrx_word' id='word_1_349' title='bbox 1174 2403 1392 2432; x_wconf 85' lang='lat' dir='ltr'>occurrerant</span> <span class='ocrx_word' id='word_1_350' title='bbox 1413 2399 1597 2432; x_wconf 72' lang='lat' dir='ltr'>intortunio</span> 
     </span>
     <span class='ocr_line' id='line_1_39' title="bbox 143 2437 1598 2489; baseline 0.005 -19"><span class='ocrx_word' id='word_1_351' title='bbox 143 2446 205 2470; x_wconf 81' lang='lat' dir='ltr'>suo</span> <span class='ocrx_word' id='word_1_352' title='bbox 229 2437 383 2471; x_wconf 84' lang='lat' dir='ltr'>maximo.</span> <span class='ocrx_word' id='word_1_353' title='bbox 429 2450 493 2473; x_wconf 88' lang='lat' dir='ltr'>nec</span> <span class='ocrx_word' id='word_1_354' title='bbox 514 2439 595 2473; x_wconf 82' lang='lat' dir='ltr'>felix</span> <span class='ocrx_word' id='word_1_355' title='bbox 619 2439 654 2474; x_wconf 85' lang='lat' dir='ltr'>in</span> <span class='ocrx_word' id='word_1_356' title='bbox 677 2452 718 2474; x_wconf 88' lang='lat' dir='ltr'>eo</span> <span class='ocrx_word' id='word_1_357' title='bbox 741 2451 866 2484; x_wconf 83' lang='lat' dir='ltr'>genere</span> <span class='ocrx_word' id='word_1_358' title='bbox 887 2441 1063 2475; x_wconf 84' lang='lat' dir='ltr'>temeritas</span> <span class='ocrx_word' id='word_1_359' title='bbox 1084 2444 1299 2487; x_wconf 85' lang='lat' dir='ltr'>quorumdam</span> <span class='ocrx_word' id='word_1_360' title='bbox 1313 2469 1324 2485; x_wconf 91' lang='lat'><em>‚</em></span> <span class='ocrx_word' id='word_1_361' title='bbox 1355 2444 1538 2489; x_wconf 80' lang='lat' dir='ltr'>quipauci</span> <span class='ocrx_word' id='word_1_362' title='bbox 1562 2451 1598 2478; x_wconf 91' lang='lat' dir='ltr'>et</span> 
     </span>
     <span class='ocr_line' id='line_1_40' title="bbox 142 2480 1597 2531; baseline 0.006 -16"><span class='ocrx_word' id='word_1_363' title='bbox 142 2480 290 2516; x_wconf 75' lang='lat' dir='ltr'>inermes</span> <span class='ocrx_word' id='word_1_364' title='bbox 311 2488 511 2519; x_wconf 87' lang='lat' dir='ltr'>armatorum</span> <span class='ocrx_word' id='word_1_365' title='bbox 535 2485 676 2530; x_wconf 87' lang='lat' dir='ltr'>plurium</span> <span class='ocrx_word' id='word_1_366' title='bbox 699 2497 816 2520; x_wconf 85' lang='lat' dir='ltr'>manus</span> <span class='ocrx_word' id='word_1_367' title='bbox 838 2487 998 2531; x_wconf 81' lang='lat' dir='ltr'>effugisse</span> <span class='ocrx_word' id='word_1_368' title='bbox 1016 2488 1223 2530; x_wconf 77' lang='lat' dir='ltr'>ferebantur,</span> <span class='ocrx_word' id='word_1_369' title='bbox 1245 2490 1383 2523; x_wconf 89' lang='lat' dir='ltr'>multum</span> <span class='ocrx_word' id='word_1_370' title='bbox 1405 2491 1449 2524; x_wconf 83' lang='lat' dir='ltr'>ad</span> <span class='ocrx_word' id='word_1_371' title='bbox 1473 2490 1597 2524; x_wconf 81' lang='lat' dir='ltr'>similes</span> 
     </span>
     <span class='ocr_line' id='line_1_41' title="bbox 143 2529 1595 2580; baseline 0.006 -20"><span class='ocrx_word' id='word_1_372' title='bbox 143 2537 246 2561; x_wconf 85' lang='lat' dir='ltr'>ausus</span> <span class='ocrx_word' id='word_1_373' title='bbox 274 2529 537 2574; x_wconf 83' lang='lat' dir='ltr'>frequentandos</span> <span class='ocrx_word' id='word_1_374' title='bbox 568 2531 756 2566; x_wconf 83' lang='lat' dir='ltr'>incitabat:</span> <span class='ocrx_word' id='word_1_375' title='bbox 789 2533 860 2567; x_wconf 88' lang='lat' dir='ltr'>rari</span> <span class='ocrx_word' id='word_1_376' title='bbox 883 2533 969 2566; x_wconf 93' lang='lat' dir='ltr'>enim</span> <span class='ocrx_word' id='word_1_377' title='bbox 993 2533 1030 2566; x_wconf 91' lang='lat' dir='ltr'>hi</span> <span class='ocrx_word' id='word_1_378' title='bbox 1052 2544 1152 2567; x_wconf 87' lang='lat' dir='ltr'>casus</span> <span class='ocrx_word' id='word_1_379' title='bbox 1173 2538 1289 2576; x_wconf 76' lang='lat' dir='ltr'>erant3</span> <span class='ocrx_word' id='word_1_380' title='bbox 1323 2536 1469 2580; x_wconf 81' lang='lat' dir='ltr'>qualium</span> <span class='ocrx_word' id='word_1_381' title='bbox 1492 2547 1595 2580; x_wconf 76' lang='lat' dir='ltr'>expe—</span> 
     </span>
     <span class='ocr_line' id='line_1_42' title="bbox 145 2573 1595 2626; baseline 0.005 -20"><span class='ocrx_word' id='word_1_382' title='bbox 145 2573 284 2607; x_wconf 81' lang='lat' dir='ltr'>ctationi</span> <span class='ocrx_word' id='word_1_383' title='bbox 316 2575 446 2609; x_wconf 87' lang='lat' dir='ltr'>nonnisi</span> <span class='ocrx_word' id='word_1_384' title='bbox 477 2577 574 2611; x_wconf 87' lang='lat' dir='ltr'>stulti</span> <span class='ocrx_word' id='word_1_385' title='bbox 607 2583 709 2622; x_wconf 86' lang='lat' dir='ltr'>caput</span> <span class='ocrx_word' id='word_1_386' title='bbox 742 2578 1008 2614; x_wconf 88' lang='lat' dir='ltr'>committendum</span> <span class='ocrx_word' id='word_1_387' title='bbox 1046 2578 1221 2614; x_wconf 84' lang='lat' dir='ltr'>ducerent.</span> <span class='ocrx_word' id='word_1_388' title='bbox 1266 2581 1354 2615; x_wconf 89' lang='lat' dir='ltr'>nulla</span> <span class='ocrx_word' id='word_1_389' title='bbox 1385 2592 1486 2626; x_wconf 89' lang='lat' dir='ltr'>porro</span> <span class='ocrx_word' id='word_1_390' title='bbox 1523 2581 1595 2614; x_wconf 88' lang='lat' dir='ltr'>dies</span> 
     </span>
     <span class='ocr_line' id='line_1_43' title="bbox 144 2619 1595 2668; baseline 0.006 -17"><span class='ocrx_word' id='word_1_391' title='bbox 144 2619 375 2662; x_wconf 79' lang='lat' dir='ltr'>praeteribat,</span> <span class='ocrx_word' id='word_1_392' title='bbox 398 2632 465 2666; x_wconf 86' lang='lat' dir='ltr'>qua</span> <span class='ocrx_word' id='word_1_393' title='bbox 487 2633 552 2656; x_wconf 87' lang='lat' dir='ltr'>non</span> <span class='ocrx_word' id='word_1_394' title='bbox 575 2623 773 2657; x_wconf 89' lang='lat' dir='ltr'>audirentur</span> <span class='ocrx_word' id='word_1_395' title='bbox 795 2625 923 2658; x_wconf 83' lang='lat' dir='ltr'>Persae</span> <span class='ocrx_word' id='word_1_396' title='bbox 945 2624 978 2658; x_wconf 90' lang='lat' dir='ltr'>in</span> <span class='ocrx_word' id='word_1_397' title='bbox 1006 2623 1150 2668; x_wconf 76' lang='lat' dir='ltr'>aliquam</span> <span class='ocrx_word' id='word_1_398' title='bbox 1173 2625 1300 2660; x_wconf 86' lang='lat' dir='ltr'>arcium</span> <span class='ocrx_word' id='word_1_399' title='bbox 1323 2627 1366 2661; x_wconf 88' lang='lat' dir='ltr'>ad</span> <span class='ocrx_word' id='word_1_400' title='bbox 1393 2638 1486 2660; x_wconf 79' lang='lat' dir='ltr'>mare</span> <span class='ocrx_word' id='word_1_401' title='bbox 1509 2627 1595 2660; x_wconf 88' lang='lat' dir='ltr'>sita-</span> 
     </span>
     <span class='ocr_line' id='line_1_44' title="bbox 145 2664 1597 2717; baseline 0.007 -22"><span class='ocrx_word' id='word_1_402' title='bbox 145 2672 219 2696; x_wconf 84' lang='lat' dir='ltr'>rum</span> <span class='ocrx_word' id='word_1_403' title='bbox 241 2664 434 2708; x_wconf 84' lang='lat' dir='ltr'>incurrisse,</span> <span class='ocrx_word' id='word_1_404' title='bbox 457 2668 504 2701; x_wconf 85' lang='lat' dir='ltr'>ad</span> <span class='ocrx_word' id='word_1_405' title='bbox 525 2668 618 2702; x_wconf 86' lang='lat' dir='ltr'>cuius</span> <span class='ocrx_word' id='word_1_406' title='bbox 641 2675 759 2714; x_wconf 86' lang='lat' dir='ltr'>portas</span> <span class='ocrx_word' id='word_1_407' title='bbox 781 2675 841 2703; x_wconf 82' lang='lat' dir='ltr'>aut</span> <span class='ocrx_word' id='word_1_408' title='bbox 864 2670 988 2704; x_wconf 82' lang='lat' dir='ltr'>caedes</span> <span class='ocrx_word' id='word_1_409' title='bbox 1011 2671 1171 2704; x_wconf 83' lang='lat' dir='ltr'>fecissent</span> <span class='ocrx_word' id='word_1_410' title='bbox 1193 2675 1253 2706; x_wconf 79' lang='lat' dir='ltr'>aut</span> <span class='ocrx_word' id='word_1_411' title='bbox 1275 2673 1427 2717; x_wconf 81' lang='lat' dir='ltr'>captivos</span> <span class='ocrx_word' id='word_1_412' title='bbox 1451 2673 1597 2715; x_wconf 88' lang='lat' dir='ltr'>prehen-</span> 
     </span>
     <span class='ocr_line' id='line_1_45' title="bbox 145 2706 1597 2761; baseline 0.007 -21"><span class='ocrx_word' id='word_1_413' title='bbox 145 2706 284 2744; x_wconf 87' lang='lat' dir='ltr'>dissent.</span> <span class='ocrx_word' id='word_1_414' title='bbox 307 2710 451 2756; x_wconf 85' lang='lat' dir='ltr'>·i‹lqne‚</span> <span class='ocrx_word' id='word_1_415' title='bbox 481 2724 552 2747; x_wconf 82' lang='lat' dir='ltr'>rem</span> <span class='ocrx_word' id='word_1_416' title='bbox 576 2714 812 2749; x_wconf 82' lang='lat' dir='ltr'>miserrimam!</span> <span class='ocrx_word' id='word_1_417' title='bbox 844 2715 887 2749; x_wconf 89' lang='lat' dir='ltr'>iis</span> <span class='ocrx_word' id='word_1_418' title='bbox 909 2715 1120 2760; x_wconf 84' lang='lat' dir='ltr'>frequentius</span> <span class='ocrx_word' id='word_1_419' title='bbox 1142 2716 1260 2751; x_wconf 87' lang='lat' dir='ltr'>diebus</span> <span class='ocrx_word' id='word_1_420' title='bbox 1283 2717 1481 2758; x_wconf 82' lang='lat' dir='ltr'>accidebat,</span> <span class='ocrx_word' id='word_1_421' title='bbox 1513 2728 1597 2761; x_wconf 87' lang='lat' dir='ltr'>quas</span> 
     </span>
     <span class='ocr_line' id='line_1_46' title="bbox 144 2753 1596 2806; baseline 0.006 -20"><span class='ocrx_word' id='word_1_422' title='bbox 144 2753 250 2787; x_wconf 80' lang='lat' dir='ltr'>festas</span> <span class='ocrx_word' id='word_1_423' title='bbox 272 2758 309 2788; x_wconf 89' lang='lat' dir='ltr'>et</span> <span class='ocrx_word' id='word_1_424' title='bbox 327 2755 414 2791; x_wconf 87' lang='lat' dir='ltr'>bene</span> <span class='ocrx_word' id='word_1_425' title='bbox 446 2758 588 2792; x_wconf 72' lang='lat' dir='ltr'>feriatas</span> <span class='ocrx_word' id='word_1_426' title='bbox 619 2761 823 2795; x_wconf 80' lang='lat' dir='ltr'>habebamus</span> <span class='ocrx_word' id='word_1_427' title='bbox 845 2761 1146 2806; x_wconf 87' lang='lat' dir='ltr'>supplicationibus</span> <span class='ocrx_word' id='word_1_428' title='bbox 1166 2763 1235 2796; x_wconf 82' lang='lat' dir='ltr'>rite</span> <span class='ocrx_word' id='word_1_429' title='bbox 1257 2764 1321 2797; x_wconf 91' lang='lat' dir='ltr'>deo</span> <span class='ocrx_word' id='word_1_430' title='bbox 1343 2762 1541 2796; x_wconf 84' lang='lat' dir='ltr'>adhibendis</span> <span class='ocrx_word' id='word_1_431' title='bbox 1563 2762 1596 2795; x_wconf 86' lang='lat' dir='ltr'>ei</span> 
     </span>
     <span class='ocr_line' id='line_1_47' title="bbox 142 2798 1593 2854; baseline 0.008 -23"><span class='ocrx_word' id='word_1_432' title='bbox 142 2798 365 2844; x_wconf 81' lang='lat' dir='ltr'>propitiando.</span> <span class='ocrx_word' id='word_1_433' title='bbox 412 2804 697 2852; x_wconf 81' lang='lat' dir='ltr'>cernebamusqne</span> <span class='ocrx_word' id='word_1_434' title='bbox 730 2817 772 2841; x_wconf 89' lang='lat' dir='ltr'>ex</span> <span class='ocrx_word' id='word_1_435' title='bbox 802 2807 867 2841; x_wconf 86' lang='lat' dir='ltr'>hoc</span> <span class='ocrx_word' id='word_1_436' title='bbox 892 2808 1006 2842; x_wconf 88' lang='lat' dir='ltr'>littore</span> <span class='ocrx_word' id='word_1_437' title='bbox 1027 2808 1267 2843; x_wconf 64' lang='lat' dir='ltr'>transfretum</span> <span class='ocrx_word' id='word_1_438' title='bbox 1290 2813 1491 2852; x_wconf 79' lang='lat' dir='ltr'>angustum,</span> <span class='ocrx_word' id='word_1_439' title='bbox 1526 2819 1593 2854; x_wconf 85' lang='lat' dir='ltr'>quo</span> 
     </span>
    </p>
   </div>
  </div>
 </body>
</html>
