1858 3126
603 164 707 208 LIB.
735 163 792 207 11.
858 162 1061 206 NOTAE.
1460 158 1559 207 747

123 275 203 314 duo
222 275 352 323 fuere,
383 274 548 313 alterum
574 273 625 312 ad
644 274 787 312 Ortum
803 285 990 323 vergens,
1022 271 1188 310 alterum
1201 270 1249 309 ad
1266 270 1480 322 Oceanum,
1510 285 1561 311 ex

121 331 210 370 istis
231 330 313 369 hoc
330 330 456 368 solum
484 330 720 378 secundum,
748 331 791 367 in
816 342 893 380 quo
920 328 1145 366 Genuenses
1170 327 1420 377 habitarunt,
1448 328 1563 367 Gala-

121 393 204 426 tam
224 387 372 425 dictum
390 387 563 438 reperio;
594 393 631 424 et
650 386 698 424 de
713 385 791 423 hoc
808 385 893 422 solo
912 397 1024 434 agere
1040 383 1108 422 hic
1128 383 1406 435 Pachymerem
1423 384 1564 423 existi-

120 443 244 483 mavit
264 449 355 480 ante
374 455 434 480 me
454 441 726 512 paraphrastes
746 441 980 489 Vaticanus,
1013 454 1033 477 a
1054 453 1133 506 quo
1155 439 1220 478 hic
1241 441 1352 478 locus
1372 440 1430 478 sic
1445 439 1566 480 effer-

120 503 210 537 tur:
251 495 352 538 nard
381 493 595 550 ἄνι’ίπεραν
622 500 694 549 τῆς
717 493 869 544 πόλεως
898 493 1000 548 πρός
1029 498 1083 550 τῷ
1109 499 1266 536 Patami
1299 495 1420 565 μέρει.
1478 495 1564 536 sive

121 553 241 593 unius
276 559 428 592 tantum
454 553 635 592 suburbii
667 554 766 591 duae
797 552 1094 602 distinguuntur
1123 558 1254 604 partes
1283 548 1499 604 ἆνατολική
1524 558 1565 592 et

122 604 287 660 δοτική,
323 622 490 660 quarum
516 609 620 647 hanc
648 610 772 647 solam
803 609 1032 646 incendium
1062 607 1320 671 corripuerit,
1349 621 1398 646 ex
1426 608 1564 646 eodem

86 711 90 717 ,
120 664 376 718 paraphraste
394 665 570 716 intelligo
590 666 789 717 propriam
809 664 1109 716 appellationem
1126 664 1238 702 istius
1264 665 1429 715 περαίας
1452 666 1565 704 δυτι-

121 723 197 772 κῆς
215 721 411 759 Galatam
430 721 562 760 fuisse.
611 720 691 759 hoc
708 721 913 772 sequebar.
958 720 991 759 si
1010 733 1072 758 me
1090 720 1193 758 ratio
1211 720 1420 770 fefellerit,
1447 721 1564 772 igno-

121 783 206 815 scat
225 777 351 815 lector
371 783 409 815 et
430 777 614 828 corrigat.

233 846 272 885 p.
294 836 373 876 186
390 845 430 875 v.
448 837 487 875 7.
540 829 804 885 ποιμαντικῆν
832 831 1050 883 βακτηρίαν
1082 827 1217 883 λαβών
1243 846 1351 883 παρα
1372 833 1448 872 τοῦ
1470 846 1566 884 κραυ

123 890 299 936 τοῦπος.
351 887 459 927 hunc
489 902 636 927 morem
669 888 926 926 Orientalium
965 887 1247 939 imperatorum
1279 887 1426 926 imitari
1463 887 1565 926 Ger-

122 944 229 982 mani
245 945 477 994 voluerunt,
507 944 647 995 quibus
668 945 768 982 male
785 957 876 982 cum
892 945 1064 981 Romana
1080 943 1240 981 ecclesia
1259 943 1468 993 convenit,
1496 957 1564 982 ar-

122 1005 304 1051 rogantes
329 1006 369 1039 et
395 1000 437 1038 hi
462 1001 535 1038 sibi
557 1001 616 1038 ius
642 1000 876 1038 investiendi
905 999 1106 1050 episcopos
1125 999 1337 1037 traditione
1355 999 1564 1050 pastoralis

122 1055 277 1106 baculi3
307 1056 415 1107 quod
443 1057 491 1093 ab
509 1057 708 1094 Hadriano
733 1070 834 1108 papa
854 1057 974 1094 fuisse
994 1069 1219 1094 concessum
1240 1055 1383 1093 Carolo
1405 1056 1565 1105 Magno,

124 1125 172 1150 ac
190 1118 471 1163 consequenter
486 1112 609 1164 ipsius
624 1125 776 1163 quoque
802 1111 1115 1161 successoribus,
1145 1111 1364 1161 Sigebertus
1384 1112 1564 1162 regnanti

124 1173 166 1206 et
182 1181 206 1205 a
222 1169 396 1206 Romano
415 1168 605 1220 pontifice
627 1168 801 1206 discordi
817 1169 987 1206 Hem-ico
1006 1173 1206 1206 assentans
1232 1167 1437 1216 confinxit,
1455 1166 1564 1205 haud

124 1223 268 1274 dignus
283 1223 359 1262 {ide
374 1226 458 1263 sine
473 1225 686 1276 antiquiori
707 1230 805 1262 teste
822 1238 906 1262 rem
925 1223 1125 1262 affirmans
1150 1223 1335 1262 trecentis
1357 1224 1466 1274 prius
1492 1237 1564 1262 an-

123 1279 187 1317 nis
207 1286 375 1330 gestam,
401 1286 447 1318 ut
463 1280 647 1318 observat
664 1280 868 1330 Baronius,
887 1293 949 1317 an.
969 1279 1060 1317 Chr.
1079 1278 1176 1320 774.
1222 1279 1318 1330 quid
1334 1279 1386 1318 sit
1405 1278 1564 1318 dibon-

124 1334 264 1373 bulum
284 1334 350 1373 hic
374 1336 557 1374 continue
578 1342 856 1385 memoratum,
883 1335 975 1374 vide
996 1335 1038 1372 in
1060 1335 1272 1374 Glossario.

235 1391 264 1430 l.
282 1394 308 1433 3
340 1404 374 1430 c.
394 1395 430 1433 1.
486 1392 674 1430 Narratur
705 1392 822 1430 simul
849 1390 1064 1442 assumptio
1093 1390 1296 1429 Michaelis
1325 1389 1370 1428 in
1399 1403 1564 1429 consor-

123 1445 225 1485 tium
246 1447 423 1498 imperii,
450 1446 569 1485 simul
588 1447 757 1486 eiusdem
780 1447 983 1485 coronatio
1001 1447 1204 1497 solemnis,
1235 1460 1329 1498 quas
1346 1452 1479 1485 tamen
1499 1446 1565 1484 di-

123 1502 252 1541 versis
281 1503 493 1553 contigisse
523 1503 789 1555 temporibus,
820 1510 858 1541 et
885 1502 987 1541 hanc
1014 1503 1083 1540 illa
1103 1509 1188 1541 toto
1214 1516 1318 1541 anno
1342 1502 1463 1540 fuisse
1486 1515 1565 1554 po-

125 1558 351 1608 steriorem,
381 1559 627 1598 ostendemus
653 1560 679 1597 l.
697 1562 721 1600 3
746 1559 886 1597 harum
905 1559 1069 1598 observ.
1090 1572 1124 1597 c.
1148 1562 1190 1601 3.
1249 1558 1357 1609 quod
1378 1557 1483 1595 diem
1501 1563 1568 1595 at-

126 1613 227 1652 tinet
241 1615 482 1652 ceremoniae
507 1615 701 1666 delectam
719 1615 810 1653 Maii
826 1619 902 1662 21,
931 1628 975 1653 ea
998 1614 1084 1666 ipsa
1103 1614 1223 1653 hodie
1245 1615 1287 1652 in
1307 1613 1417 1652 libris
1437 1614 1569 1651 eccle-

124 1669 289 1708 siasticis
313 1670 551 1708 Graecorum
570 1671 778 1709 memoriae
797 1670 1084 1710 anniversariae
1107 1671 1235 1721 magni
1256 1669 1506 1707 Constantini
1526 1675 1566 1707 et

124 1725 261 1764 mah-is
288 1726 371 1764 eins
394 1727 435 1766 S.
457 1727 627 1765 Helenae
654 1733 878 1765 consecrata
900 1726 1088 1766 cernitur.
1144 1725 1358 1776 descriptio
1375 1725 1474 1762 ritus
1494 1738 1565 1762 co-

124 1781 343 1820 ronationis
362 1782 624 1833 Augustorum
644 1783 925 1830 Orientalium,
953 1796 1071 1833 quam
1095 1781 1163 1820 hic
1185 1781 1444 1831 Pachymeres
1468 1793 1565 1830 pau-

128 1836 184 1874 cis
210 1837 441 1886 exequitur,
469 1838 562 1875 satis
592 1852 761 1877 consona
790 1838 1013 1890 reperietur
1038 1837 1206 1887 longiori
1236 1851 1258 1873 a
1291 1837 1563 1872 Cantacuzeno

126 1891 254 1929 editae
281 1904 315 1932 c.
334 1891 385 1932 41
415 1892 444 1930 1.
467 1895 512 1940 1,
539 1893 572 1931 si
598 1895 686 1943 quis
708 1900 913 1943 utramque
933 1893 1157 1930 contulerit.
1214 1904 1331 1928 unam
1359 1890 1565 1928 observavi

127 1947 454 1998 discrepantiam,
482 1960 533 1984 ex
562 1962 639 1998 qua
667 1962 748 1986 non
780 1948 1091 1987 inverisimiliter
1118 1947 1219 1984 mihi
1245 1946 1385 1984 videor
1414 1946 1562 1984 confir-

126 2015 234 2041 mare
259 2002 522 2041 coniecturam
549 2003 667 2041 modo
694 2004 906 2042 indicatam
924 2003 972 2040 de
991 2002 1242 2040 distinctione
1268 2001 1480 2040 evectionis
1507 2001 1560 2040 ad

126 2057 337 2108 imperium
356 2064 393 2096 et
411 2058 675 2095 coronationis
691 2059 734 2096 in
752 2058 830 2096 hoc
848 2059 992 2096 iuniori
1011 2057 1222 2106 michaele,
1250 2057 1419 2108 ideoque
1444 2058 1562 2095 istam

128 2113 387 2152 differentiam
420 2126 614 2164 exponam
633 2113 866 2153 distinctius.
924 2113 1061 2151 scribit
1074 2112 1152 2150 hoc
1168 2113 1256 2150 loco
1276 2112 1435 2151 laudato
1455 2114 1562 2152 can-

127 2175 363 2207 tacuzenus:
390 2171 463 2238 vpofi
483 2167 688 2220 μέλλοντος
706 2166 996 2220 χρισθήσεσθαι
1018 2167 1241 2219 βασιλέως’
1222 2167 1287 2209 επὶ
1307 2165 1473 2216 ἆσπίδος
1489 2185 1563 2208 κα-

127 2223 365 2272 θεσθέντος,
395 2223 418 2264 ὅ
442 2222 625 2276 βασιλευς
650 2224 716 2264 καὶ
745 2240 873 2276 πατηρ
898 2227 970 2264 τοῦ
991 2220 1351 2276 α’ναγορευομένου,
1381 2223 1420 2264 εἷ’
1431 2240 1475 2277 γε
1490 2239 1561 2265 πε-

128 2280 273 2347 eleon:
301 2279 370 2319 καὶ
392 2275 415 2319 ὅ
435 2278 697 2348 πατριάρχης,
725 2283 806 2319 ταῖν
822 2280 1078 2347 ἐμπροσθίων
1098 2294 1228 2344 μερων
1251 2276 1563 2332 ἔπιλαμβανομε-

128 2351 196 2376 vot
216 2351 290 2387 της
317 2332 504 2385 οἷσπίδος,
534 2338 615 2375 τῶν
640 2331 679 2375 δ’
698 2334 912 2376 ἐπιλοίπων
933 2335 975 2375 οἱ
992 2335 1035 2376 ἐν
1052 2331 1268 2386 α’ξιωμασιν
1295 2333 1564 2387 υπερέχοντες,

128 2388 315 2432 δεσπόται
331 2405 372 2431 τε
392 2390 460 2431 καὶ
477 2387 845 2443 σεβαστοκράτορες,
875 2390 982 2440 εἴπερ
1008 2391 1126 2436 εἰσίν,
1155 2407 1182 2441 η
1206 2391 1247 2431 οἷ
1263 2391 1565 2441 ἐπιφανέστατοι

128 2443 295 2515 μάλιστα
314 2450 394 2487 τῶν
402 2449 707 2515 συγκλητικῶν,
734 2446 802 2486 καὶ
824 2447 1123 2514 μετεωρίσαντες
1143 2462 1197 2494 ως
1219 2446 1279 2486 ἔνι
1297 2442 1464 2497 μάλιστα
1489 2463 1564 2487 αυ-

127 2517 199 2542 τον
221 2518 301 2555 αμα
319 2506 370 2558 τῇ
388 2499 545 2553 ἆσπίδι,
575 2507 659 2550 τοῖς
677 2500 876 2555 πλήθεσιν
889 2499 1183 2542 ἐπιδεικνύουσι
1195 2499 1267 2542 τόν
1283 2501 1444 2553 βασιλέα
1457 2498 1563 2543 πάν-

128 2562 249 2597 τοθεν
267 2557 588 2611 περιισταμένοις.
642 2558 721 2596 hoc
738 2565 815 2598 est.
843 2561 1076 2623 imperatore
1091 2557 1319 2610 inungendo
1334 2572 1453 2608 super
1469 2571 1566 2594 scu-

130 2619 220 2649 tum
240 2613 485 2663 considente,
514 2617 730 2666 imperator
742 2622 860 2665 pater
879 2616 986 2663 eius,
1016 2615 1089 2664 qui
1113 2615 1386 2662 acclamatur,
1413 2614 1451 2650 εἰ
1471 2614 1566 2664 qui-

131 2666 219 2704 dem
247 2677 442 2719 superest,
470 2677 507 2707 et
523 2670 789 2721 patriarcha,
815 2669 1083 2708 anterioribus
1105 2671 1210 2708 acuti
1221 2669 1414 2734 partibus
1435 2681 1566 2706 corre-

126 2723 233 2772 ptis,
268 2724 445 2776 reliquas
467 2739 558 2762 vero
591 2726 811 2764 tenentibus
835 2724 1147 2777 magistratibus
1162 2726 1397 2776 Ρνὶηιανίἰε,
1432 2738 1565 2774 nempe

132 2775 302 2828 despotia
316 2788 351 2818 et
366 2780 769 2832 sebastocraton‘bua,
797 2783 836 2820 εἰ
858 2782 1031 2833 adsunt,
1060 2788 1132 2819 aut
1157 2780 1447 2820 illustrissimis
1471 2781 1564 2832 qui-
