<?xml version="1.0" encoding="UTF-8"?>
<!DOCTYPE html PUBLIC "-//W3C//DTD XHTML 1.0 Transitional//EN"
    "http://www.w3.org/TR/xhtml1/DTD/xhtml1-transitional.dtd">
<html xmlns="http://www.w3.org/1999/xhtml" xml:lang="en" lang="en">
 <head>
  <title>
</title>
<meta http-equiv="Content-Type" content="text/html;charset=utf-8" />
  <meta name='ocr-system' content='tesseract 3.04.00' />
  <meta name='ocr-capabilities' content='ocr_page ocr_carea ocr_par ocr_line ocrx_word'/>
</head>
<body>
  <div class='ocr_page' id='page_1' title='image "./corpusscriptorum18niebuoft_0833.png"; bbox 0 0 1858 3126; ppageno 0'>
   <div class='ocr_carea' id='block_1_1' title="bbox 465 159 1568 210">
    <p class='ocr_par' dir='ltr' id='par_1_1' title="bbox 465 159 1568 210">
     <span class='ocr_line' id='line_1_1' title="bbox 465 159 1568 210; baseline -0.005 -1"><span class='ocrx_word' id='word_1_1' title='bbox 465 166 567 210; x_wconf 76' lang='lat' dir='ltr'>LIB:</span> <span class='ocrx_word' id='word_1_2' title='bbox 600 164 675 210; x_wconf 88' lang='lat'>111.</span> <span class='ocrx_word' id='word_1_3' title='bbox 740 162 1219 208; x_wconf 81' lang='lat' dir='ltr'><strong>CHRONOLOGICUS.</strong></span> <span class='ocrx_word' id='word_1_4' title='bbox 1473 159 1568 204; x_wconf 87' lang='lat'><strong>815</strong></span> 
     </span>
    </p>
   </div>
   <div class='ocr_carea' id='block_1_2' title="bbox 131 269 1707 548">
    <p class='ocr_par' dir='ltr' id='par_1_2' title="bbox 131 269 1707 548">
     <span class='ocr_line' id='line_1_2' title="bbox 136 269 1570 324; baseline -0.004 -10"><span class='ocrx_word' id='word_1_5' title='bbox 136 288 212 314; x_wconf 82' lang='lat' dir='ltr'><strong>nus</strong></span> <span class='ocrx_word' id='word_1_6' title='bbox 231 273 441 324; x_wconf 85' lang='lat' dir='ltr'><strong>Cetbugam</strong></span> <span class='ocrx_word' id='word_1_7' title='bbox 466 271 750 323; x_wconf 80' lang='lat' dir='ltr'><strong>Mogulensium</strong></span> <span class='ocrx_word' id='word_1_8' title='bbox 770 271 812 308; x_wconf 88' lang='lat' dir='ltr'><strong>in</strong></span> <span class='ocrx_word' id='word_1_9' title='bbox 833 270 946 323; x_wconf 82' lang='lat' dir='ltr'><strong>Syria</strong></span> <span class='ocrx_word' id='word_1_10' title='bbox 967 271 1206 322; x_wconf 83' lang='lat' dir='ltr'><strong>praesectum</strong></span> <span class='ocrx_word' id='word_1_11' title='bbox 1222 269 1307 308; x_wconf 83' lang='lat' dir='ltr'><strong>acie</strong></span> <span class='ocrx_word' id='word_1_12' title='bbox 1324 269 1475 309; x_wconf 83' lang='lat' dir='ltr'><strong>victum</strong></span> <span class='ocrx_word' id='word_1_13' title='bbox 1491 283 1570 308; x_wconf 92' lang='lat' dir='ltr'><strong>oc-</strong></span> 
     </span>
     <span class='ocr_line' id='line_1_3' title="bbox 136 322 1707 380; baseline -0.004 -11"><span class='ocrx_word' id='word_1_14' title='bbox 136 331 315 379; x_wconf 78' lang='lat' dir='ltr'><strong>cidisset,</strong></span> <span class='ocrx_word' id='word_1_15' title='bbox 344 329 450 380; x_wconf 89' lang='lat' dir='ltr'><strong>quod</strong></span> <span class='ocrx_word' id='word_1_16' title='bbox 471 330 525 366; x_wconf 82' lang='lat' dir='ltr'><strong>ait</strong></span> <span class='ocrx_word' id='word_1_17' title='bbox 544 329 747 378; x_wconf 75' lang='lat' dir='ltr'><strong>contigisse</strong></span> <span class='ocrx_word' id='word_1_18' title='bbox 765 327 829 364; x_wconf 91' lang='lat' dir='ltr'><strong>die</strong></span> <span class='ocrx_word' id='word_1_19' title='bbox 856 331 909 370; x_wconf 81' lang='lat'><strong>27</strong></span> <span class='ocrx_word' id='word_1_20' title='bbox 927 328 1068 365; x_wconf 79' lang='lat' dir='ltr'><strong>mensis</strong></span> <span class='ocrx_word' id='word_1_21' title='bbox 1090 327 1302 365; x_wconf 83' lang='lat' dir='ltr'><strong>Ramadani</strong></span> <span class='ocrx_word' id='word_1_22' title='bbox 1321 340 1425 364; x_wconf 83' lang='lat' dir='ltr'><strong>anno</strong></span> <span class='ocrx_word' id='word_1_23' title='bbox 1447 326 1568 377; x_wconf 81' lang='lat' dir='ltr'><strong>Hegi-</strong></span> <span class='ocrx_word' id='word_1_24' title='bbox 1590 322 1619 356; x_wconf 83' lang='grc' dir='ltr'><strong>Ρ</strong></span> <span class='ocrx_word' id='word_1_25' title='bbox 1643 323 1707 357; x_wconf 79' lang='lat'><strong>591</strong></span> 
     </span>
     <span class='ocr_line' id='line_1_4' title="bbox 134 382 1571 435; baseline -0.004 -11"><span class='ocrx_word' id='word_1_26' title='bbox 134 399 201 426; x_wconf 85' lang='lat' dir='ltr'><strong>rae</strong></span> <span class='ocrx_word' id='word_1_27' title='bbox 215 387 311 433; x_wconf 88' lang='lat'><strong>658,</strong></span> <span class='ocrx_word' id='word_1_28' title='bbox 328 385 406 423; x_wconf 88' lang='lat' dir='ltr'><strong>hoc</strong></span> <span class='ocrx_word' id='word_1_29' title='bbox 425 391 482 422; x_wconf 86' lang='lat' dir='ltr'><strong>est</strong></span> <span class='ocrx_word' id='word_1_30' title='bbox 499 384 562 422; x_wconf 86' lang='lat' dir='ltr'><strong>die</strong></span> <span class='ocrx_word' id='word_1_31' title='bbox 579 387 604 426; x_wconf 83' lang='lat'>8</span> <span class='ocrx_word' id='word_1_32' title='bbox 620 383 856 435; x_wconf 83' lang='lat' dir='ltr'>Septembris</span> <span class='ocrx_word' id='word_1_33' title='bbox 874 384 967 421; x_wconf 84' lang='lat' dir='ltr'><strong>anni</strong></span> <span class='ocrx_word' id='word_1_34' title='bbox 989 383 1135 421; x_wconf 77' lang='lat' dir='ltr'>Christi</span> <span class='ocrx_word' id='word_1_35' title='bbox 1157 385 1278 430; x_wconf 74' lang='lat'><strong>1260,</strong></span> <span class='ocrx_word' id='word_1_36' title='bbox 1296 382 1388 419; x_wconf 80' lang='lat' dir='ltr'><strong>satis</strong></span> <span class='ocrx_word' id='word_1_37' title='bbox 1405 395 1571 432; x_wconf 84' lang='lat' dir='ltr'><strong>gnarum</strong></span> 
     </span>
     <span class='ocr_line' id='line_1_5' title="bbox 131 438 1571 491; baseline -0.002 -12"><span class='ocrx_word' id='word_1_38' title='bbox 131 443 247 480; x_wconf 89' lang='lat' dir='ltr'><strong>illum</strong></span> <span class='ocrx_word' id='word_1_39' title='bbox 280 441 385 479; x_wconf 77' lang='lat' dir='ltr'><strong>haud</strong></span> <span class='ocrx_word' id='word_1_40' title='bbox 409 440 611 491; x_wconf 83' lang='lat' dir='ltr'><strong>quieturos</strong></span> <span class='ocrx_word' id='word_1_41' title='bbox 643 439 886 490; x_wconf 79' lang='lat' dir='ltr'><strong>Megulenses</strong></span> <span class='ocrx_word' id='word_1_42' title='bbox 913 440 961 476; x_wconf 91' lang='lat' dir='ltr'><strong>ab</strong></span> <span class='ocrx_word' id='word_1_43' title='bbox 992 440 1144 477; x_wconf 90' lang='lat' dir='ltr'><strong>ultione</strong></span> <span class='ocrx_word' id='word_1_44' title='bbox 1171 438 1295 476; x_wconf 89' lang='lat' dir='ltr'><strong>cladis</strong></span> <span class='ocrx_word' id='word_1_45' title='bbox 1318 438 1431 476; x_wconf 89' lang='lat' dir='ltr'><strong>istius</strong></span> <span class='ocrx_word' id='word_1_46' title='bbox 1456 451 1571 489; x_wconf 85' lang='lat' dir='ltr'><strong>repo-</strong></span> 
     </span>
     <span class='ocr_line' id='line_1_6' title="bbox 133 494 1570 548; baseline -0.001 -13"><span class='ocrx_word' id='word_1_47' title='bbox 133 497 296 543; x_wconf 82' lang='lat' dir='ltr'><strong>scenda,</strong></span> <span class='ocrx_word' id='word_1_48' title='bbox 323 509 552 548; x_wconf 79' lang='lat' dir='ltr'>properasse</span> <span class='ocrx_word' id='word_1_49' title='bbox 570 495 611 533; x_wconf 90' lang='lat' dir='ltr'><strong>in</strong></span> <span class='ocrx_word' id='word_1_50' title='bbox 630 495 870 547; x_wconf 81' lang='lat' dir='ltr'><strong>Aegyptum,</strong></span> <span class='ocrx_word' id='word_1_51' title='bbox 897 501 943 532; x_wconf 88' lang='lat' dir='ltr'><strong>ut</strong></span> <span class='ocrx_word' id='word_1_52' title='bbox 971 495 1104 546; x_wconf 84' lang='lat' dir='ltr'><strong>copias</strong></span> <span class='ocrx_word' id='word_1_53' title='bbox 1121 494 1205 532; x_wconf 87' lang='lat' dir='ltr'><strong>illic</strong></span> <span class='ocrx_word' id='word_1_54' title='bbox 1223 499 1400 546; x_wconf 81' lang='lat' dir='ltr'><strong>pararet,</strong></span> <span class='ocrx_word' id='word_1_55' title='bbox 1428 494 1570 545; x_wconf 76' lang='lat' dir='ltr'><strong>quibu·</strong></span> 
     </span>
    </p>
   </div>
   <div class='ocr_carea' id='block_1_3' title="bbox 59 550 1568 604">
    <p class='ocr_par' dir='ltr' id='par_1_3' title="bbox 59 550 1568 604">
     <span class='ocr_line' id='line_1_7' title="bbox 59 550 1568 604; baseline -0.002 -13"><span class='ocrx_word' id='word_1_56' title='bbox 59 580 63 583; x_wconf 36' lang='lat'><strong>⁴</strong></span> <span class='ocrx_word' id='word_1_57' title='bbox 133 553 230 604; x_wconf 86' lang='lat' dir='ltr'><strong>ipsis</strong></span> <span class='ocrx_word' id='word_1_58' title='bbox 246 553 470 591; x_wconf 84' lang='lat' dir='ltr'><strong>obsisteret:</strong></span> <span class='ocrx_word' id='word_1_59' title='bbox 500 551 567 590; x_wconf 88' lang='lat' dir='ltr'><strong>sed</strong></span> <span class='ocrx_word' id='word_1_60' title='bbox 583 564 628 589; x_wconf 91' lang='lat' dir='ltr'><strong>eo</strong></span> <span class='ocrx_word' id='word_1_61' title='bbox 644 551 784 588; x_wconf 85' lang='lat' dir='ltr'><strong>itinere</strong></span> <span class='ocrx_word' id='word_1_62' title='bbox 794 564 918 602; x_wconf 80' lang='lat' dir='ltr'><strong>prope</strong></span> <span class='ocrx_word' id='word_1_63' title='bbox 935 551 1079 588; x_wconf 82' lang='lat' dir='ltr'>Gazam</span> <span class='ocrx_word' id='word_1_64' title='bbox 1094 563 1343 602; x_wconf 82' lang='lat' dir='ltr'><strong>progressum</strong></span> <span class='ocrx_word' id='word_1_65' title='bbox 1361 563 1383 587; x_wconf 91' lang='lat' dir='ltr'><strong>a</strong></span> <span class='ocrx_word' id='word_1_66' title='bbox 1400 550 1568 601; x_wconf 81' lang='lat' dir='ltr'><strong>quodam</strong></span> 
     </span>
    </p>
   </div>
   <div class='ocr_carea' id='block_1_4' title="bbox 128 605 1571 2828">
    <p class='ocr_par' dir='ltr' id='par_1_4' title="bbox 128 605 1571 1716">
     <span class='ocr_line' id='line_1_8' title="bbox 133 605 1570 655; baseline -0.001 -10"><span class='ocrx_word' id='word_1_67' title='bbox 133 609 314 646; x_wconf 60' lang='lat' dir='ltr'><strong>Badhan</strong></span> <span class='ocrx_word' id='word_1_68' title='bbox 337 613 475 647; x_wconf 77' lang='lat' dir='ltr'><strong>vocato</strong></span> <span class='ocrx_word' id='word_1_69' title='bbox 505 607 624 645; x_wconf 83' lang='lat' dir='ltr'><strong>fuisse</strong></span> <span class='ocrx_word' id='word_1_70' title='bbox 650 607 910 645; x_wconf 81' lang='lat' dir='ltr'><strong>interfectum.</strong></span> <span class='ocrx_word' id='word_1_71' title='bbox 967 607 1076 644; x_wconf 81' lang='lat' dir='ltr'>addit</span> <span class='ocrx_word' id='word_1_72' title='bbox 1104 605 1211 644; x_wconf 86' lang='lat' dir='ltr'><strong>hunc</strong></span> <span class='ocrx_word' id='word_1_73' title='bbox 1234 605 1433 655; x_wconf 59' lang='lat' dir='ltr'><strong>Badhan,</strong></span> <span class='ocrx_word' id='word_1_74' title='bbox 1475 620 1570 644; x_wconf 85' lang='lat' dir='ltr'><strong>con-</strong></span> 
     </span>
     <span class='ocr_line' id='line_1_9' title="bbox 134 661 1570 714; baseline -0.002 -12"><span class='ocrx_word' id='word_1_75' title='bbox 134 664 274 702; x_wconf 86' lang='lat' dir='ltr'><strong>ciliatis</strong></span> <span class='ocrx_word' id='word_1_76' title='bbox 291 670 330 701; x_wconf 85' lang='lat' dir='ltr'><strong>et</strong></span> <span class='ocrx_word' id='word_1_77' title='bbox 349 662 542 701; x_wconf 84' lang='lat' dir='ltr'><strong>adiunctis</strong></span> <span class='ocrx_word' id='word_1_78' title='bbox 561 662 633 701; x_wconf 88' lang='lat' dir='ltr'><strong>sibi</strong></span> <span class='ocrx_word' id='word_1_79' title='bbox 651 662 770 714; x_wconf 84' lang='lat' dir='ltr'><strong>copiis</strong></span> <span class='ocrx_word' id='word_1_80' title='bbox 790 675 890 712; x_wconf 91' lang='lat' dir='ltr'><strong>quae</strong></span> <span class='ocrx_word' id='word_1_81' title='bbox 917 662 1073 700; x_wconf 86' lang='lat' dir='ltr'><strong>Kutuzo</strong></span> <span class='ocrx_word' id='word_1_82' title='bbox 1097 661 1360 700; x_wconf 85' lang='lat' dir='ltr'><strong>militaverant</strong></span> <span class='ocrx_word' id='word_1_83' title='bbox 1372 693 1383 711; x_wconf 95' lang='lat'>,</span> <span class='ocrx_word' id='word_1_84' title='bbox 1412 675 1500 700; x_wconf 88' lang='lat' dir='ltr'><strong>cum</strong></span> <span class='ocrx_word' id='word_1_85' title='bbox 1521 662 1570 699; x_wconf 88' lang='lat' dir='ltr'><strong>iis</strong></span> 
     </span>
     <span class='ocr_line' id='line_1_10' title="bbox 133 717 1571 770; baseline -0.002 -12"><span class='ocrx_word' id='word_1_86' title='bbox 133 722 349 770; x_wconf 80' lang='lat' dir='ltr'><strong>ingressum</strong></span> <span class='ocrx_word' id='word_1_87' title='bbox 371 720 596 770; x_wconf 75' lang='lat' dir='ltr'><strong>Aegyptum</strong></span> <span class='ocrx_word' id='word_1_88' title='bbox 624 731 709 756; x_wconf 86' lang='lat' dir='ltr'><strong>eam</strong></span> <span class='ocrx_word' id='word_1_89' title='bbox 737 731 961 769; x_wconf 74' lang='lat' dir='ltr'><strong>occupasse.</strong></span> <span class='ocrx_word' id='word_1_90' title='bbox 1018 717 1139 756; x_wconf 84' lang='lat' dir='ltr'>tradit</span> <span class='ocrx_word' id='word_1_91' title='bbox 1165 717 1307 756; x_wconf 84' lang='lat' dir='ltr'>ibidem</span> <span class='ocrx_word' id='word_1_92' title='bbox 1326 718 1445 755; x_wconf 88' lang='lat' dir='ltr'><strong>istum</strong></span> <span class='ocrx_word' id='word_1_93' title='bbox 1459 719 1571 755; x_wconf 81' lang='lat' dir='ltr'><strong>Bai-</strong></span> 
     </span>
     <span class='ocr_line' id='line_1_11' title="bbox 134 773 1569 826; baseline 0 -15"><span class='ocrx_word' id='word_1_94' title='bbox 134 775 228 812; x_wconf 64' lang='lat' dir='ltr'><strong>hars-</strong></span> <span class='ocrx_word' id='word_1_95' title='bbox 241 788 399 813; x_wconf 85' lang='lat' dir='ltr'><strong>servum</strong></span> <span class='ocrx_word' id='word_1_96' title='bbox 420 780 531 812; x_wconf 86' lang='lat' dir='ltr'><strong>antea</strong></span> <span class='ocrx_word' id='word_1_97' title='bbox 559 774 677 812; x_wconf 75' lang='lat' dir='ltr'><strong>fuisse</strong></span> <span class='ocrx_word' id='word_1_98' title='bbox 700 774 828 824; x_wconf 79' lang='lat' dir='ltr'><strong>magni</strong></span> <span class='ocrx_word' id='word_1_99' title='bbox 847 773 1047 812; x_wconf 87' lang='lat' dir='ltr'><strong>cuiusdam</strong></span> <span class='ocrx_word' id='word_1_100' title='bbox 1073 774 1115 811; x_wconf 91' lang='lat' dir='ltr'><strong>in</strong></span> <span class='ocrx_word' id='word_1_101' title='bbox 1134 773 1313 826; x_wconf 83' lang='lat' dir='ltr'><strong>Aegypto</strong></span> <span class='ocrx_word' id='word_1_102' title='bbox 1339 773 1472 822; x_wconf 84' lang='lat' dir='ltr'><strong>ducis,</strong></span> <span class='ocrx_word' id='word_1_103' title='bbox 1502 773 1569 811; x_wconf 91' lang='lat' dir='ltr'><strong>cui</strong></span> 
     </span>
     <span class='ocr_line' id='line_1_12' title="bbox 133 827 1567 878; baseline -0.001 -10"><span class='ocrx_word' id='word_1_104' title='bbox 133 829 385 869; x_wconf 76' lang='lat' dir='ltr'><strong>Bandokdar</strong></span> <span class='ocrx_word' id='word_1_105' title='bbox 405 843 545 868; x_wconf 88' lang='lat' dir='ltr'><strong>nomen</strong></span> <span class='ocrx_word' id='word_1_106' title='bbox 566 831 713 878; x_wconf 82' lang='lat' dir='ltr'><strong>fuerat3</strong></span> <span class='ocrx_word' id='word_1_107' title='bbox 740 830 843 867; x_wconf 87' lang='lat' dir='ltr'><strong>unde</strong></span> <span class='ocrx_word' id='word_1_108' title='bbox 860 829 974 867; x_wconf 88' lang='lat' dir='ltr'><strong>initio</strong></span> <span class='ocrx_word' id='word_1_109' title='bbox 996 827 1250 868; x_wconf 80' lang='lat' dir='ltr'><strong>Bumlokdar</strong></span> <span class='ocrx_word' id='word_1_110' title='bbox 1280 831 1468 867; x_wconf 80' lang='lat' dir='ltr'><strong>minorem</strong></span> <span class='ocrx_word' id='word_1_111' title='bbox 1486 843 1567 867; x_wconf 87' lang='lat' dir='ltr'><strong>no·-</strong></span> 
     </span>
     <span class='ocr_line' id='line_1_13' title="bbox 133 885 1567 937; baseline -0.001 -13"><span class='ocrx_word' id='word_1_112' title='bbox 133 889 336 927; x_wconf 87' lang='lat' dir='ltr'><strong>minatum.</strong></span> <span class='ocrx_word' id='word_1_113' title='bbox 393 892 432 923; x_wconf 92' lang='lat' dir='ltr'><strong>at</strong></span> <span class='ocrx_word' id='word_1_114' title='bbox 454 892 660 937; x_wconf 83' lang='lat' dir='ltr'><strong>postquam</strong></span> <span class='ocrx_word' id='word_1_115' title='bbox 678 885 815 922; x_wconf 89' lang='lat' dir='ltr'><strong>Sultan</strong></span> <span class='ocrx_word' id='word_1_116' title='bbox 834 885 999 937; x_wconf 71' lang='lat' dir='ltr'><strong>Aegypti</strong></span> <span class='ocrx_word' id='word_1_117' title='bbox 1012 886 1137 923; x_wconf 81' lang='lat' dir='ltr'><strong>sactus</strong></span> <span class='ocrx_word' id='word_1_118' title='bbox 1152 891 1222 934; x_wconf 89' lang='lat' dir='ltr'><strong>est,</strong></span> <span class='ocrx_word' id='word_1_119' title='bbox 1252 886 1567 936; x_wconf 82' lang='lat' dir='ltr'><strong>cognominatum</strong></span> 
     </span>
     <span class='ocr_line' id='line_1_14' title="bbox 132 940 1567 980; baseline -0.001 0"><span class='ocrx_word' id='word_1_120' title='bbox 132 957 156 979; x_wconf 84' lang='lat' dir='ltr'><strong>a</strong></span> <span class='ocrx_word' id='word_1_121' title='bbox 181 943 260 980; x_wconf 85' lang='lat' dir='ltr'><strong>suis</strong></span> <span class='ocrx_word' id='word_1_122' title='bbox 288 941 404 980; x_wconf 79' lang='lat' dir='ltr'><strong>fuisse</strong></span> <span class='ocrx_word' id='word_1_123' title='bbox 430 940 711 978; x_wconf 74' lang='lat' dir='ltr'><strong>Rucnodc‘num</strong></span> <span class='ocrx_word' id='word_1_124' title='bbox 741 942 802 979; x_wconf 80' lang='lat' dir='ltr'><strong>Al</strong></span> <span class='ocrx_word' id='word_1_125' title='bbox 827 942 959 978; x_wconf 76' lang='lat' dir='ltr'><strong>Maleo</strong></span> <span class='ocrx_word' id='word_1_126' title='bbox 987 941 1048 978; x_wconf 81' lang='lat' dir='ltr'><strong>Al</strong></span> <span class='ocrx_word' id='word_1_127' title='bbox 1071 941 1252 979; x_wconf 78' lang='lat' dir='ltr'><strong>Dhaher.</strong></span> <span class='ocrx_word' id='word_1_128' title='bbox 1319 954 1407 980; x_wconf 91' lang='lat' dir='ltr'><strong>eum</strong></span> <span class='ocrx_word' id='word_1_129' title='bbox 1435 948 1567 979; x_wconf 82' lang='lat' dir='ltr'><strong>tamen</strong></span> 
     </span>
     <span class='ocr_line' id='line_1_15' title="bbox 132 996 1566 1049; baseline -0.001 -14"><span class='ocrx_word' id='word_1_130' title='bbox 132 997 261 1049; x_wconf 85' lang='lat' dir='ltr'><strong>pergit</strong></span> <span class='ocrx_word' id='word_1_131' title='bbox 284 999 327 1035; x_wconf 86' lang='lat' dir='ltr'><strong>in</strong></span> <span class='ocrx_word' id='word_1_132' title='bbox 345 997 593 1047; x_wconf 77' lang='lat' dir='ltr'>sequentibus</span> <span class='ocrx_word' id='word_1_133' title='bbox 613 996 926 1047; x_wconf 80' lang='lat' dir='ltr'><strong>Abulpharagius</strong></span> <span class='ocrx_word' id='word_1_134' title='bbox 952 1010 1094 1035; x_wconf 84' lang='lat' dir='ltr'><strong>vocare</strong></span> <span class='ocrx_word' id='word_1_135' title='bbox 1120 996 1442 1046; x_wconf 86' lang='lat' dir='ltr'><strong>Bundokdarem‚</strong></span> <span class='ocrx_word' id='word_1_136' title='bbox 1470 1011 1566 1035; x_wconf 86' lang='lat' dir='ltr'><strong>suc-</strong></span> 
     </span>
     <span class='ocr_line' id='line_1_16' title="bbox 134 1052 1566 1091; baseline -0.001 0"><span class='ocrx_word' id='word_1_137' title='bbox 134 1066 263 1091; x_wconf 78' lang='lat' dir='ltr'><strong>oessus</strong></span> <span class='ocrx_word' id='word_1_138' title='bbox 281 1053 363 1091; x_wconf 82' lang='lat' dir='ltr'><strong>eius</strong></span> <span class='ocrx_word' id='word_1_139' title='bbox 383 1053 572 1090; x_wconf 81' lang='lat' dir='ltr'><strong>maximos</strong></span> <span class='ocrx_word' id='word_1_140' title='bbox 600 1065 804 1091; x_wconf 75' lang='lat' dir='ltr'><strong>recensens</strong></span> <span class='ocrx_word' id='word_1_141' title='bbox 824 1059 959 1090; x_wconf 86' lang='lat' dir='ltr'><strong>contra</strong></span> <span class='ocrx_word' id='word_1_142' title='bbox 989 1052 1231 1091; x_wconf 73' lang='lat' dir='ltr'>Christianos</span> <span class='ocrx_word' id='word_1_143' title='bbox 1250 1053 1407 1090; x_wconf 84' lang='lat' dir='ltr'><strong>Latinos</strong></span> <span class='ocrx_word' id='word_1_144' title='bbox 1427 1053 1566 1091; x_wconf 82' lang='lat' dir='ltr'><strong>Antio-</strong></span> 
     </span>
     <span class='ocr_line' id='line_1_17' title="bbox 133 1107 1568 1160; baseline 0 -14"><span class='ocrx_word' id='word_1_145' title='bbox 133 1107 261 1147; x_wconf 86' lang='lat' dir='ltr'><strong>chiam</strong></span> <span class='ocrx_word' id='word_1_146' title='bbox 286 1114 326 1146; x_wconf 90' lang='lat' dir='ltr'><strong>et</strong></span> <span class='ocrx_word' id='word_1_147' title='bbox 348 1108 483 1159; x_wconf 82' lang='lat' dir='ltr'><strong>Syriae</strong></span> <span class='ocrx_word' id='word_1_148' title='bbox 519 1107 712 1145; x_wconf 83' lang='lat' dir='ltr'><strong>maritima</strong></span> <span class='ocrx_word' id='word_1_149' title='bbox 751 1108 995 1155; x_wconf 89' lang='lat' dir='ltr'><strong>obtinentes,</strong></span> <span class='ocrx_word' id='word_1_150' title='bbox 1033 1122 1130 1159; x_wconf 89' lang='lat' dir='ltr'><strong>quos</strong></span> <span class='ocrx_word' id='word_1_151' title='bbox 1159 1108 1268 1146; x_wconf 86' lang='lat' dir='ltr'><strong>illinc</strong></span> <span class='ocrx_word' id='word_1_152' title='bbox 1306 1108 1482 1160; x_wconf 77' lang='lat' dir='ltr'><strong>expulit,</strong></span> <span class='ocrx_word' id='word_1_153' title='bbox 1519 1113 1568 1146; x_wconf 85' lang='lat' dir='ltr'><strong>ut</strong></span> 
     </span>
     <span class='ocr_line' id='line_1_18' title="bbox 133 1163 1568 1216; baseline -0.001 -14"><span class='ocrx_word' id='word_1_154' title='bbox 133 1164 249 1202; x_wconf 83' lang='lat' dir='ltr'><strong>etiam</strong></span> <span class='ocrx_word' id='word_1_155' title='bbox 266 1163 445 1216; x_wconf 84' lang='lat' dir='ltr'><strong>deplorat</strong></span> <span class='ocrx_word' id='word_1_156' title='bbox 475 1163 731 1215; x_wconf 85' lang='lat' dir='ltr'><strong>Pachymeres</strong></span> <span class='ocrx_word' id='word_1_157' title='bbox 759 1170 865 1202; x_wconf 86' lang='lat' dir='ltr'><strong>tomo</strong></span> <span class='ocrx_word' id='word_1_158' title='bbox 886 1169 909 1208; x_wconf 85' lang='lat'>1</span> <span class='ocrx_word' id='word_1_159' title='bbox 939 1165 970 1207; x_wconf 83' lang='lat'><strong>1.</strong></span> <span class='ocrx_word' id='word_1_160' title='bbox 987 1168 1011 1207; x_wconf 85' lang='lat'>8</span> <span class='ocrx_word' id='word_1_161' title='bbox 1030 1177 1063 1202; x_wconf 89' lang='lat' dir='ltr'><strong>c.</strong></span> <span class='ocrx_word' id='word_1_162' title='bbox 1083 1165 1124 1213; x_wconf 88' lang='lat'><strong>5,</strong></span> <span class='ocrx_word' id='word_1_163' title='bbox 1152 1164 1307 1215; x_wconf 87' lang='lat' dir='ltr'><strong>culpam</strong></span> <span class='ocrx_word' id='word_1_164' title='bbox 1334 1177 1464 1202; x_wconf 87' lang='lat' dir='ltr'><strong>earum</strong></span> <span class='ocrx_word' id='word_1_165' title='bbox 1483 1164 1568 1201; x_wconf 86' lang='lat' dir='ltr'><strong>cla-</strong></span> 
     </span>
     <span class='ocr_line' id='line_1_19' title="bbox 133 1219 1568 1271; baseline -0.001 -13"><span class='ocrx_word' id='word_1_166' title='bbox 133 1220 243 1259; x_wconf 85' lang='lat' dir='ltr'><strong>dium</strong></span> <span class='ocrx_word' id='word_1_167' title='bbox 269 1233 321 1258; x_wconf 82' lang='lat' dir='ltr'><strong>ex</strong></span> <span class='ocrx_word' id='word_1_168' title='bbox 350 1225 461 1271; x_wconf 87' lang='lat' dir='ltr'><strong>parte</strong></span> <span class='ocrx_word' id='word_1_169' title='bbox 488 1220 686 1271; x_wconf 73' lang='lat' dir='ltr'><strong>imputans</strong></span> <span class='ocrx_word' id='word_1_170' title='bbox 709 1219 952 1271; x_wconf 83' lang='lat' dir='ltr'><strong>imprudenti</strong></span> <span class='ocrx_word' id='word_1_171' title='bbox 978 1219 1163 1258; x_wconf 82' lang='lat' dir='ltr'><strong>avaritiae</strong></span> <span class='ocrx_word' id='word_1_172' title='bbox 1182 1219 1382 1258; x_wconf 63' lang='lat' dir='ltr'><strong>Michaelis</strong></span> <span class='ocrx_word' id='word_1_173' title='bbox 1407 1220 1568 1258; x_wconf 82' lang='lat' dir='ltr'><strong>Palaeo-</strong></span> 
     </span>
     <span class='ocr_line' id='line_1_20' title="bbox 133 1275 1569 1327; baseline 0.001 -14"><span class='ocrx_word' id='word_1_174' title='bbox 133 1275 215 1326; x_wconf 88' lang='lat' dir='ltr'><strong>logi</strong></span> <span class='ocrx_word' id='word_1_175' title='bbox 226 1305 238 1324; x_wconf 82' lang='lat'>‚</span> <span class='ocrx_word' id='word_1_176' title='bbox 260 1275 329 1326; x_wconf 84' lang='lat' dir='ltr'><strong>qui</strong></span> <span class='ocrx_word' id='word_1_177' title='bbox 354 1281 519 1327; x_wconf 88' lang='lat' dir='ltr'><strong>propter</strong></span> <span class='ocrx_word' id='word_1_178' title='bbox 543 1281 747 1326; x_wconf 86' lang='lat' dir='ltr'><strong>quaestum</strong></span> <span class='ocrx_word' id='word_1_179' title='bbox 763 1275 961 1313; x_wconf 87' lang='lat' dir='ltr'><strong>modicum</strong></span> <span class='ocrx_word' id='word_1_180' title='bbox 979 1276 1228 1327; x_wconf 85' lang='lat' dir='ltr'><strong>permittebat</strong></span> <span class='ocrx_word' id='word_1_181' title='bbox 1244 1289 1264 1313; x_wconf 90' lang='lat' dir='ltr'><strong>e</strong></span> <span class='ocrx_word' id='word_1_182' title='bbox 1282 1276 1409 1314; x_wconf 88' lang='lat' dir='ltr'><strong>Ponto</strong></span> <span class='ocrx_word' id='word_1_183' title='bbox 1426 1289 1569 1327; x_wconf 82' lang='lat' dir='ltr'><strong>expor-</strong></span> 
     </span>
     <span class='ocr_line' id='line_1_21' title="bbox 132 1330 1567 1383; baseline 0 -15"><span class='ocrx_word' id='word_1_184' title='bbox 132 1331 210 1368; x_wconf 80' lang='lat' dir='ltr'><strong>tari</strong></span> <span class='ocrx_word' id='word_1_185' title='bbox 227 1331 270 1368; x_wconf 88' lang='lat' dir='ltr'><strong>in</strong></span> <span class='ocrx_word' id='word_1_186' title='bbox 291 1331 511 1382; x_wconf 81' lang='lat' dir='ltr'><strong>Aegyptum</strong></span> <span class='ocrx_word' id='word_1_187' title='bbox 530 1330 714 1380; x_wconf 83' lang='lat' dir='ltr'><strong>Scythica</strong></span> <span class='ocrx_word' id='word_1_188' title='bbox 730 1331 926 1381; x_wconf 87' lang='lat' dir='ltr'><strong>mancipia</strong></span> <span class='ocrx_word' id='word_1_189' title='bbox 946 1337 1102 1369; x_wconf 82' lang='lat' dir='ltr'><strong>tenerae</strong></span> <span class='ocrx_word' id='word_1_190' title='bbox 1121 1331 1281 1379; x_wconf 84' lang='lat' dir='ltr'><strong>aetatis,</strong></span> <span class='ocrx_word' id='word_1_191' title='bbox 1310 1345 1407 1383; x_wconf 84' lang='lat' dir='ltr'><strong>quae</strong></span> <span class='ocrx_word' id='word_1_192' title='bbox 1426 1331 1567 1369; x_wconf 86' lang='lat' dir='ltr'><strong>deinde</strong></span> 
     </span>
     <span class='ocr_line' id='line_1_22' title="bbox 131 1386 1568 1425; baseline 0 -1"><span class='ocrx_word' id='word_1_193' title='bbox 131 1387 216 1424; x_wconf 86' lang='lat' dir='ltr'><strong>illic</strong></span> <span class='ocrx_word' id='word_1_194' title='bbox 234 1387 275 1424; x_wconf 88' lang='lat' dir='ltr'><strong>in</strong></span> <span class='ocrx_word' id='word_1_195' title='bbox 291 1386 475 1424; x_wconf 84' lang='lat' dir='ltr'><strong>robustos</strong></span> <span class='ocrx_word' id='word_1_196' title='bbox 502 1393 540 1424; x_wconf 89' lang='lat' dir='ltr'><strong>et</strong></span> <span class='ocrx_word' id='word_1_197' title='bbox 562 1386 789 1424; x_wconf 86' lang='lat' dir='ltr'><strong>Christianis</strong></span> <span class='ocrx_word' id='word_1_198' title='bbox 811 1386 926 1424; x_wconf 89' lang='lat' dir='ltr'><strong>rebus</strong></span> <span class='ocrx_word' id='word_1_199' title='bbox 947 1387 1126 1425; x_wconf 83' lang='lat' dir='ltr'><strong>exitiales</strong></span> <span class='ocrx_word' id='word_1_200' title='bbox 1143 1388 1349 1425; x_wconf 85' lang='lat' dir='ltr'><strong>bellatores</strong></span> <span class='ocrx_word' id='word_1_201' title='bbox 1369 1387 1568 1425; x_wconf 82' lang='lat' dir='ltr'><strong>adolesce-</strong></span> 
     </span>
     <span class='ocr_line' id='line_1_23' title="bbox 132 1441 1568 1494; baseline -0.001 -14"><span class='ocrx_word' id='word_1_202' title='bbox 132 1449 235 1481; x_wconf 85' lang='lat' dir='ltr'><strong>rent.</strong></span> <span class='ocrx_word' id='word_1_203' title='bbox 290 1455 405 1492; x_wconf 87' lang='lat' dir='ltr'><strong>quem</strong></span> <span class='ocrx_word' id='word_1_204' title='bbox 435 1442 556 1492; x_wconf 86' lang='lat' dir='ltr'><strong>igitur</strong></span> <span class='ocrx_word' id='word_1_205' title='bbox 583 1441 838 1494; x_wconf 78' lang='lat' dir='ltr'><strong>Pachymeres</strong></span> <span class='ocrx_word' id='word_1_206' title='bbox 866 1456 887 1481; x_wconf 94' lang='lat' dir='ltr'><strong>e</strong></span> <span class='ocrx_word' id='word_1_207' title='bbox 906 1456 1019 1482; x_wconf 78' lang='lat' dir='ltr'><strong>selvo</strong></span> <span class='ocrx_word' id='word_1_208' title='bbox 1048 1443 1154 1494; x_wconf 87' lang='lat' dir='ltr'><strong>apud</strong></span> <span class='ocrx_word' id='word_1_209' title='bbox 1184 1443 1374 1481; x_wconf 81' lang='lat' dir='ltr'><strong>Cumanos</strong></span> <span class='ocrx_word' id='word_1_210' title='bbox 1393 1448 1486 1481; x_wconf 84' lang='lat' dir='ltr'><strong>nato</strong></span> <span class='ocrx_word' id='word_1_211' title='bbox 1507 1443 1568 1480; x_wconf 85' lang='lat' dir='ltr'><strong>fa-</strong></span> 
     </span>
     <span class='ocr_line' id='line_1_24' title="bbox 132 1497 1566 1550; baseline 0 -14"><span class='ocrx_word' id='word_1_212' title='bbox 132 1503 241 1536; x_wconf 88' lang='lat' dir='ltr'><strong>ctum</strong></span> <span class='ocrx_word' id='word_1_213' title='bbox 267 1497 506 1549; x_wconf 76' lang='lat' dir='ltr'><strong>Aethiopum</strong></span> <span class='ocrx_word' id='word_1_214' title='bbox 535 1498 732 1536; x_wconf 85' lang='lat' dir='ltr'><strong>Sultanem</strong></span> <span class='ocrx_word' id='word_1_215' title='bbox 762 1499 959 1550; x_wconf 75' lang='lat' dir='ltr'><strong>expulisse</strong></span> <span class='ocrx_word' id='word_1_216' title='bbox 986 1499 1101 1549; x_wconf 88' lang='lat' dir='ltr'><strong>Syria</strong></span> <span class='ocrx_word' id='word_1_217' title='bbox 1127 1499 1287 1537; x_wconf 88' lang='lat' dir='ltr'><strong>Latinos</strong></span> <span class='ocrx_word' id='word_1_218' title='bbox 1326 1498 1566 1536; x_wconf 83' lang='lat' dir='ltr'><strong>Christianos</strong></span> 
     </span>
     <span class='ocr_line' id='line_1_25' title="bbox 131 1546 1567 1616; baseline -0.001 -24"><span class='ocrx_word' id='word_1_219' title='bbox 131 1546 198 1602; x_wconf 72' lang='lat' dir='ltr'><strong>siit,</strong></span> <span class='ocrx_word' id='word_1_220' title='bbox 225 1553 260 1592; x_wconf 89' lang='lat' dir='ltr'><strong>is</strong></span> <span class='ocrx_word' id='word_1_221' title='bbox 276 1553 358 1591; x_wconf 89' lang='lat' dir='ltr'><strong>sine</strong></span> <span class='ocrx_word' id='word_1_222' title='bbox 374 1553 492 1591; x_wconf 86' lang='lat' dir='ltr'><strong>dubio</strong></span> <span class='ocrx_word' id='word_1_223' title='bbox 513 1554 591 1591; x_wconf 87' lang='lat' dir='ltr'><strong>fuit</strong></span> <span class='ocrx_word' id='word_1_224' title='bbox 613 1567 725 1616; x_wconf 80' lang='lat' dir='ltr'><strong>quem</strong></span> <span class='ocrx_word' id='word_1_225' title='bbox 744 1555 874 1604; x_wconf 84' lang='lat' dir='ltr'><strong>patrio</strong></span> <span class='ocrx_word' id='word_1_226' title='bbox 891 1555 1083 1593; x_wconf 85' lang='lat' dir='ltr'><strong>vocabulo</strong></span> <span class='ocrx_word' id='word_1_227' title='bbox 1102 1554 1282 1592; x_wconf 76' lang='lat' dir='ltr'><strong>Baibars</strong></span> <span class='ocrx_word' id='word_1_228' title='bbox 1300 1554 1463 1602; x_wconf 88' lang='lat' dir='ltr'><strong>dictum,</strong></span> <span class='ocrx_word' id='word_1_229' title='bbox 1493 1554 1567 1592; x_wconf 88' lang='lat' dir='ltr'><strong>do-</strong></span> 
     </span>
     <span class='ocr_line' id='line_1_26' title="bbox 132 1609 1565 1663; baseline 0 -16"><span class='ocrx_word' id='word_1_230' title='bbox 132 1609 228 1663; x_wconf 87' lang='lat' dir='ltr'><strong>mini</strong></span> <span class='ocrx_word' id='word_1_231' title='bbox 254 1609 318 1647; x_wconf 88' lang='lat' dir='ltr'><strong>cui</strong></span> <span class='ocrx_word' id='word_1_232' title='bbox 342 1609 532 1648; x_wconf 83' lang='lat' dir='ltr'><strong>servierat</strong></span> <span class='ocrx_word' id='word_1_233' title='bbox 557 1611 723 1648; x_wconf 87' lang='lat' dir='ltr'><strong>nomine</strong></span> <span class='ocrx_word' id='word_1_234' title='bbox 731 1609 1047 1648; x_wconf 72' lang='lat' dir='ltr'><strong>Bandokdarem</strong></span> <span class='ocrx_word' id='word_1_235' title='bbox 1076 1616 1345 1663; x_wconf 86' lang='lat' dir='ltr'><strong>nuncupatum</strong></span> <span class='ocrx_word' id='word_1_236' title='bbox 1359 1609 1565 1662; x_wconf 84' lang='lat' dir='ltr'><strong>Abulpha-</strong></span> 
     </span>
     <span class='ocr_line' id='line_1_27' title="bbox 128 1660 405 1716; baseline 0.011 -13"><span class='ocrx_word' id='word_1_237' title='bbox 128 1660 260 1716; x_wconf 81' lang='lat' dir='ltr'><strong>ragius</strong></span> <span class='ocrx_word' id='word_1_238' title='bbox 275 1665 405 1707; x_wconf 82' lang='lat' dir='ltr'><strong>docet.</strong></span> 
     </span>
    </p>

    <p class='ocr_par' dir='ltr' id='par_1_5' title="bbox 128 1720 1563 2828">
     <span class='ocr_line' id='line_1_28' title="bbox 244 1720 1563 1760; baseline 0 -1"><span class='ocrx_word' id='word_1_239' title='bbox 244 1721 332 1760; x_wconf 82' lang='grc' dir='ltr'><strong>ΧΠ.</strong></span> <span class='ocrx_word' id='word_1_240' title='bbox 387 1721 612 1760; x_wconf 85' lang='lat' dir='ltr'><strong>Reseramus</strong></span> <span class='ocrx_word' id='word_1_241' title='bbox 639 1736 711 1760; x_wconf 91' lang='lat' dir='ltr'><strong>nos</strong></span> <span class='ocrx_word' id='word_1_242' title='bbox 741 1722 819 1759; x_wconf 84' lang='lat' dir='ltr'><strong>iam</strong></span> <span class='ocrx_word' id='word_1_243' title='bbox 846 1722 895 1760; x_wconf 88' lang='lat' dir='ltr'><strong>ad</strong></span> <span class='ocrx_word' id='word_1_244' title='bbox 923 1735 984 1760; x_wconf 89' lang='lat' dir='ltr'><strong>res</strong></span> <span class='ocrx_word' id='word_1_245' title='bbox 1013 1721 1252 1760; x_wconf 88' lang='lat' dir='ltr'><strong>intermissas</strong></span> <span class='ocrx_word' id='word_1_246' title='bbox 1279 1721 1449 1758; x_wconf 81' lang='lat' dir='ltr'><em>Hulacu</em></span> <span class='ocrx_word' id='word_1_247' title='bbox 1478 1720 1563 1759; x_wconf 87' lang='lat' dir='ltr'><strong>sive</strong></span> 
     </span>
     <span class='ocr_line' id='line_1_29' title="bbox 134 1774 1563 1829; baseline -0.001 -14"><span class='ocrx_word' id='word_1_248' title='bbox 134 1774 295 1815; x_wconf 72' lang='lat' dir='ltr'><strong>Glzalazz</strong></span> <span class='ocrx_word' id='word_1_249' title='bbox 325 1782 365 1814; x_wconf 87' lang='lat' dir='ltr'><strong>et</strong></span> <span class='ocrx_word' id='word_1_250' title='bbox 390 1776 655 1816; x_wconf 87' lang='lat' dir='ltr'><strong>subiectorum</strong></span> <span class='ocrx_word' id='word_1_251' title='bbox 678 1777 753 1829; x_wconf 90' lang='lat' dir='ltr'><strong>ipsi</strong></span> <span class='ocrx_word' id='word_1_252' title='bbox 775 1777 1059 1828; x_wconf 87' lang='lat' dir='ltr'><strong>Mogulensium</strong></span> <span class='ocrx_word' id='word_1_253' title='bbox 1087 1791 1176 1815; x_wconf 88' lang='lat' dir='ltr'><strong>cum</strong></span> <span class='ocrx_word' id='word_1_254' title='bbox 1194 1777 1375 1828; x_wconf 85' lang='lat' dir='ltr'><strong>deinceps</strong></span> <span class='ocrx_word' id='word_1_255' title='bbox 1393 1776 1563 1814; x_wconf 86' lang='lat' dir='ltr'><strong>narratis</strong></span> 
     </span>
     <span class='ocr_line' id='line_1_30' title="bbox 131 1831 1562 1884; baseline 0.001 -16"><span class='ocrx_word' id='word_1_256' title='bbox 131 1844 155 1868; x_wconf 87' lang='lat' dir='ltr'><strong>a</strong></span> <span class='ocrx_word' id='word_1_257' title='bbox 178 1831 412 1881; x_wconf 82' lang='lat' dir='ltr'><strong>Pachymere</strong></span> <span class='ocrx_word' id='word_1_258' title='bbox 430 1833 581 1870; x_wconf 82' lang='lat' dir='ltr'><strong>utiliter</strong></span> <span class='ocrx_word' id='word_1_259' title='bbox 601 1834 894 1884; x_wconf 86' lang='lat' dir='ltr'><strong>comparandas.</strong></span> <span class='ocrx_word' id='word_1_260' title='bbox 948 1833 1070 1871; x_wconf 86' lang='lat' dir='ltr'><strong>tradit</strong></span> <span class='ocrx_word' id='word_1_261' title='bbox 1089 1831 1403 1882; x_wconf 85' lang='lat' dir='ltr'><strong>Abulpharagius</strong></span> <span class='ocrx_word' id='word_1_262' title='bbox 1423 1831 1562 1870; x_wconf 88' lang='lat' dir='ltr'><strong>eodem</strong></span> 
     </span>
     <span class='ocr_line' id='line_1_31' title="bbox 131 1885 1562 1938; baseline 0.001 -16"><span class='ocrx_word' id='word_1_263' title='bbox 131 1885 210 1923; x_wconf 84' lang='lat' dir='ltr'><strong>hoc</strong></span> <span class='ocrx_word' id='word_1_264' title='bbox 235 1887 352 1923; x_wconf 85' lang='lat' dir='ltr'><strong>modo</strong></span> <span class='ocrx_word' id='word_1_265' title='bbox 368 1886 538 1924; x_wconf 83' lang='lat' dir='ltr'><strong>indicato</strong></span> <span class='ocrx_word' id='word_1_266' title='bbox 557 1901 660 1925; x_wconf 86' lang='lat' dir='ltr'><strong>anno</strong></span> <span class='ocrx_word' id='word_1_267' title='bbox 680 1888 840 1938; x_wconf 81' lang='lat' dir='ltr'><strong>Hegirae</strong></span> <span class='ocrx_word' id='word_1_268' title='bbox 859 1890 952 1936; x_wconf 88' lang='lat'><strong>659,</strong></span> <span class='ocrx_word' id='word_1_269' title='bbox 972 1889 1080 1925; x_wconf 84' lang='lat' dir='ltr'><strong>cuius</strong></span> <span class='ocrx_word' id='word_1_270' title='bbox 1097 1887 1173 1925; x_wconf 80' lang='lat' dir='ltr'><strong>fuit</strong></span> <span class='ocrx_word' id='word_1_271' title='bbox 1190 1887 1347 1924; x_wconf 87' lang='lat' dir='ltr'><strong>initium</strong></span> <span class='ocrx_word' id='word_1_272' title='bbox 1367 1886 1448 1924; x_wconf 84' lang='lat' dir='ltr'><strong>dies</strong></span> <span class='ocrx_word' id='word_1_273' title='bbox 1463 1900 1562 1926; x_wconf 80' lang='lat' dir='ltr'><strong>sex-</strong></span> 
     </span>
     <span class='ocr_line' id='line_1_32' title="bbox 130 1941 1561 1992; baseline 0.001 -13"><span class='ocrx_word' id='word_1_274' title='bbox 130 1948 197 1979; x_wconf 84' lang='lat' dir='ltr'><strong>tus</strong></span> <span class='ocrx_word' id='word_1_275' title='bbox 229 1941 452 1979; x_wconf 88' lang='lat' dir='ltr'><strong>Decembris</strong></span> <span class='ocrx_word' id='word_1_276' title='bbox 478 1942 572 1979; x_wconf 92' lang='lat' dir='ltr'><strong>anni</strong></span> <span class='ocrx_word' id='word_1_277' title='bbox 601 1943 744 1980; x_wconf 86' lang='lat' dir='ltr'><strong>Christi</strong></span> <span class='ocrx_word' id='word_1_278' title='bbox 774 1945 894 1991; x_wconf 81' lang='lat'><strong>1260,</strong></span> <span class='ocrx_word' id='word_1_279' title='bbox 922 1943 1083 1980; x_wconf 81' lang='lat' dir='ltr'><strong>missum</strong></span> <span class='ocrx_word' id='word_1_280' title='bbox 1107 1943 1149 1979; x_wconf 90' lang='lat' dir='ltr'><strong>in</strong></span> <span class='ocrx_word' id='word_1_281' title='bbox 1169 1942 1321 1992; x_wconf 86' lang='lat' dir='ltr'><strong>Syriam</strong></span> <span class='ocrx_word' id='word_1_282' title='bbox 1344 1942 1391 1979; x_wconf 81' lang='lat' dir='ltr'><strong>ab</strong></span> <span class='ocrx_word' id='word_1_283' title='bbox 1405 1942 1561 1980; x_wconf 87' lang='lat' dir='ltr'><strong>Hulacu</strong></span> 
     </span>
     <span class='ocr_line' id='line_1_33' title="bbox 129 1996 1561 2046; baseline 0.001 -11"><span class='ocrx_word' id='word_1_284' title='bbox 129 1996 417 2046; x_wconf 86' lang='lat' dir='ltr'><strong>Mogulensium</strong></span> <span class='ocrx_word' id='word_1_285' title='bbox 437 1997 646 2035; x_wconf 85' lang='lat' dir='ltr'><strong>exercitum</strong></span> <span class='ocrx_word' id='word_1_286' title='bbox 661 2029 672 2046; x_wconf 94' lang='lat'><strong><em>‚</em></strong></span> <span class='ocrx_word' id='word_1_287' title='bbox 700 1998 800 2035; x_wconf 89' lang='lat' dir='ltr'><strong>duce</strong></span> <span class='ocrx_word' id='word_1_288' title='bbox 818 1998 1008 2046; x_wconf 78' lang='lat' dir='ltr'><strong>Samdagu</strong></span> <span class='ocrx_word' id='word_1_289' title='bbox 1028 1997 1253 2035; x_wconf 86' lang='lat' dir='ltr'><strong>Christianis</strong></span> <span class='ocrx_word' id='word_1_290' title='bbox 1279 1998 1457 2045; x_wconf 83' lang='lat' dir='ltr'><strong>favente,</strong></span> <span class='ocrx_word' id='word_1_291' title='bbox 1488 1998 1561 2036; x_wconf 92' lang='lat' dir='ltr'><strong>ob-</strong></span> 
     </span>
     <span class='ocr_line' id='line_1_34' title="bbox 131 2052 1560 2105; baseline 0.001 -15"><span class='ocrx_word' id='word_1_292' title='bbox 131 2052 282 2090; x_wconf 85' lang='lat' dir='ltr'><strong>sidione</strong></span> <span class='ocrx_word' id='word_1_293' title='bbox 304 2052 467 2089; x_wconf 85' lang='lat' dir='ltr'><strong>cinxisse</strong></span> <span class='ocrx_word' id='word_1_294' title='bbox 481 2052 692 2090; x_wconf 84' lang='lat' dir='ltr'><strong>Mauselam</strong></span> <span class='ocrx_word' id='word_1_295' title='bbox 718 2052 855 2090; x_wconf 88' lang='lat' dir='ltr'><strong>urbem</strong></span> <span class='ocrx_word' id='word_1_296' title='bbox 876 2053 1029 2090; x_wconf 84' lang='lat' dir='ltr'><strong>incluso</strong></span> <span class='ocrx_word' id='word_1_297' title='bbox 1055 2053 1098 2089; x_wconf 87' lang='lat' dir='ltr'><strong>in</strong></span> <span class='ocrx_word' id='word_1_298' title='bbox 1124 2066 1167 2089; x_wconf 81' lang='lat' dir='ltr'><strong>ea</strong></span> <span class='ocrx_word' id='word_1_299' title='bbox 1186 2053 1236 2090; x_wconf 77' lang='lat' dir='ltr'><strong>Al</strong></span> <span class='ocrx_word' id='word_1_300' title='bbox 1262 2053 1399 2091; x_wconf 88' lang='lat' dir='ltr'><strong>Saleho</strong></span> <span class='ocrx_word' id='word_1_301' title='bbox 1423 2053 1560 2105; x_wconf 84' lang='lat' dir='ltr'><strong>Syriae</strong></span> 
     </span>
     <span class='ocr_line' id='line_1_35' title="bbox 131 2107 1561 2160; baseline 0.002 -16"><span class='ocrx_word' id='word_1_302' title='bbox 131 2108 335 2159; x_wconf 85' lang='lat' dir='ltr'><strong>principe,</strong></span> <span class='ocrx_word' id='word_1_303' title='bbox 369 2113 408 2145; x_wconf 87' lang='lat' dir='ltr'><strong>et</strong></span> <span class='ocrx_word' id='word_1_304' title='bbox 444 2107 569 2159; x_wconf 87' lang='lat' dir='ltr'><strong>copiis</strong></span> <span class='ocrx_word' id='word_1_305' title='bbox 592 2121 613 2145; x_wconf 88' lang='lat' dir='ltr'><strong>e</strong></span> <span class='ocrx_word' id='word_1_306' title='bbox 638 2107 750 2158; x_wconf 83' lang='lat' dir='ltr'><strong>Syria</strong></span> <span class='ocrx_word' id='word_1_307' title='bbox 786 2108 948 2146; x_wconf 86' lang='lat' dir='ltr'><strong>obsessis</strong></span> <span class='ocrx_word' id='word_1_308' title='bbox 985 2108 1182 2158; x_wconf 87' lang='lat' dir='ltr'><strong>suppetias</strong></span> <span class='ocrx_word' id='word_1_309' title='bbox 1213 2109 1455 2148; x_wconf 81' lang='lat' dir='ltr'><strong>venientibus</strong></span> <span class='ocrx_word' id='word_1_310' title='bbox 1488 2122 1561 2160; x_wconf 86' lang='lat' dir='ltr'><strong>per</strong></span> 
     </span>
     <span class='ocr_line' id='line_1_36' title="bbox 129 2163 1561 2213; baseline 0 -11"><span class='ocrx_word' id='word_1_311' title='bbox 129 2163 245 2213; x_wconf 87' lang='lat' dir='ltr'><strong>longe</strong></span> <span class='ocrx_word' id='word_1_312' title='bbox 265 2163 343 2200; x_wconf 89' lang='lat' dir='ltr'><strong>illis</strong></span> <span class='ocrx_word' id='word_1_313' title='bbox 363 2169 609 2200; x_wconf 82' lang='lat' dir='ltr'><strong>occurrentes</strong></span> <span class='ocrx_word' id='word_1_314' title='bbox 627 2163 869 2212; x_wconf 83' lang='lat' dir='ltr'><strong>Mogulenses</strong></span> <span class='ocrx_word' id='word_1_315' title='bbox 891 2163 1166 2201; x_wconf 84' lang='lat' dir='ltr'><strong>circumventis</strong></span> <span class='ocrx_word' id='word_1_316' title='bbox 1198 2169 1237 2201; x_wconf 89' lang='lat' dir='ltr'><strong>et</strong></span> <span class='ocrx_word' id='word_1_317' title='bbox 1255 2164 1458 2203; x_wconf 79' lang='lat' dir='ltr'><strong>occidione</strong></span> <span class='ocrx_word' id='word_1_318' title='bbox 1485 2165 1561 2202; x_wconf 87' lang='lat' dir='ltr'><strong>de·-</strong></span> 
     </span>
     <span class='ocr_line' id='line_1_37' title="bbox 129 2218 1561 2270; baseline 0.001 -14"><span class='ocrx_word' id='word_1_319' title='bbox 129 2219 220 2256; x_wconf 88' lang='lat' dir='ltr'><strong>letis</strong></span> <span class='ocrx_word' id='word_1_320' title='bbox 242 2218 452 2256; x_wconf 84' lang='lat' dir='ltr'><strong>Mauselam</strong></span> <span class='ocrx_word' id='word_1_321' title='bbox 473 2219 641 2270; x_wconf 88' lang='lat' dir='ltr'><strong>cepisse,</strong></span> <span class='ocrx_word' id='word_1_322' title='bbox 670 2218 849 2270; x_wconf 88' lang='lat' dir='ltr'><strong>plurimis</strong></span> <span class='ocrx_word' id='word_1_323' title='bbox 864 2218 906 2255; x_wconf 90' lang='lat' dir='ltr'><strong>in</strong></span> <span class='ocrx_word' id='word_1_324' title='bbox 930 2232 973 2256; x_wconf 86' lang='lat' dir='ltr'><strong>ea</strong></span> <span class='ocrx_word' id='word_1_325' title='bbox 989 2218 1154 2268; x_wconf 85' lang='lat' dir='ltr'><strong>repertis</strong></span> <span class='ocrx_word' id='word_1_326' title='bbox 1173 2219 1336 2267; x_wconf 81' lang='lat' dir='ltr'><strong>occisis,</strong></span> <span class='ocrx_word' id='word_1_327' title='bbox 1364 2219 1451 2258; x_wconf 85' lang='lat' dir='ltr'><strong>aliis</strong></span> <span class='ocrx_word' id='word_1_328' title='bbox 1473 2233 1561 2258; x_wconf 84' lang='lat' dir='ltr'><strong>ser-</strong></span> 
     </span>
     <span class='ocr_line' id='line_1_38' title="bbox 130 2273 1559 2327; baseline 0.002 -16"><span class='ocrx_word' id='word_1_329' title='bbox 130 2275 255 2312; x_wconf 85' lang='lat' dir='ltr'><strong>vitum</strong></span> <span class='ocrx_word' id='word_1_330' title='bbox 283 2273 483 2322; x_wconf 84' lang='lat' dir='ltr'><strong>abductis,</strong></span> <span class='ocrx_word' id='word_1_331' title='bbox 531 2275 615 2325; x_wconf 90' lang='lat' dir='ltr'><strong>ipso</strong></span> <span class='ocrx_word' id='word_1_332' title='bbox 648 2274 825 2325; x_wconf 85' lang='lat' dir='ltr'><strong>principe</strong></span> <span class='ocrx_word' id='word_1_333' title='bbox 861 2274 910 2311; x_wconf 81' lang='lat' dir='ltr'><strong>Al</strong></span> <span class='ocrx_word' id='word_1_334' title='bbox 939 2273 1078 2311; x_wconf 85' lang='lat' dir='ltr'><strong>Saleho</strong></span> <span class='ocrx_word' id='word_1_335' title='bbox 1103 2274 1152 2312; x_wconf 88' lang='lat' dir='ltr'><strong>ad</strong></span> <span class='ocrx_word' id='word_1_336' title='bbox 1179 2274 1331 2313; x_wconf 79' lang='lat' dir='ltr'><strong>Bulncu</strong></span> <span class='ocrx_word' id='word_1_337' title='bbox 1359 2282 1559 2327; x_wconf 84' lang='lat' dir='ltr'><strong>pertracto</strong></span> 
     </span>
     <span class='ocr_line' id='line_1_39' title="bbox 129 2328 1560 2380; baseline 0.003 -14"><span class='ocrx_word' id='word_1_338' title='bbox 129 2328 324 2380; x_wconf 87' lang='lat' dir='ltr'><strong>huiusque</strong></span> <span class='ocrx_word' id='word_1_339' title='bbox 342 2330 444 2367; x_wconf 88' lang='lat' dir='ltr'><strong>iussu</strong></span> <span class='ocrx_word' id='word_1_340' title='bbox 461 2330 677 2367; x_wconf 79' lang='lat' dir='ltr'><strong>interfecto.</strong></span> <span class='ocrx_word' id='word_1_341' title='bbox 732 2329 805 2367; x_wconf 83' lang='lat' dir='ltr'><strong>hae</strong></span> <span class='ocrx_word' id='word_1_342' title='bbox 823 2335 950 2366; x_wconf 81' lang='lat' dir='ltr'><strong>tantae</strong></span> <span class='ocrx_word' id='word_1_343' title='bbox 971 2329 1117 2366; x_wconf 83' lang='lat' dir='ltr'><strong>Chalaii</strong></span> <span class='ocrx_word' id='word_1_344' title='bbox 1142 2329 1330 2369; x_wconf 87' lang='lat' dir='ltr'><strong>victoriae</strong></span> <span class='ocrx_word' id='word_1_345' title='bbox 1350 2337 1560 2370; x_wconf 77' lang='lat' dir='ltr'><strong>moverunt</strong></span> 
     </span>
     <span class='ocr_line' id='line_1_40' title="bbox 129 2384 1557 2437; baseline 0.002 -16"><span class='ocrx_word' id='word_1_346' title='bbox 129 2384 356 2423; x_wconf 72' lang='lat' dir='ltr'><strong>Michaelem</strong></span> <span class='ocrx_word' id='word_1_347' title='bbox 385 2385 653 2434; x_wconf 82' lang='lat' dir='ltr'><strong>Palaeologum</strong></span> <span class='ocrx_word' id='word_1_348' title='bbox 686 2385 906 2434; x_wconf 77' lang='lat' dir='ltr'><strong>Augustum</strong></span> <span class='ocrx_word' id='word_1_349' title='bbox 933 2385 983 2422; x_wconf 87' lang='lat' dir='ltr'><strong>ad</strong></span> <span class='ocrx_word' id='word_1_350' title='bbox 1010 2385 1117 2423; x_wconf 87' lang='lat' dir='ltr'><strong>omni</strong></span> <span class='ocrx_word' id='word_1_351' title='bbox 1143 2398 1218 2437; x_wconf 88' lang='lat' dir='ltr'><strong>ope</strong></span> <span class='ocrx_word' id='word_1_352' title='bbox 1245 2387 1495 2437; x_wconf 75' lang='lat' dir='ltr'><strong>satage-dum</strong></span> <span class='ocrx_word' id='word_1_353' title='bbox 1514 2387 1557 2424; x_wconf 89' lang='lat' dir='ltr'><strong>in</strong></span> 
     </span>
     <span class='ocr_line' id='line_1_41' title="bbox 128 2440 1556 2493; baseline 0.003 -15"><span class='ocrx_word' id='word_1_354' title='bbox 128 2442 304 2491; x_wconf 85' lang='lat' dir='ltr'><strong>paranda</strong></span> <span class='ocrx_word' id='word_1_355' title='bbox 323 2440 398 2478; x_wconf 93' lang='lat' dir='ltr'><strong>sibi</strong></span> <span class='ocrx_word' id='word_1_356' title='bbox 410 2440 677 2479; x_wconf 88' lang='lat' dir='ltr'><strong>benevolentia</strong></span> <span class='ocrx_word' id='word_1_357' title='bbox 694 2447 773 2478; x_wconf 84' lang='lat' dir='ltr'><strong>tam</strong></span> <span class='ocrx_word' id='word_1_358' title='bbox 792 2440 964 2491; x_wconf 83' lang='lat' dir='ltr'><strong>potentis</strong></span> <span class='ocrx_word' id='word_1_359' title='bbox 982 2447 1019 2478; x_wconf 85' lang='lat' dir='ltr'><strong>et</strong></span> <span class='ocrx_word' id='word_1_360' title='bbox 1038 2454 1159 2492; x_wconf 88' lang='lat' dir='ltr'><strong>paene</strong></span> <span class='ocrx_word' id='word_1_361' title='bbox 1177 2440 1334 2480; x_wconf 80' lang='lat' dir='ltr'><strong>finitimi</strong></span> <span class='ocrx_word' id='word_1_362' title='bbox 1351 2442 1556 2493; x_wconf 84' lang='lat' dir='ltr'><strong>principis.</strong></span> 
     </span>
     <span class='ocr_line' id='line_1_42' title="bbox 129 2495 1558 2548; baseline 0.002 -16"><span class='ocrx_word' id='word_1_363' title='bbox 129 2495 270 2545; x_wconf 87' lang='lat' dir='ltr'><strong>igitur‚</strong></span> <span class='ocrx_word' id='word_1_364' title='bbox 299 2497 407 2548; x_wconf 85' lang='lat' dir='ltr'><strong>quod</strong></span> <span class='ocrx_word' id='word_1_365' title='bbox 434 2503 567 2535; x_wconf 86' lang='lat' dir='ltr'><strong>narrat</strong></span> <span class='ocrx_word' id='word_1_366' title='bbox 591 2496 847 2547; x_wconf 85' lang='lat' dir='ltr'><strong>Pachymeres</strong></span> <span class='ocrx_word' id='word_1_367' title='bbox 874 2496 900 2533; x_wconf 88' lang='lat' dir='ltr'><strong>l.</strong></span> <span class='ocrx_word' id='word_1_368' title='bbox 922 2499 947 2536; x_wconf 85' lang='lat'><strong>3</strong></span> <span class='ocrx_word' id='word_1_369' title='bbox 970 2509 1003 2533; x_wconf 85' lang='lat' dir='ltr'><strong>c.</strong></span> <span class='ocrx_word' id='word_1_370' title='bbox 1022 2499 1048 2537; x_wconf 77' lang='grc'><strong>8</strong></span> <span class='ocrx_word' id='word_1_371' title='bbox 1077 2497 1199 2548; x_wconf 85' lang='lat' dir='ltr'><strong>partis</strong></span> <span class='ocrx_word' id='word_1_372' title='bbox 1214 2497 1382 2548; x_wconf 87' lang='lat' dir='ltr'><strong>prioris,</strong></span> <span class='ocrx_word' id='word_1_373' title='bbox 1408 2499 1558 2547; x_wconf 84' lang='lat' dir='ltr'><strong>legatos</strong></span> 
     </span>
     <span class='ocr_line' id='line_1_43' title="bbox 129 2551 1558 2604; baseline 0.002 -17"><span class='ocrx_word' id='word_1_374' title='bbox 129 2551 180 2587; x_wconf 87' lang='lat' dir='ltr'><strong>ad</strong></span> <span class='ocrx_word' id='word_1_375' title='bbox 196 2564 284 2589; x_wconf 89' lang='lat' dir='ltr'><strong>eum</strong></span> <span class='ocrx_word' id='word_1_376' title='bbox 301 2552 427 2602; x_wconf 86' lang='lat' dir='ltr'><strong>misit,</strong></span> <span class='ocrx_word' id='word_1_377' title='bbox 457 2552 525 2603; x_wconf 87' lang='lat' dir='ltr'><strong>qui</strong></span> <span class='ocrx_word' id='word_1_378' title='bbox 545 2552 671 2604; x_wconf 86' lang='lat' dir='ltr'><strong>ipsum</strong></span> <span class='ocrx_word' id='word_1_379' title='bbox 693 2566 714 2590; x_wconf 94' lang='lat' dir='ltr'><strong>a</strong></span> <span class='ocrx_word' id='word_1_380' title='bbox 730 2564 771 2589; x_wconf 84' lang='lat' dir='ltr'><strong>se</strong></span> <span class='ocrx_word' id='word_1_381' title='bbox 790 2552 1005 2590; x_wconf 81' lang='lat' dir='ltr'><strong>salutarent</strong></span> <span class='ocrx_word' id='word_1_382' title='bbox 1027 2557 1064 2589; x_wconf 92' lang='lat' dir='ltr'><strong>et</strong></span> <span class='ocrx_word' id='word_1_383' title='bbox 1084 2552 1163 2590; x_wconf 88' lang='lat' dir='ltr'><strong>eius</strong></span> <span class='ocrx_word' id='word_1_384' title='bbox 1179 2553 1385 2591; x_wconf 83' lang='lat' dir='ltr'><strong>amicitiam</strong></span> <span class='ocrx_word' id='word_1_385' title='bbox 1409 2565 1558 2604; x_wconf 86' lang='lat' dir='ltr'><strong>posce-</strong></span> 
     </span>
     <span class='ocr_line' id='line_1_44' title="bbox 128 2607 1556 2659; baseline 0.002 -16"><span class='ocrx_word' id='word_1_386' title='bbox 128 2612 239 2655; x_wconf 88' lang='lat' dir='ltr'><strong>rent,</strong></span> <span class='ocrx_word' id='word_1_387' title='bbox 267 2608 394 2645; x_wconf 85' lang='lat' dir='ltr'><strong>oblata</strong></span> <span class='ocrx_word' id='word_1_388' title='bbox 411 2608 454 2644; x_wconf 89' lang='lat' dir='ltr'><strong>in</strong></span> <span class='ocrx_word' id='word_1_389' title='bbox 471 2621 651 2659; x_wconf 85' lang='lat' dir='ltr'><strong>sponsam</strong></span> <span class='ocrx_word' id='word_1_390' title='bbox 670 2607 830 2659; x_wconf 82' lang='lat' dir='ltr'><strong>propria</strong></span> <span class='ocrx_word' id='word_1_391' title='bbox 850 2607 930 2644; x_wconf 86' lang='lat' dir='ltr'><strong>filia</strong></span> <span class='ocrx_word' id='word_1_392' title='bbox 954 2607 1086 2646; x_wconf 78' lang='lat' dir='ltr'><strong>Maria.</strong></span> <span class='ocrx_word' id='word_1_393' title='bbox 1141 2608 1285 2647; x_wconf 81' lang='lat' dir='ltr'><strong>indicat</strong></span> <span class='ocrx_word' id='word_1_394' title='bbox 1303 2608 1556 2659; x_wconf 71' lang='lat' dir='ltr'><strong>pachymeres</strong></span> 
     </span>
     <span class='ocr_line' id='line_1_45' title="bbox 129 2660 1554 2714; baseline 0.001 -17"><span class='ocrx_word' id='word_1_395' title='bbox 129 2660 280 2700; x_wconf 82' lang='lat' dir='ltr'><strong>venisse</strong></span> <span class='ocrx_word' id='word_1_396' title='bbox 296 2677 318 2700; x_wconf 84' lang='lat' dir='ltr'><strong>a</strong></span> <span class='ocrx_word' id='word_1_397' title='bbox 338 2662 487 2700; x_wconf 75' lang='lat' dir='ltr'><strong>Chalaii</strong></span> <span class='ocrx_word' id='word_1_398' title='bbox 505 2664 556 2702; x_wconf 88' lang='lat' dir='ltr'><strong>ad</strong></span> <span class='ocrx_word' id='word_1_399' title='bbox 576 2663 801 2702; x_wconf 70' lang='lat' dir='ltr'><strong>Michaelem</strong></span> <span class='ocrx_word' id='word_1_400' title='bbox 822 2670 995 2701; x_wconf 78' lang='lat' dir='ltr'><strong>mutuam</strong></span> <span class='ocrx_word' id='word_1_401' title='bbox 1015 2663 1265 2714; x_wconf 82' lang='lat' dir='ltr'><strong>legationem,</strong></span> <span class='ocrx_word' id='word_1_402' title='bbox 1292 2677 1366 2714; x_wconf 84' lang='lat' dir='ltr'><strong>qua</strong></span> <span class='ocrx_word' id='word_1_403' title='bbox 1384 2664 1416 2701; x_wconf 89' lang='lat' dir='ltr'><strong>is</strong></span> <span class='ocrx_word' id='word_1_404' title='bbox 1437 2663 1554 2713; x_wconf 85' lang='lat' dir='ltr'><strong>signi.</strong></span> 
     </span>
     <span class='ocr_line' id='line_1_46' title="bbox 130 2714 1554 2768; baseline 0.004 -15"><span class='ocrx_word' id='word_1_405' title='bbox 130 2714 264 2754; x_wconf 78' lang='lat' dir='ltr'><strong>ficaret</strong></span> <span class='ocrx_word' id='word_1_406' title='bbox 284 2718 438 2768; x_wconf 87' lang='lat' dir='ltr'><strong>placere</strong></span> <span class='ocrx_word' id='word_1_407' title='bbox 467 2719 540 2756; x_wconf 84' lang='lat' dir='ltr'><strong>sibi</strong></span> <span class='ocrx_word' id='word_1_408' title='bbox 567 2720 832 2758; x_wconf 89' lang='lat' dir='ltr'><strong>conditionem</strong></span> <span class='ocrx_word' id='word_1_409' title='bbox 857 2719 1036 2757; x_wconf 87' lang='lat' dir='ltr'><strong>oblatam.</strong></span> <span class='ocrx_word' id='word_1_410' title='bbox 1090 2720 1192 2758; x_wconf 88' lang='lat' dir='ltr'><strong>idem</strong></span> <span class='ocrx_word' id='word_1_411' title='bbox 1221 2733 1314 2759; x_wconf 86' lang='lat' dir='ltr'><strong>vero</strong></span> <span class='ocrx_word' id='word_1_412' title='bbox 1331 2718 1554 2758; x_wconf 86' lang='lat' dir='ltr'><strong>distinctius</strong></span> 
     </span>
     <span class='ocr_line' id='line_1_47' title="bbox 130 2773 1552 2828; baseline 0.004 -20"><span class='ocrx_word' id='word_1_413' title='bbox 130 2782 354 2823; x_wconf 83' lang='lat' dir='ltr'><strong>expressum</strong></span> <span class='ocrx_word' id='word_1_414' title='bbox 382 2775 426 2812; x_wconf 87' lang='lat' dir='ltr'><strong>in</strong></span> <span class='ocrx_word' id='word_1_415' title='bbox 456 2773 733 2827; x_wconf 80' lang='lat' dir='ltr'><strong>Abulpharagii</strong></span> <span class='ocrx_word' id='word_1_416' title='bbox 750 2774 948 2816; x_wconf 82' lang='lat' dir='ltr'><strong>Chronico</strong></span> <span class='ocrx_word' id='word_1_417' title='bbox 970 2774 1115 2827; x_wconf 84' lang='lat' dir='ltr'><strong>legitur</strong></span> <span class='ocrx_word' id='word_1_418' title='bbox 1133 2789 1175 2828; x_wconf 86' lang='lat' dir='ltr'><strong>p.</strong></span> <span class='ocrx_word' id='word_1_419' title='bbox 1196 2777 1294 2826; x_wconf 80' lang='lat'><strong>355,</strong></span> <span class='ocrx_word' id='word_1_420' title='bbox 1311 2774 1379 2813; x_wconf 85' lang='lat' dir='ltr'><strong>ubi</strong></span> <span class='ocrx_word' id='word_1_421' title='bbox 1395 2781 1552 2814; x_wconf 85' lang='lat' dir='ltr'><strong>narrata</strong></span> 
     </span>
    </p>
   </div>
  </div>
 </body>
</html>
