1820 3112
330 146 404 189 DE
437 141 766 187 ANDRONICO
800 138 1174 183 PALAEOLOGO
1209 138 1259 179 L.
1291 137 1366 181 ΠΙ.
1473 138 1569 182 223

110 260 202 304 δέον
230 258 518 315 ἀνδρίζεσθαι,
563 254 620 305 ὥς
658 259 732 311 τῆς
772 251 897 309 ἥττης
928 249 1102 308 ἐχούσης
1125 252 1193 294 καὶ
1219 252 1418 294 κίνδυνον.
1490 253 1572 295 δεῖν

109 331 135 372 δ
146 329 159 345 '
184 326 283 372 εἶναι
305 329 373 370 καὶ
400 326 498 375 τούς
515 321 762 373 ἀντιπάλους
782 319 1017 374 τοιούτους,
1057 319 1112 370 ὥς
1134 320 1228 370 ἴσας
1245 317 1396 377 ὑσμίνῃ
1412 318 1488 370 τὰς
1506 337 1573 363 κε-

109 396 249 455 φαλὰς
280 396 492 451 γίνεσθαι·
530 393 636 436 ἀλλὰ
667 391 899 446 ξυμβαίνειν
933 389 992 444 μὴ
1026 387 1127 432 εἶναι
1143 386 1357 438 τοιούτους
1382 390 1425 439 ἐξ
1445 387 1571 445 ἄναγ-
1594 396 1625 430 C

110 466 258 517 καίων,
294 465 363 506 καὶ
388 461 570 517 μάλισθ’
603 460 666 504 ὅτι
699 459 890 513 πολέμοις
923 458 1136 514 ἐμφυλίοις
1161 455 1286 511 ὁμόσε
1311 463 1459 512 χωρεῖν
1480 457 1573 500 οὐδ’

76 546 98 580 5
112 534 249 578 οἴδασι
271 531 319 574 τὸ
340 529 549 587 παράπαν.
620 528 720 585 ἔγνω
746 532 844 584 γοῦν
874 526 1008 576 ἄλλως
1031 525 1085 568 τὰ
1102 523 1325 582 πράγματα
1345 530 1574 580 μετελθεῖν,

109 603 178 646 καὶ
195 598 345 657 θράσει
364 601 431 642 καὶ
452 596 602 654 πλήθει
620 599 686 640 καὶ
704 593 925 654 παραλόγῳ
945 591 1180 652 φρονήματι
1199 592 1245 636 ’ἐν
1265 593 1507 648 ἀντιστῆσαι
1527 595 1575 638 τὸ

107 670 294 726 μέγιστον
313 666 500 719 σύνεσιν,
536 664 592 716 ὥς
611 666 710 716 ἴσως
728 664 837 708 οὕτω
857 665 925 707 καὶ
946 661 1152 714 ἐξανύσων
1173 661 1248 706 κᾶν
1270 661 1318 705 οὗ
1336 662 1384 705 τὸ
1409 660 1576 716 σύμπαν

108 735 214 782 ἀλλά
236 754 276 780 τι
297 738 364 779 καὶ
381 732 563 791 μερικόν.
630 736 699 777 καὶ
727 733 874 777 αὐτίκα
906 732 1060 775 στέλλει
1092 732 1168 786 μὲν
1186 730 1284 781 τούς
1306 729 1578 787 ἇγγελοῦντας

107 806 155 850 τό
176 804 341 860 συμβὰν
366 804 470 861 πρὸς
484 803 556 847 τὸν
569 803 763 857 βασιλέα,
801 801 956 845 στέλλει
976 800 1020 843 δ’
1043 802 1086 843 ἐν
1109 797 1360 858 ἀπορρήτοις
1378 802 1446 842 καὶ
1468 799 1571 857 πρός
1594 816 1625 850 1)

55 887 98 922 10
110 891 222 925 τινας
249 877 333 917 τῶν
366 875 608 929 Κρητικῶν,
649 871 721 920 οὓς
755 869 843 927 ᾔδει
872 871 1121 921 δοκοῦντας,
1171 862 1228 912 ὧν
1266 866 1288 912 ὅ
1329 866 1575 925 Χορτᾶτζης

110 942 355 1002 προέφερεν,
394 941 622 997 ἀμνηστίαν
638 957 682 984 τε
701 943 836 983 κακῶν
864 938 978 996 παρὰ
997 942 1072 982 τοῦ
1093 941 1344 996 κρατοῦντος
1365 939 1481 994 σφίσι
1508 955 1574 994 γε-

200 1086 236 1121 2.
259 1084 346 1126 ἴσως
368 1083 411 1119 P.
550 1086 583 1120 6.
607 1082 822 1130 ἀντιστῆναι
843 1084 884 1119 P.

82 1239 86 1242 ⁵
108 1209 210 1234 verso
231 1196 658 1253 Philanthropenianorum,
681 1198 804 1233 nedum
826 1197 893 1232 vim
917 1199 1022 1243 atque
1043 1195 1214 1231 incursum
1237 1194 1342 1230 laturi
1365 1196 1573 1232 viderentur.

107 1249 211 1291 atque
231 1244 291 1287 id,
314 1243 448 1278 etiamsi
470 1244 600 1279 numeri
622 1245 724 1279 solius
746 1245 930 1279 baberetur
951 1243 1058 1284 ratio,
1092 1254 1156 1276 nec
1178 1242 1358 1287 quidquam
1381 1245 1576 1278 extraordi-

107 1291 224 1326 nariae
246 1290 454 1324 fortitudinis
476 1290 512 1324 in
534 1290 578 1324 iis
602 1291 834 1335 cogitaretur,
856 1301 941 1336 quos
963 1289 1052 1323 ultro
1077 1287 1315 1333 aggredientes
1336 1299 1409 1322 rem
1431 1290 1576 1324 maxime

108 1335 358 1371 formidolosam
381 1340 417 1371 et
439 1336 593 1378 arduam,
616 1337 679 1370 hoc
700 1336 776 1381 ipso
799 1347 904 1381 supra
927 1335 1058 1369 modum
1081 1338 1228 1368 audaces
1250 1338 1286 1367 et
1308 1333 1343 1368 in
1366 1335 1472 1380 primo
1496 1347 1575 1370 cer-

106 1381 234 1416 tamine
264 1385 373 1416 totam
403 1387 662 1427 exprompturos
704 1382 919 1416 ferocitatem
952 1380 1127 1415 temerarii
1157 1391 1224 1424 quo
1265 1385 1406 1414 ruerent
1437 1381 1577 1424 furoris,

107 1432 203 1462 certo
226 1427 370 1463 deberet
390 1428 584 1472 expectari,
617 1427 738 1472 utique
770 1439 845 1461 cum
879 1432 972 1461 esset
998 1426 1083 1472 ipsis
1110 1425 1416 1471 perspectissimum
1446 1433 1575 1472 quanto

108 1484 170 1508 suo
192 1473 342 1519 periculo
366 1473 482 1518 primis
506 1473 743 1517 congressibus
764 1473 993 1507 vincerentur.
1040 1471 1158 1517 itaque
1184 1482 1259 1504 cum
1275 1472 1457 1506 universim
1479 1473 1577 1509 iuxta

106 1520 201 1564 leges
233 1517 431 1564 disciplinae
461 1518 614 1553 militaris
647 1518 796 1553 officium
820 1517 952 1564 providi
982 1517 1079 1552 ducis
1100 1517 1148 1551 sit
1180 1528 1351 1562 nunquam
1372 1518 1519 1554 obiicere
1541 1519 1576 1553 in

108 1564 288 1599 discrimen
312 1564 487 1610 aleamque
515 1564 634 1610 praelii
666 1565 851 1599 exercitum
882 1575 1019 1598 numero
1048 1567 1084 1598 et
1114 1574 1240 1608 genere
1262 1564 1411 1608 capitum
1436 1576 1502 1599 non
1525 1570 1580 1600 ta-

109 1610 174 1644 lem
198 1610 256 1656 qui
278 1610 433 1644 hostibus
455 1616 574 1645 contra
597 1610 740 1645 obiectis
770 1621 834 1655 par
863 1611 999 1644 futurus
1022 1608 1227 1644 sustinendis
1248 1609 1476 1644 verisimiliter
1497 1622 1578 1656 spe-

107 1662 226 1697 retur,
254 1656 468 1691 manifestum
503 1667 579 1691 esse
609 1661 737 1701 quanta
766 1667 829 1691 sua
858 1655 1086 1702 imprudentia
1117 1655 1276 1689 ordinare
1297 1655 1334 1690 in
1357 1667 1475 1701 campo
1500 1669 1576 1691 cer·

108 1701 296 1747 taminique
319 1701 447 1736 offerre
469 1714 554 1748 quas
577 1701 735 1736 ductaret
756 1701 870 1747 copias
893 1702 1055 1743 auderet,
1077 1712 1166 1747 quae
1188 1713 1251 1735 nec
1274 1701 1489 1736 multitudine
1510 1714 1576 1747 pa-

106 1759 163 1783 res
185 1759 249 1782 nec
271 1747 391 1782 animis
420 1760 462 1782 ac
483 1748 704 1793 pugnacitate
726 1748 968 1792 comparabiles
990 1747 1131 1782 hosticis
1153 1748 1276 1789 forent,
1299 1752 1334 1781 et
1356 1759 1493 1782 numero
1515 1760 1572 1782 su-

108 1793 299 1840 perioribus
333 1798 370 1828 et
402 1793 499 1828 rabie
521 1794 666 1840 quadam
692 1805 733 1828 ac
755 1793 1003 1839 desperationis
1023 1794 1186 1828 instinctu
1211 1799 1394 1827 extremam
1417 1792 1575 1828 vincendi

109 1839 354 1874 contentionem
377 1841 485 1884 prima
507 1839 628 1885 quavis
649 1839 828 1874 occasione
848 1839 1057 1874 adhibituris.
1102 1839 1290 1874 accedebat
1307 1838 1397 1883 quod
1412 1838 1465 1871 sui
1486 1851 1574 1873 nun-

109 1895 212 1930 quam
232 1885 298 1918 nisi
320 1885 355 1918 in
377 1885 542 1919 barbaros
563 1885 698 1927 educti,
723 1897 786 1919 usu
807 1886 898 1920 nullo
919 1887 1074 1920 valerent
1096 1885 1203 1919 civilis
1221 1883 1311 1918 belli.
1359 1895 1434 1917 esse
1458 1890 1571 1918 autem

108 1929 144 1964 in
166 1929 442 1975 Philanthropeni
473 1931 596 1965 castris
627 1932 845 1976 praecipuum
878 1932 984 1966 robur
1012 1931 1179 1975 legionum
1202 1930 1440 1963 Romanarum.
1485 1941 1572 1975 qua-

108 1986 182 2009 rum
205 1985 273 2009 una
305 1987 380 2009 cum
414 1976 530 2010 Persis
562 1980 598 2011 et
627 1977 703 2011 aliis
735 1977 954 2011 auxiliaribus
985 1977 1128 2011 caeteris
1157 1975 1324 2008 mentium
1356 1974 1392 2009 in
1422 1981 1569 2018 nostros,

109 2023 348 2066 praeterquam
370 2021 567 2065 pauciores,
590 2022 694 2056 etiam
716 2022 957 2057 inexercitatos
978 2021 1127 2056 ferendis
1147 2019 1337 2054 incursibus
1358 2021 1435 2065 pari
1457 2033 1571 2058 secum

109 2077 277 2101 armorum
306 2077 432 2111 genere
465 2067 646 2108 utentium,
680 2067 757 2112 quis
787 2079 856 2102 non
887 2068 1003 2102 videat
1023 2065 1272 2101 ineluctabilem
1301 2065 1462 2111 impetum
1483 2069 1569 2111 fore,

110 2112 306 2156 clademque
329 2123 371 2145 ac
391 2111 651 2146 internecionem
683 2113 830 2147 ultimam
851 2112 928 2147 inde
950 2117 1045 2146 certo
1068 2117 1260 2146 secuturam
1283 2112 1475 2154 exercitus,
1501 2125 1569 2158 quo

109 2168 177 2191 uno
210 2157 376 2192 niteretur
407 2168 486 2202 spes
518 2161 598 2192 tunc
630 2157 788 2192 universa
819 2158 938 2192 salutis
968 2157 1099 2202 imperii
1129 2168 1171 2191 ac
1202 2157 1430 2202 reipublicae?
1463 2158 1571 2204 igitur

109 2203 210 2238 aliam
244 2203 376 2237 omuino
409 2215 431 2236 a
465 2203 695 2237 commissione
728 2215 892 2238 armorum
918 2203 1126 2248 audaciaque
1161 2202 1363 2248 confligendi
1392 2204 1570 2240 ineundam

109 2248 177 2284 sibi
205 2259 281 2283 esse
316 2248 396 2283 belli
428 2248 528 2282 huius
560 2248 812 2283 administrandi
841 2248 1016 2284 rationem.
1064 2254 1139 2283 arte
1170 2259 1288 2294 nempe
1317 2261 1359 2284 ac
1388 2251 1570 2295 prudentia

110 2294 352 2339 grassandum:
385 2306 460 2328 nam
491 2295 578 2329 haec
606 2294 759 2329 machina
788 2294 939 2329 ferociae
967 2293 1166 2328 multitudini
1190 2299 1226 2328 et
1255 2295 1434 2330 temerario
1462 2297 1571 2331 furori

109 2350 177 2374 una
198 2341 324 2374 utiliter
346 2340 538 2386 opponitur.
584 2343 620 2374 et
650 2340 726 2386 quis
756 2340 824 2374 scit
857 2351 901 2375 an
935 2352 1002 2375 non
1024 2343 1267 2385 stratagemate
1289 2341 1450 2376 debellem
1473 2354 1572 2388 quem

109 2385 225 2419 Marte
255 2390 375 2431 aperto
407 2387 537 2421 frustra
568 2387 762 2420 tentarem?
802 2386 898 2431 atqui
928 2386 958 2421 si
994 2386 1103 2420 minus
1130 2386 1364 2429 debellavere,
1398 2392 1572 2434 totamque

107 2430 207 2465 istam
238 2431 470 2466 formidandae
503 2431 656 2466 coitionis
684 2432 804 2467 molem
835 2443 900 2466 uno
932 2432 1028 2466 velut
1057 2432 1129 2466 ictu
1150 2432 1200 2467 sic
1223 2432 1399 2476 deiecero‚
1430 2445 1571 2478 sperare

111 2480 206 2510 certe
231 2476 314 2511 licet
345 2483 478 2522 partem
508 2478 581 2512 eius
613 2489 667 2512 me
698 2483 913 2522 carpturum,
943 2482 979 2512 et
1008 2478 1179 2512 demendo
1210 2477 1336 2524 aliquid
1359 2479 1402 2513 de
1425 2480 1568 2522 cumulo,

111 2521 202 2567 quod
235 2523 421 2566 supererit.
452 2523 596 2558 debilius
628 2523 827 2568 faciliusque
861 2527 1024 2569 superatu
1053 2523 1271 2558 redditurum.
1315 2524 1365 2559 ita
1393 2524 1570 2559 subductis

110 2566 298 2602 rationibus
328 2568 459 2603 consilii
490 2569 575 2603 duos
605 2569 745 2614 expedit
777 2580 842 2603 uno
864 2575 1017 2614 tempore
1038 2569 1126 2603 fidos
1146 2569 1315 2612 homines,
1343 2569 1485 2606 alterum
1508 2569 1569 2615 qui

109 2611 324 2648 rebellionem
346 2614 622 2660 Philanthropeni
643 2620 679 2649 et
699 2614 920 2660 irruptionem
941 2615 978 2648 in
998 2615 1252 2660 Nymphaeum,
1285 2627 1342 2650 res
1363 2616 1508 2650 nondum
1531 2615 1568 2649 in

111 2657 188 2692 aula
209 2658 376 2702 cognitas,
397 2660 560 2705 Augustis
582 2659 737 2703 nuntiet,
765 2661 906 2694 alterum
929 2659 987 2705 qui
1008 2660 1174 2705 primores
1197 2661 1406 2696 Cretensium
1428 2660 1570 2694 Philan-

110 2701 274 2747 thropeno
295 2704 508 2740 militantium
539 2709 577 2739 et
607 2705 643 2740 in
675 2706 730 2740 his
755 2705 973 2750 praecipuum
1005 2706 1153 2751 ipsorum
1176 2707 1262 2742 clam
1284 2720 1306 2742 a
1329 2719 1368 2742 se
1389 2705 1570 2740 conveniat

111 2746 330 2801 Chortatzen.
374 2749 441 2784 illis
468 2750 599 2786 indicet
625 2751 780 2797 polliceri
801 2751 1018 2786 Libadarium
1049 2755 1087 2786 et
1107 2753 1247 2798 polliciti
1268 2753 1370 2787 fidem
1395 2751 1570 2786 sanctissi—

110 2803 163 2827 mo
184 2793 399 2830 iureiurando
419 2795 600 2831 adstruere
631 2800 809 2842 paratum,
842 2807 919 2830 sese
946 2797 1029 2842 ipsis
1060 2798 1105 2833 ab
1126 2799 1279 2844 Augusto
1310 2798 1568 2843 impetraturum
