1858 3126
281 167 379 213 858

281 1311 773 2128 wotixs
440 1419 487 1447 ⁰·‘¹

401 2337 418 2878 ι

506 1428 570 1449 vac.

589 2131 599 2335 Ι

632 201 636 205 .
681 169 991 214 OBSERVAT.
1021 171 1359 217 PACHYAE'IER.

295 275 372 336 4⁴:33·
414 275 700 336 .¹}::,“¹1·›”‘:.-¹¹⁰¹‘¹’·
707 277 769 305 ¹¹⁰

436 342 560 371 tificum.

413 376 510 404 Sedes
526 386 577 405 va.-
606 381 769 410 Andronici

136 400 163 433 P
187 400 255 436 622
275 414 387 456 1304
465 416 525 440 eat.

646 320 727 340 man.

659 421 713 461 22

611 471 759 504 Michael.

662 513 710 552 11

625 1417 667 1443 Λιι
661 1415 715 1493 ‹li-3«
717 1425 755 1444 ιιι

614 1506 659 1533 Mi
661 1455 762 1584 cll2ai3ijl.

871 281 1108 322 Benedictus
1137 283 1196 322 IX
1218 284 1333 324 Rom.
1364 287 1541 337 pontifex
1573 290 1744 328 moritur

816 339 965 377 Perusii
997 339 1060 377 die
1100 342 1126 381 6
1156 341 1221 378 vel
1248 345 1274 383 7
1311 342 1410 380 Iulii.
1468 343 1744 384 dissidentibus

816 395 920 433 circa
948 397 1183 435 successoris
1211 397 1438 437 electionem
1460 400 1744 452 cardinalibus,

816 452 906 504 plus
926 453 1061 491 decem
1077 453 1276 492 mensibus
1299 456 1412 494 sedes
1427 463 1560 499 vacat.

873 510 1128 547 Rontzeriani
1147 524 1169 548 a
1190 524 1284 549 vere
1305 512 1356 551 ad
1377 519 1613 553 autumnum
1634 515 1746 566 flagi-

816 566 1022 604 tiosissime
1041 567 1171 618 Cyzici
1191 567 1382 618 desident,
1402 571 1527 610 socios
1544 578 1746 620 vexantes,

816 636 976 662 movere
1013 623 1056 661 in
1091 622 1246 663 hostem
1286 626 1565 668 detrectantes,
1634 628 1747 667 multi

816 693 953 719 eorum
970 680 1118 731 praeda
1134 694 1156 719 e
1174 682 1328 721 civibus
1344 688 1461 735 rapta
1479 684 1521 722 in
1536 698 1657 723 naves
1670 685 1747 724 im-

815 737 944 788 posita
958 737 1135 788 fugiunt3
1157 751 1326 789 quarum
1343 753 1478 779 rerum
1499 742 1747 780 excusanda-

816 807 907 832 rum
933 807 1050 831 causa
1081 795 1270 833 extremis
1294 795 1414 835 huius
1437 799 1528 837 anni
1550 799 1747 837 mensibus

817 851 1053 888 Rontzerius
1070 851 1344 891 Andronicum
1365 854 1460 892 adit.
1489 855 1524 892 ei
1541 868 1640 905 quae
1660 855 1747 894 vult

817 908 1049 959 pe1·suadet;
1077 922 1218 960 magna
1242 910 1403 962 insuper
1426 911 1593 964 pecunia
1619 912 1747 950 dona-

817 970 896 1002 tur.
954 965 980 1003 l.
999 965 1025 1006 5
1048 977 1084 1006 c,
1104 969 1171 1007 21.

871 1020 959 1059 Hoc
990 1034 1094 1058 anno
1118 1021 1284 1073 contigit
1309 1037 1416 1062 mors
1444 1024 1603 1065 cazanis
1627 1025 1747 1062 Kanis

816 1076 1111 1128 Tocharorum,
1148 1085 1365 1117 memorata
1396 1094 1429 1118 e.
1453 1085 1472 1122 1
1502 1081 1527 1121 l.
1550 1085 1588 1124 6.
1654 1081 1747 1119 vide

817 1141 933 1173 notas
957 1140 1112 1172 nostras
1141 1135 1192 1172 ad
1214 1135 1314 1173 illud
1334 1143 1474 1189 caput,
1504 1143 1545 1175 et
1569 1152 1603 1178 e.
1624 1142 1651 1180 7
1672 1137 1698 1175 l.
1720 1142 1746 1179 3

820 1198 1048 1230 nostrarum
1067 1191 1415 1234 Observationum.
1472 1194 1636 1245 paulum
1662 1207 1747 1231 eam

820 1254 1085 1299 praecesserat
1122 1249 1423 1300 Carmpantanis
1451 1251 1593 1290 Cazani
1632 1251 1748 1290 fratri

819 1305 1064 1343 succedentis
1084 1306 1300 1346 coronatio.

874 1418 1041 1457 Michael
1073 1388 1271 1470 Augustus
1302 1420 1436 1460 iunior
1473 1432 1522 1456 ex
1557 1418 1749 1460 Orientali

819 1476 1070 1527 expeditione
1101 1475 1233 1514 redux
1271 1475 1334 1514 die
1362 1475 1416 1518 24
1447 1475 1643 1523 ianuarii,
1682 1488 1748 1512 so-

819 1532 939 1570 lemni
965 1532 1087 1583 patris
1109 1538 1146 1569 et
1166 1532 1276 1570 urbis
1304 1545 1494 1581 occursu,
1524 1531 1749 1570 Constanti.

819 1589 994 1639 nopolim
1011 1588 1246 1638 ingreditur,
1304 1589 1331 1630 l.
1350 1592 1376 1630 5
1395 1602 1431 1627 c.
1454 1592 1520 1630 17.

875 1646 944 1682 Die
967 1647 1017 1685 13
1037 1645 1167 1682 Martii
1189 1645 1356 1687 Michaffl
1375 1645 1538 1695 despota
1559 1643 1748 1695 perduel-

819 1700 932 1738 lionis
963 1700 1171 1738 damnatus
1199 1708 1392 1753 perpetuo
1420 1701 1569 1739 carceri
1592 1700 1747 1740 addici—

817 1763 895 1796 tur.
953 1756 981 1797 l.
1005 1756 1030 1797 5
1054 1770 1089 1798 c.
1114 1759 1177 1798 19.

874 1812 1198 1864 Sphentisthlabo
1217 1812 1386 1864 Bulgaro
1406 1812 1554 1851 bellum
1581 1813 1747 1868 imperio

816 1869 1038 1917 indicente,
1056 1868 1322 1922 (Andronicus
1353 1869 1568 1920 imperator
1599 1870 1748 1921 praesi-

819 1927 893 1964 diis
938 1925 1052 1964 illum
1095 1926 1260 1965 limitem
1312 1925 1446 1964 firmat
1461 1956 1472 1972 ,
1522 1927 1748 1967 Eltimerem

819 1982 1131 2035 Sphentisthlabi
1162 1989 1353 2034 patruum
1388 1982 1502 2023 donis
1531 1995 1746 2035 praeoccu—

819 2039 951 2091 pando
973 2039 1175 2077 continere
1195 2039 1237 2077 in
1262 2039 1341 2076 fide
1367 2039 1520 2090 satagit.
1579 2039 1748 2090 denique

819 2095 1048 2134 Michaelem
1071 2096 1289 2146 Augustum
1325 2095 1521 2137 iuniorem
1549 2108 1595 2134 eo
1624 2096 1749 2138 desti-

818 2159 909 2202 nat,
939 2153 1138 2190 attributis
1161 2153 1195 2189 ei
1225 2152 1530 2204 possessionibus
1549 2152 1748 2191 Michaelis

821 2209 1019 2260 despotae.
1076 2208 1101 2246 l.
1124 2209 1150 2250 5
1169 2222 1202 2245 c.
1230 2211 1281 2250 18
1302 2214 1341 2246 et
1361 2212 1425 2251 19.

874 2266 1006 2304 Mense
1021 2265 1161 2302 Martio
1176 2265 1372 2302 instanter
1387 2277 1530 2315 urgens
1543 2264 1747 2302 Androni-

820 2336 888 2360 cus
907 2322 1124 2374 imperator
1146 2321 1334 2358 abscissos
1363 2321 1411 2359 ab
1434 2321 1645 2358 Athanasio
1673 2334 1747 2357 an-

819 2380 986 2427 tistites‚
1015 2378 1063 2415 ab
1086 2378 1132 2416 iis
1159 2378 1344 2429 impetrat
1372 2383 1420 2415 ut
1443 2377 1476 2413 ei
1504 2376 1746 2414 reconciliari

823 2436 958 2474 velint.
1017 2434 1124 2473 unde
1141 2448 1236 2472 mox
1253 2434 1434 2486 proximo
1451 2433 1672 2470 Palmarum
1687 2434 1747 2470 se-

821 2498 897 2540 sto,
926 2491 1035 2541 quod
1055 2491 1196 2529 incidit
1213 2490 1254 2528 in
1275 2493 1302 2531 7
1323 2488 1477 2540 Aprilis,
1507 2489 1748 2526 convenien-

822 2554 881 2585 tes
900 2548 942 2585 in
968 2547 1182 2598 templum,
1211 2545 1466 2583 Athanasium
1498 2551 1544 2583 ut
1571 2546 1746 2596 patriar-

823 2603 936 2641 cham
960 2608 1230 2653 agnoverunt,
1260 2615 1351 2640 cum
1377 2614 1423 2642 eo
1452 2602 1747 2640 communican—

821 2665 895 2699 tes.
950 2660 976 2697 l.
995 2660 1021 2700 5
1048 2672 1080 2698 c.
1105 2661 1173 2700 20.

877 2714 991 2753 Solus
1003 2714 1242 2752 Athanasius
1258 2711 1550 2752 Alexandrinus
1567 2727 1745 2751 commu-

822 2772 953 2810 nicare
977 2771 1188 2809 Athanasio
1217 2770 1654 2822 Constantinopolitano
1680 2770 1746 2808 in-

822 2828 1048 2869 flexibiliter
1067 2827 1233 2880 respuit.
1291 2827 1384 2868 ibid.
