1858 3126
468 181 568 225 LIB.
595 179 669 224 111.
716 179 1196 225 CHRONOLOGICUS.
1457 181 1553 228 829

111 291 267 342 flantem
289 291 552 328 enervationis
568 291 726 341 imperii
750 289 868 328 fuisse
885 289 1022 328 scribit
1043 290 1338 341 parsimoniam
1346 289 1463 341 plene
1476 291 1554 328 eol.

121 345 344 384 venderam
370 360 415 383 ex
432 345 521 397 fide
539 348 796 397 pensionum,
827 359 930 397 quae
945 345 1234 396 praesidiariis
1253 347 1411 382 arcium
1427 347 1469 383 in
1497 347 1551 383 li-

122 404 215 439 mite
238 404 411 440 sitarum
435 402 532 439 olim
553 409 730 439 statutae
744 402 918 453 juerant
944 405 986 439 in
1014 401 1225 439 mercedem
1246 415 1384 452 operae
1404 402 1555 439 milita.

121 460 198 503 rie,
226 457 324 495 adeo
345 458 434 495 illic
453 456 512 494 ad
524 470 767 495 communem
786 458 953 495 tutelam
969 460 1223 495 necessariae.
1278 457 1354 494 liae
1381 458 1556 508 maligne

122 527 231 551 nunc
255 513 636 565 suppeditabantur,
667 513 847 551 auaritia
868 514 1161 564 praefi-dorum
1192 515 1417 564 erogationi
1435 528 1556 565 pecu.»

56 586 59 589 ’
121 571 214 607 niae
223 570 424 620 publicae,
454 583 625 620 quorum
641 570 914 620 apponebatur
930 570 1057 606 lucris
1076 568 1189 621 quod
1196 583 1272 620 per
1289 577 1447 607 astutas
1452 571 1555 619 srv-

120 627 363 662 strutionum
389 633 495 662 artes
522 624 785 678 dffundenda
806 626 1076 676 praetextibus
1105 627 1238 675 vafris
1258 626 1474 663 solutionis·
1492 625 1556 662 die

121 682 275 718 miseris
302 681 500 718 militibus
526 680 852 728 subtrahebatur,
875 684 1051 732 pretium
1079 680 1240 719 sudoris
1267 688 1303 718 et
1330 684 1553 732 sanguinis.

120 735 176 774 it·
207 737 273 774 ille
298 736 376 785 ibi;
407 738 473 787 qui
495 743 532 775 et
549 738 679 775 multis
698 738 861 774 inferius
884 737 981 775 locis
999 737 1193 788 significat
1218 751 1297 774 nou
1322 737 1397 774 iam
1426 739 1554 775 solum

119 804 193 844 per
218 791 408 830 fiscalium
436 793 694 831 calumniosas
724 793 901 841 fraudes,
932 794 998 831 sed
1027 793 1155 831 edicto
1179 793 1265 844 ipso
1289 806 1335 830 sc
1356 793 1464 830 iussu
1492 794 1556 830 di-

121 853 225 885 serto
256 848 471 886 Andronici
516 849 674 898 Augusti
711 850 918 900 pensiones
944 854 981 887 et
1009 855 1301 887 auctoramenta
1333 848 1553 887 istiusmodi

121 903 240 941 fuisse
256 903 484 946 interversa.
539 904 644 941 unde
662 905 875 942 necessario
897 904 1063 955 contigit
1080 904 1228 942 arcium
1248 905 1462 942 custodiam
1484 919 1554 943 ne-

120 958 236 1008 gligi,
264 971 310 996 ac
340 960 523 1010 quasdam
552 961 722 1011 ipsarum
744 959 785 996 in
808 959 975 998 militurn
1002 974 1049 998 ex
1073 967 1181 1012 parte
1202 960 1371 998 Persidis
1398 967 1553 999 contra-

119 1013 197 1052 rias
216 1015 391 1052 Romano
408 1015 524 1052 limiti
543 1016 723 1053 stationes
742 1015 999 1054 obtinentium
1024 1016 1158 1054 venire
1183 1022 1426 1067 potestatem.
1483 1030 1553 1054 su·

119 1069 259 1108 stinuit
287 1070 453 1121 quodam
482 1076 656 1123 tempore
686 1071 813 1108 labem
833 1071 940 1109 illam
962 1085 1006 1109 ac
1023 1072 1176 1110 ruinam
1197 1072 1292 1109 felix
1312 1071 1440 1110 Alexii
1459 1072 1552 1110 Phi-

118 1124 368 1177 lanthropeni
389 1139 459 1178 per
476 1126 566 1164 illos
583 1132 736 1164 tractus
753 1126 904 1175 militia,
925 1128 1083 1165 circiter
1102 1141 1246 1165 annum
1266 1126 1413 1166 Christi
1433 1129 1552 1176 1295,

119 1180 341 1220 Andronici
362 1185 431 1231 18,
461 1195 506 1220 eo
537 1182 643 1220 missi
673 1188 760 1220 cum
784 1183 916 1221 valido
948 1184 1145 1231 exercitu,
1174 1190 1294 1235 prout
1312 1183 1397 1221 fuse
1419 1189 1556 1222 narrat

119 1235 376 1288 Pachymeres
395 1238 422 1276 l.
440 1240 464 1278 3
479 1239 556 1276 vol.
574 1238 610 1276 11
632 1252 666 1276 c.
678 1236 726 1280 9.Ι
746 1234 813 1276 bed
831 1245 1034 1290 postquam
1052 1239 1084 1276 is
1104 1239 1294 1277 rebellans
1308 1253 1328 1275 a
1347 1239 1553 1277 Libadario

120 1297 180 1330 est
203 1305 409 1344 oppressus
424 1324 435 1342 ‚
464 1299 504 1332 et
529 1295 685 1343 Persae,
713 1294 781 1345 qui
801 1294 873 1332 sub
895 1307 940 1332 eo
960 1295 1247 1339 militaverant,
1278 1295 1378 1332 male
1403 1295 1558 1333 multati

119 1350 270 1386 reversi
296 1348 479 1397 domum,
521 1356 558 1386 et
587 1363 698 1387 causa
731 1349 853 1387 cladis
880 1350 1126 1389 ulciscendae
1158 1356 1196 1387 et
1226 1350 1371 1388 fiducia
1405 1351 1554 1388 nullius

121 1403 215 1441 satis
254 1404 408 1442 validae
442 1417 675 1442 occursurae
714 1406 911 1442 Romanae
950 1406 1169 1458 potentiae,
1218 1403 1555 1457 Philanthropeno

121 1471 235 1509 quem
255 1473 378 1498 unum
401 1458 614 1498 timuerant
637 1466 787 1510 amoto,
817 1461 970 1498 arcibus
999 1462 1076 1500 iam
1103 1462 1256 1500 cunctis
1286 1461 1401 1513 potiti
1429 1463 1558 1500 licen-

119 1514 266 1553 tissime
288 1515 330 1552 in
357 1515 548 1553 subiectas
580 1517 744 1568 imperio
779 1516 956 1567 regiones
989 1517 1133 1569 passim
1163 1516 1422 1559 inundarunt.
1477 1515 1556 1555 hoc

118 1577 308 1608 memorat
323 1564 579 1622 Pachymeres
595 1573 655 1614 1.3
673 1572 752 1611 vol.
766 1571 803 1609 Il
821 1586 855 1611 c.
876 1573 940 1622 14,
971 1579 1009 1610 et
1028 1573 1201 1624 coepisse
1212 1572 1371 1611 videtur
1387 1571 1434 1610 ab
1446 1583 1549 1610 anno

119 1623 210 1663 Chr.
237 1629 364 1674 1297,
396 1626 549 1679 imperii
578 1628 791 1666 Andronici
822 1629 884 1670 15.
933 1628 1094 1666 durasse
1120 1641 1214 1666 vero
1245 1628 1328 1666 sine
1352 1629 1552 1667 intermis-

119 1680 250 1730 sione,
277 1681 397 1719 immo
419 1695 506 1720 cum
528 1680 787 1722 atrocioribus
801 1680 978 1722 ‘subinde
1001 1684 1194 1722 malorum
1215 1683 1454 1734 augmentis,
1487 1697 1555 1722 us-

120 1748 196 1786 que
223 1737 274 1774 ad
299 1736 415 1775 finem
447 1738 564 1776 huius
591 1739 797 1787 historiae,
825 1736 1061 1790 intelligitur
1086 1753 1135 1777 ex
1162 1739 1482 1789 frequentissimis
1510 1752 1555 1776 ea

119 1791 169 1829 de
188 1805 232 1829 re
250 1792 376 1829 nostri
394 1790 570 1831 historici
592 1795 758 1845 querelis
777 1807 822 1832 ac
839 1796 1179 1833 lamentationibus
1198 1807 1273 1846 per
1292 1800 1455 1832 cunctos
1471 1795 1553 1832 fere

121 1853 400 1895 consequentes
414 1847 533 1886 huius
550 1852 679 1900 operis
696 1850 816 1888 libros
839 1851 995 1902 sparsis.

230 1901 275 1938 V.
330 1901 391 1939 Ex
411 1901 472 1940 his
502 1910 607 1953 patet
630 1914 743 1955 quam
766 1912 1022 1943 consentanee
1040 1906 1089 1943 ed
1111 1911 1265 1943 nostrae
1286 1900 1406 1941 huius
1426 1903 1550 1942 histo-

120 1955 201 1994 riae
226 1957 452 1994 memoriam
480 1957 650 1996 Arabum
680 1960 836 1998 annales
859 1961 1031 1998 referant
1059 1960 1166 2010 quod
1195 1959 1375 2011 superius
1400 1959 1549 1997 exscri-

118 2011 282 2062 psimus,
312 2010 559 2062 Ortogrulem
590 2014 792 2052 Othmanis
811 2021 961 2065 patrem
986 2015 1125 2053 obiisse
1148 2029 1248 2052 anno
1269 2014 1432 2065 Hegirae
1451 2017 1544 2063 687,

122 2065 255 2117 quiex
274 2073 382 2118 parte
403 2068 590 2106 coincidit
613 2083 700 2106 cum
729 2083 831 2107 auno
857 2070 1000 2108 Christi
1024 2075 1152 2118 1288,
1180 2070 1376 2121 inclytum
1398 2070 1550 2108 bellicis

121 2121 385 2171 successibus,
416 2123 463 2160 de
490 2125 660 2161 Romana
688 2125 872 2163 videlicet
902 2126 1043 2164 Persici
1071 2126 1207 2164 limitis
1235 2125 1375 2164 militia
1401 2125 1550 2173 relatis,

121 2179 265 2229 quippe
284 2191 382 2228 quae
402 2178 479 2215 iam
504 2185 588 2216 tum
612 2194 631 2216 a
658 2187 810 2231 recepta
838 2182 886 2218 de
910 2181 1055 2218 Latinis
1085 2181 1443 2232 Constantinopoli,
1472 2177 1550 2218 hoc

120 2239 181 2270 est
203 2233 250 2270 ab
269 2233 380 2270 annis
399 2239 504 2271 retro
527 2234 692 2272 sedecim
706 2265 716 2283 ‚
747 2235 938 2276 debilitari
958 2237 1070 2274 valde
1091 2242 1284 2287 coeperat.
1321 2249 1440 2287 quare
1461 2249 1551 2275 suc·—

120 2288 260 2326 cedens
288 2287 491 2338 Ortogruli
519 2289 688 2328 Othman
718 2290 822 2329 filius
851 2292 999 2342 aliquot
1025 2292 1100 2329 iam
1129 2298 1215 2330 tum
1235 2286 1372 2330 habuit
1391 2293 1478 2330 loca
1502 2291 1550 2330 de

120 2343 304 2381 Romanis
328 2356 443 2382 manu
469 2351 602 2396 parta,
634 2346 774 2396 quibus
802 2347 917 2398 plura
943 2348 1167 2398 maioraque
1193 2352 1400 2399 postquam
1426 2361 1551 2386 anno-

119 2411 208 2437 rum
240 2400 412 2451 plurium
439 2401 623 2439 continua
647 2401 831 2439 felicitate
855 2402 904 2439 ad
927 2409 1125 2454 paternam
1145 2404 1423 2454 Karaiaptagae
1441 2403 1550 2441 adie-

120 2452 236 2492 cisset
253 2455 439 2494 ditionem
452 2485 462 2504 ,
492 2455 662 2494 Sultanis
679 2457 858 2508 denique5
885 2456 962 2496 hoc
982 2462 1038 2496 est
1056 2459 1224 2509 supremi
1239 2459 1446 2510 principis,
1474 2470 1550 2495 no·-

118 2521 209 2547 men
226 2509 333 2548 haud
353 2512 545 2550 dubitavit
566 2524 766 2565 usurpare,
794 2513 897 2551 tueri
918 2527 957 2551 se
976 2513 1077 2551 illud
1094 2525 1208 2565 posse
1227 2528 1398 2566 sperans.
1429 2514 1549 2551 huius

119 2565 265 2615 primae
285 2580 330 2604 ac
349 2568 459 2618 quasi
486 2569 788 2606 fundamentalis
807 2569 974 2620 epochae
995 2570 1232 2607 Ottomanici
1247 2570 1402 2622 imperii
1419 2569 1549 2606 sedem

121 2629 171 2656 ex
190 2631 284 2659 vero
307 2621 349 2659 in
370 2623 508 2662 ordine
530 2630 748 2676 temporum
770 2631 939 2663 statuere
954 2631 1132 2662 nostrum
1157 2631 1234 2673 est,
1266 2626 1373 2676 quod
1395 2624 1548 2662 efficere

122 2675 349 2714 conabimur
376 2679 608 2729 comparatis
636 2679 806 2718 Arabum
838 2680 1162 2730 chronologorum
1180 2687 1219 2719 et
1235 2681 1359 2718 nostri
1387 2680 1547 2731 Pachy-

119 2729 235 2767 meris
253 2732 496 2772 testimoniis.
531 2735 655 2773 refert
672 2734 946 2788 pachymeres,
973 2750 1011 2787 p.
1033 2739 1112 2777 327
1130 2749 1166 2773 va
1183 2739 1208 2777 6
1221 2765 1232 2785 ,
1261 2736 1463 2774 Atmanem
1483 2737 1546 2774 in-

119 2783 288 2824 valuisse
304 2788 443 2838 opibus
467 2787 650 2828 adiuncta
669 2788 742 2830 sibi
762 2800 880 2830 manu
898 2791 1108 2831 fortissima
1133 2792 1364 2831 bellatorum
1390 2791 1543 2831 acerri-
