1858 3126
263 134 363 182 728
673 131 990 177 OBSERVAT.
1019 132 1328 176 PACHYMER.

264 244 553 298 κατακρίνομεν
572 237 1011 294 καὶαποδοκιμᾶζομεν
1032 236 1187 290 πάντας
1208 239 1304 291 τούς
1318 237 1529 296 ἀρνεῖσθαι
1543 246 1723 297 τολμῶν-

264 319 335 351 τας
363 302 537 350 αἰωνίως
564 299 608 341 ἐκ
633 296 782 352 πατρὸς
809 297 876 339 καὶ
901 298 997 339 υἱοῦ
1017 295 1062 340 τὸ
1089 295 1205 352 ἅγιον
1235 295 1524 351 ἐκπορεύεσθαι
1551 304 1722 353 πνεῦμα,

265 357 295 411 ἢ
323 361 513 411 προπετεῖ
533 355 613 398 τινὶ
639 353 763 411 τόλμῃ
791 356 1104 407 διισχυρίζεσθαι
1137 352 1182 397 vd
1211 357 1370 406 πνεῦμα
1399 355 1443 396 ἐκ
1479 355 1626 409 πατρὸς
1655 357 1724 397 καὶ

264 415 360 461 υἱοῦ
395 412 450 462 ὥς
484 415 601 456 δυοῖν
637 408 771 466 dcxciv
804 407 890 452 ἀλλ’
921 406 1012 463 οὐχ’
1043 410 1097 459 ω”ς
1113 410 1156 453 ἐκ
1179 414 1273 463 μιᾶς
1297 408 1603 464 ἐκπορεύεσθαι.
1655 411 1728 451 sed

266 472 465 532 quoniam
479 485 551 522 per
573 468 875 521 irrefragabilis
893 469 1015 506 istius
1033 470 1310 520 ignorantiam
1327 470 1512 506 veritatis·
1524 469 1569 506 in
1585 471 1726 508 varias

264 529 445 568 haereses
474 525 648 579 quidam
664 526 856 578 prolapsi
879 532 998 574 sunt,
1026 539 1100 562 nos·
1129 538 1280 563 omnem
1305 523 1468 562 aditum
1494 524 1728 565 istiusmodi

263 584 498 626 haeresibus
528 583 729 621 obstruere
759 584 983 634 cupientcS,
1012 595 1129 619 sacro
1155 582 1411 634 suffragante
1430 582 1620 631 concilio,
1650 580 1727 620 da·

265 655 456 680 metamus
484 647 520 678 et
545 640 808 692 reprobamus
827 652 960 676 omnes
979 640 1053 689 qui
1070 652 1215 689 negare
1229 640 1575 690 praesumpserint
1597 645 1727 676 aeter-

265 699 417 737 naliter
443 698 645 749 Spiritum
670 697 868 734 Sanctum
897 709 941 732 ex
959 702 1080 746 patre
1107 702 1143 732 et
1160 695 1258 746 filio
1280 694 1518 746 procedere,
1549 702 1626 733 aut
1654 696 1728 747 qui

264 756 475 798 temerario
498 767 608 791 ausu
625 754 867 791 asseruerint
888 753 1086 803 Spiritum
1107 765 1151 789 ex
1159 759 1281 803 patre
1296 752 1432 803 etfilc'o
1452 759 1664 803 tamquam
1682 765 1728 792 ex

268 811 427 853 duobus
443 811 663 862 principiis
683 817 718 846 et
739 823 820 846 non
842 816 1053 859 tamquam
1077 823 1122 846 ex
1139 823 1218 846 uno
1229 807 1451 860 procedere.
1507 807 1603 846 haec
1624 808 1729 846 Gre-

267 867 405 920 gorius
432 868 472 906 X
498 868 540 905 in
558 865 727 905 concilio
746 865 1014 915 Lugdunensi.
1072 878 1123 903 ex
1143 865 1283 915 quibus
1308 870 1473 917 apparet
1492 877 1609 915 quam
1632 877 1729 902 exa-

269 931 335 965 cte
353 924 405 962 ad
424 922 668 962 Catholicam
694 921 914 971 veritatem,
947 934 1146 973 quamque
1165 921 1264 960 citra
1283 921 1549 973 suspicionem
1567 920 1730 961 favendi

271 982 518 1021 Graecorum
556 978 707 1028 errori,
745 985 826 1017 tres
856 978 947 1016 illos
974 978 1126 1016 Veccus
1158 977 1503 1017 anathematismos
1534 977 1731 1015 formulae

269 1037 365 1076 fidei
394 1036 606 1088 quotannis
629 1035 674 1073 in
705 1034 872 1074 ecclesia
898 1034 960 1073 die
982 1034 1245 1073 orthodoxiae
1266 1033 1425 1073 recitari
1446 1033 1587 1072 solitae
1611 1033 1730 1072 addi—

271 1093 388 1133 derit.
445 1107 536 1131 cum
572 1091 678 1134 enim
715 1091 922 1130 anathema
952 1090 1056 1128 dixit
1082 1091 1118 1130 ei
1150 1091 1220 1143 qui
1248 1090 1464 1129 affirmaret
1495 1089 1622 1128 filium
1647 1102 1731 1128 esse

272 1163 431 1189 causam
460 1149 544 1188 sive
567 1147 813 1201 principium
843 1147 1015 1199 Spiritus
1029 1176 1039 1193 ‚
1070 1154 1109 1186 et
1127 1148 1161 1185 ei
1179 1148 1328 1200 pariter
1348 1147 1413 1198 qui
1434 1146 1583 1185 diceret
1604 1145 1732 1184 filium

272 1220 355 1249 esse
380 1219 616 1244 concausam
636 1205 722 1244 sive
744 1203 1074 1256 comprincipium
1093 1217 1171 1242 nna
1194 1217 1283 1242 cum
1307 1210 1418 1255 patre
1439 1202 1615 1242 eiusdem
1643 1201 1732 1255 Spi-

271 1263 395 1312 rituS,
423 1262 624 1301 intellexit
651 1261 701 1299 de
725 1260 925 1313 principio
949 1274 1028 1312 quo
1051 1260 1134 1299 sive
1148 1261 1349 1312 formali,
1377 1266 1425 1298 ut
1443 1259 1664 1310 loquuntur
1688 1257 1733 1301 in

272 1319 440 1369 scholis,
469 1318 658 1358 nimirum
685 1319 908 1369 spiratione
935 1318 1095 1366 activa,
1126 1331 1225 1368 quae
1253 1331 1341 1355 cum
1367 1316 1418 1354 sit
1438 1329 1520 1354 una
1540 1321 1579 1354 et
1597 1315 1734 1354 eadem

274 1375 578 1419 indivisibiliter
595 1374 766 1414 existens
786 1374 830 1412 in
851 1379 961 1425 patre
984 1379 1023 1412 et
1040 1373 1144 1423 filio,
1175 1379 1214 1412 et
1232 1373 1280 1412 ab
1299 1374 1370 1412 illo
1393 1372 1488 1411 huic
1509 1371 1735 1410 communi-

275 1439 382 1482 cata,
413 1432 493 1471 dici
514 1446 596 1470 non
614 1437 746 1483 potest
765 1436 988 1483 competere
1003 1429 1110 1480 filio,
1141 1444 1217 1482 qua
1237 1429 1411 1482 praecise
1427 1429 1534 1467 filius
1556 1434 1615 1467 est
1633 1441 1735 1480 qua-

136 1493 164 1526 P
189 1492 256 1527 519
281 1503 355 1541 que
380 1490 488 1540 patri
508 1488 675 1527 relative
696 1488 915 1540 opponitur
945 1493 984 1525 et
1011 1487 1060 1525 ab
1093 1499 1139 1524 eo
1163 1487 1443 1538 distinguitur,
1471 1486 1734 1537 spirationem

279 1547 481 1595 activam,
510 1545 593 1583 sive
624 1544 820 1583 rationem
847 1543 1035 1595 principii
1058 1549 1240 1594 respectu
1265 1543 1401 1581 Sancti
1416 1541 1610 1594 Spiritus,
1640 1539 1735 1591 quia

277 1601 498 1641 secundum
526 1600 642 1638 istam
672 1600 866 1638 rationem
898 1613 980 1637 non
1012 1599 1223 1638 distinctus
1249 1614 1270 1636 a
1289 1605 1402 1651 patre
1422 1597 1490 1636 sed
1513 1597 1619 1636 idem
1641 1609 1731 1635 cum

278 1659 351 1699 illo
384 1663 462 1706 est,
509 1655 841 1708 quemadmodum
872 1662 910 1694 et
934 1655 1154 1694 secundum
1179 1655 1380 1703 divinam,
1417 1667 1535 1705 quam
1559 1653 1655 1692 item
1685 1652 1734 1690 ab

278 1715 351 1753 illo
373 1712 534 1766 accipit,
564 1711 769 1751 essentiam
789 1717 828 1750 et
847 1718 1042 1752 naturam.
1100 1725 1148 1750 ac
1169 1717 1334 1763 propter
1355 1711 1516 1749 eandem
1538 1709 1734 1749 rationem

278 1783 488 1824 perperam
516 1769 713 1808 diceretur
739 1770 1073 1819 comprincipium
1087 1768 1213 1819 filius
1232 1769 1349 1819 patri
1373 1773 1551 1819 respectu
1572 1768 1615 1805 S.
1643 1767 1735 1818 Spi-

279 1830 386 1866 ritas
399 1858 410 1876 ,
437 1826 471 1865 si
491 1826 620 1878 agitur
639 1825 688 1863 de
704 1824 904 1877 principio
925 1839 1005 1876 quo
1022 1855 1033 1871 ,
1063 1824 1154 1876 quia
1173 1824 1348 1863 indicata
1364 1823 1645 1875 comprincipii
1661 1835 1736 1861 vo-

280 1884 422 1923 cabulo
460 1882 631 1922 dualitas
663 1881 952 1934 principiorum
984 1880 1312 1933 simplicissimam
1342 1880 1589 1918 identitatem
1615 1878 1736 1917 unius

281 1940 511 1993 spirationis
542 1938 694 1977 activae
723 1938 766 1976 in
794 1944 907 1990 patre
932 1937 1050 1976 simul
1079 1951 1125 1975 ac
1147 1937 1232 1976 filio
1260 1936 1505 1976 subsistentis
1532 1935 1737 1974 videretur

282 1996 507 2036 excludere.
562 1995 682 2047 idque
714 1994 808 2034 satis
835 1994 1028 2033 indicavit
1062 1994 1149 2047 ipse
1177 1994 1326 2033 Veccus
1351 2006 1392 2032 se
1418 1993 1475 2031 ita
1501 1992 1734 2043 intelligere,

283 2067 375 2091 cum
410 2068 454 2105 p.
481 2056 537 2096 32
562 2065 604 2092 v-
630 2054 656 2093 6
683 2065 767 2103 sqq.
797 2051 956 2090 Graecis
991 2050 1287 2100 obiicientibus,
1328 2063 1378 2089 ex
1415 2062 1462 2088 eo
1503 2048 1613 2101 quod
1651 2048 1738 2099 ipse

285 2123 378 2148 cum
402 2108 550 2147 Latinis
581 2107 796 2147 affirmaret
821 2107 1013 2159 Spiritum
1030 2109 1219 2146 Sanctum
1246 2120 1296 2145 ex
1322 2112 1436 2159 patre
1462 2111 1500 2147 et
1528 2105 1613 2143 filio
1641 2117 1739 2155 pro-

286 2165 445 2214 cedere,
490 2165 695 2204 maniseste
726 2164 839 2216 sequi
870 2164 997 2202 filium
1026 2164 1107 2206 dici
1133 2169 1317 2216 oportere
1342 2161 1585 2215 principium
1610 2159 1739 2212 Spiri-

284 2228 349 2262 tus
371 2222 504 2260 Sancti
534 2227 604 2259 aut
633 2221 773 2259 saltem
803 2220 1134 2273 comprincipium
1150 2234 1228 2259 una
1251 2233 1341 2258 cum
1360 2225 1495 2271 patre,
1524 2215 1739 2267 respondet

284 2291 369 2317 non
388 2277 511 2328 magis
529 2284 676 2316 rectam
689 2277 794 2316 hanc
810 2290 894 2316 esse
909 2276 1182 2317 collectionem
1198 2284 1318 2327 pater
1334 2289 1426 2312 cum
1436 2275 1533 2325 filio
1550 2279 1608 2310 est
1615 2273 1738 2323 prin-

285 2335 440 2384 cipium
467 2335 508 2374 S.
530 2334 733 2383 Spiritus,
764 2348 855 2385 ergo
882 2333 964 2372 duo
984 2340 1081 2371 sunt
1097 2334 1304 2384 principia
1325 2333 1366 2370 S.
1383 2332 1582 2381 SpirituS,
1619 2341 1738 2378 quam

286 2389 403 2428 istam
434 2389 597 2427 alteram
626 2389 674 2427 ab
705 2391 889 2428 omnibus
915 2391 1000 2428 sine
1028 2389 1150 2428 dubio
1179 2387 1494 2441 explodendam:
1532 2390 1651 2435 pater
1679 2390 1738 2421 est

284 2446 488 2498 perfectus
517 2444 635 2493 deus,
660 2446 785 2496 filius·
815 2454 873 2483 est
892 2448 1095 2497 perfectus
1125 2444 1244 2494 deus,
1274 2445 1455 2495 Spiritus
1480 2441 1654 2479 Sanctus.-
1681 2447 1739 2477 est

284 2502 486 2554 perfectus
503 2499 600 2538 deas
612 2514 626 2538 .·
654 2515 747 2552 ergo
768 2509 847 2539 tres·
864 2510 957 2540 sunt
970 2502 1139 2553 perfecti
1153 2500 1227 2538 dii.
1274 2500 1328 2536 ita
1345 2497 1399 2536 ibi
1422 2497 1583 2535 Veccus.
1631 2495 1740 2547 quod

288 2559 396 2597 idem
423 2556 588 2596 inferius
620 2570 662 2608 p.
688 2560 744 2598 92
773 2571 815 2596 v.
841 2559 868 2598 3
900 2559 1080 2608 repetiit,
1120 2557 1163 2594 in
1202 2553 1469 2606 disputatione
1504 2558 1642 2590 contra
1668 2565 1739 2604 pa-

288 2614 502 2654 triarcham
545 2613 780 2664 Gregorium
820 2613 1036 2665 Cyprium,
1082 2611 1294 2663 utrobique
1335 2609 1585 2660 significans,
1635 2607 1740 2647 sicut

290 2685 370 2710 una
397 2671 515 2710 unice
541 2669 774 2708 indistincta
802 2669 1010 2707 individua
1040 2668 1226 2707 divinitas
1250 2667 1292 2704 in
1318 2667 1448 2705 tribus
1470 2664 1649 2718 personis
1673 2663 1741 2703 di-

293 2727 449 2766 stinctis
476 2732 590 2779 patre
615 2725 698 2767 filio
726 2731 764 2765 et
788 2725 941 2778 Spiritu
969 2727 1114 2763 Sancto
1150 2723 1365 2762 subsistens
1393 2735 1474 2760 non
1502 2721 1658 2773 patitur
1673 2733 1743 2760 eos

293 2789 378 2828 tres>
398 2784 492 2824 deos
511 2782 618 2833 dici,
642 2782 698 2821 ita
717 2796 798 2822 una
816 2782 931 2824 unice
952 2781 1182 2821 indistincta
1199 2779 1408 2822 individua
1431 2778 1594 2831 spiratio
1612 2775 1743 2816 activa
