1820 3112
214 150 308 197 124
630 151 865 196 GEORGII
899 153 1250 198 PACHYMERIS

208 263 316 324 δόξῳ
348 265 386 307 οἱ
403 263 583 318 βέβαιον
613 266 681 307 καὶ
713 263 1013 322 ὁμολογοῦντας
1037 265 1352 321 ἀντιλαμβάνειν
1378 268 1483 327 παρ’
1517 269 1669 313 ἐκείνου

206 333 282 389 τὴν
304 337 378 376 τοῦ
409 330 565 388 θρόνου
600 335 861 390 παραίτησιν.
944 340 1068 378 τοῦτο
1110 330 1182 378 οὖν
1223 337 1386 388 ἐκείνοις
1415 336 1670 394 λαβύρινθος

207 401 396 458 ἄντικρυς
428 401 699 452 ὃυσὸιέξιτος·
747 405 781 445 εἲ
812 403 890 459 γὰρ
921 401 1155 460 ὁμολογοῖεν
1189 402 1440 460 ὃρθόδοξον,
1476 405 1503 461 ἡ
1526 409 1589 449 ἐπὶ
1616 412 1668 465 τῇ

207 468 450 525 παραιτήσει
481 470 644 521 ἀξίωσις
679 471 755 527 οὐχ
784 470 893 521 ὅπως
918 471 1066 523 ἄδοξος
1096 472 1202 514 ἀλλὰ
1224 475 1291 515 καὶ
1310 475 1526 530 τυραννικὴ
1549 492 1668 519 κατε-

208 541 389 595 φαίνετο.
459 538 672 594 ἆντηξίουν
689 545 786 596 γοῦν
820 540 886 583 διὰ
908 546 1042 583 ταῦτα
1075 541 1248 583 κάκεῖνοι
1265 542 1335 585 τὸν
1351 543 1524 595 βασιλέα
1544 545 1702 599 κρίσειό

159 611 189 645 C
213 608 479 663 ἐπιτραπῆναι
501 608 552 650 τὰ
570 608 665 650 κατ’
687 610 847 662 ἐκεῖνον,
880 611 946 651 καὶ
970 612 1003 652 εἰ
1027 611 1100 662 μὲν
1117 608 1302 666 εὗρεθείη
1325 610 1405 654 ἀπὸ
1423 616 1558 666 κοινῆς
1577 612 1671 655 σκέ-

207 688 321 731 ψεως
341 675 388 718 τὸ
411 676 593 732 ἀσφαλὲς
609 676 682 734 ἐφ’
706 675 765 727 οἷς
784 677 959 734 ἔγραψεν
979 678 1094 733 ἔχων,
1130 683 1256 721 τελεῖν
1277 681 1344 722 καὶ
1364 675 1491 730 αὖθις
1511 682 1566 730 εἷς
1589 698 1672 723 πα-

207 742 403 801 τριάρχην
426 745 574 788 ἐκεῖνον
588 778 601 798 ,
635 748 669 788 εἷ
701 746 748 788 δέ
761 746 800 802 γ’
837 748 1086 803 ἐξελεγχθείη
1114 747 1297 800 ε’μπεσών
1323 750 1378 798 εἷς
1405 746 1578 806 σφάλμα
1599 751 1673 792 δο-

207 811 374 869 γμάτων
385 846 397 865 ,
429 813 555 856 αὐτὸν
576 815 650 866 μὲν
671 816 799 869 ζητεῖν
819 816 861 857 ἒν
881 817 1077 874 μετανοίᾳ
1097 814 1338 872 συγγνώμην
1359 818 1430 859 καί
1444 833 1486 873 γε
1507 814 1674 872 λαμβά-

209 899 314 934 νειν,
359 881 510 932 αὐτοὺς
539 883 584 924 δ’
619 882 798 939 ἀφέντας
829 884 977 927 ἐκεῖνον
1005 886 1169 934 δικαίως
1190 885 1275 943 (καὶ
1304 886 1364 936 τίς
1382 885 1460 941 γὰρ
1483 886 1672 929 ἐντεῦθεν
1683 895 1728 930 10

208 948 491 1007 παραιτήσεως
522 951 691 1008 χρεία,·)
738 954 866 1007 ζητεῖν
897 953 969 995 τὸν
994 952 1118 1003 ἄξιον.
1202 954 1365 1005 ἐδέξατο
1393 954 1464 997 τὸν
1497 951 1617 1009 λόγον
1649 952 1671 998 ὅ

209 1018 423 1073 βασιλεύς,
460 1021 532 1061 καί
549 1037 590 1075 γε
611 1020 779 1074 πέμψας
801 1019 1033 1077 παρεδήλου
1063 1026 1121 1080 τῷ
1146 1025 1186 1064 Γ
1183 1024 1360 1080 ρηγορίῳ
1382 1022 1436 1065 τὰ
1457 1023 1569 1079 παρὰ
1589 1026 1672 1066 τῶν

212 1086 522 1131 ἀντιδικούντων
542 1086 748 1143 λεγόμενα.
820 1088 841 1132 ὃ
867 1091 911 1132 δὲ
936 1088 1134 1140 καθάπαξ
1153 1091 1281 1133 δεινὸν
1309 1088 1533 1146 ἡγούμενος
1553 1093 1588 1133 εἲ
1606 1092 1674 1134 καὶ

158 1162 192 1197 D
216 1156 340 1206 αὐτὸς
367 1154 387 1199 ὅ
421 1158 554 1199 δοκῶν
583 1155 684 1212 ὑπὲρ
706 1157 854 1208 ἄλλους
874 1159 938 1200 ἐπὶ
959 1163 1010 1215 τῇ
1029 1161 1269 1219 παραβασία
1291 1157 1496 1202 ἁλίσκοιτο
1517 1157 1674 1215 δόγμα-

207 1242 304 1277 τος,
355 1224 511 1279 ἐδέχετο
540 1225 613 1280 τὴν
650 1226 816 1276 ἀξίωσιν
844 1229 910 1269 καὶ
946 1227 1106 1281 ἕτοιμος
1142 1223 1191 1282 ἦν
1223 1228 1410 1270 ἀπαντᾶν
1437 1230 1494 1278 εἷς
1525 1229 1727 1283 κρι’σιν.15

209 1292 309 1336 ὅθεν
329 1295 396 1336 καὶ
418 1292 567 1350 ὥριστο
594 1295 668 1348 μὲν
696 1293 722 1349 ἦ
754 1293 909 1351 ἡμέρα,
960 1295 1109 1351 ὥριστο
1142 1295 1184 1338 ‹5’
1219 1294 1410 1346 ὄτόπος·
1447 1294 1532 1339 ὅδ’
1554 1292 1605 1352 ἦν
1623 1296 1673 1339 τὸ

208 1362 312 1418 μέγα
332 1366 406 1404 τοῦ
424 1361 624 1415 βασιλέως
653 1361 865 1407 παλάτιον.
936 1363 1152 1406 ἐτάττοντο
1182 1364 1220 1407 οἳ
1243 1366 1399 1421 κριταί,
1438 1364 1478 1407 οἶ
1497 1382 1676 1421 κατηγο-

210 1429 403 1487 ρήσοντες
430 1429 723 1486 ἡτοιμάζοντο·
769 1433 807 1474 οἳ
840 1432 884 1475 δ’
918 1428 1025 1488 ἦσαν
1053 1433 1092 1475 οἱ
1111 1434 1347 1487 σχισθέντες
1371 1434 1545 1486 ἐκείνου,
1583 1432 1676 1476 ὅσοι

210 1516 254 1541 τε.
281 1503 364 1542 τῶν
397 1498 613 1556 ἀρχιερέων
642 1502 709 1542 καὶ
742 1499 832 1544 ὅσοι
861 1506 943 1544 τῶν
967 1506 1182 1559 κληρικῶν.
1253 1501 1306 1544 τὰ
1329 1499 1457 1544 πάντ’
1481 1501 1671 1559 εὐτρεπῆ,

208 1606 370 1642 videlicet
399 1611 435 1642 et
469 1609 642 1653 Augusto,
670 1610 897 1644 testimonium
929 1610 1017 1645 omni
1053 1610 1265 1645 auctoritatis
1297 1610 1462 1644 firmitate
1493 1608 1537 1644 ad
1570 1609 1673 1644 fidem

209 1653 343 1698 plenam
375 1654 555 1697 munitum,
587 1667 653 1700 quo
682 1655 731 1688 illi
763 1657 1005 1701 profiterentur
1041 1657 1141 1701 plane
1173 1669 1210 1691 se
1243 1657 1445 1701 comperisse
1467 1655 1674 1701 Gregorium

210 1699 437 1744 patriarcham
469 1701 558 1734 haud
592 1712 746 1746 umquam
771 1702 806 1736 in
830 1703 987 1746 dogmate
1019 1703 1204 1736 orthodoxo
1227 1702 1417 1743 titubasse,
1452 1701 1552 1736 huius
1574 1701 1675 1736 testi-

211 1745 311 1779 monii
342 1745 524 1791 diplomate
557 1751 698 1792 accepto
732 1759 769 1782 se
802 1748 944 1783 vicissim
978 1747 1134 1782 daturum
1167 1748 1328 1793 pollicens
1359 1749 1425 1782 rite
1448 1746 1675 1793 conscriptam

211 1790 325 1825 throni
348 1792 543 1827 cessionem.
588 1792 624 1827 id
654 1794 738 1827 istos
769 1793 961 1837 labyrintho
992 1794 1130 1828 inclusit
1155 1793 1398 1827 inextricabilis
1420 1792 1674 1839 perplexitatis,

211 1848 326 1871 secum
348 1837 467 1884 utique
489 1843 707 1883 reputantes,
742 1846 920 1884 postquam
943 1851 1017 1873 eum
1041 1840 1113 1874 sine
1136 1839 1344 1873 dubitatione
1367 1839 1589 1873 orthodoxum
1612 1838 1676 1872 de-

212 1883 418 1926 clarassent,
442 1884 685 1930 flagitationem
710 1885 932 1919 abdicationis
954 1886 1065 1920 throni
1089 1886 1278 1931 pudendam
1300 1885 1384 1931 ipsis
1408 1888 1444 1918 et
1465 1884 1675 1930 tyrannicam

212 1929 459 1974 apparituram.
505 1942 612 1976 quare
641 1932 739 1966 aliam
769 1931 1010 1976 expeditiorem
1044 1931 1132 1965 viam
1164 1930 1233 1965 rati
1266 1925 1472 1977 sequendam
1507 1930 1676 1964 antistites

212 1974 446 2018 imperatorem
477 1978 622 2011 orabant
653 1981 692 2011 ut
721 1977 879 2011 iudicium
911 1977 975 2011 rite
1008 1977 1136 2012 institui
1159 1977 1202 2011 de
1226 1988 1330 2011 causa
1352 1977 1489 2023 fideque
1511 1975 1678 2021 Gregorii

213 2021 352 2063 sineret,
375 2023 599 2066 permittendo
622 2035 696 2058 eum
723 2023 838 2058 liberis
854 2023 974 2067 synodi
989 2023 1182 2067 suffragiis3
1206 2023 1327 2067 quibus
1343 2023 1370 2058 si
1387 2024 1623 2057 absolveretur
1639 2024 1676 2056 et

213 2072 292 2110 post
315 2074 508 2102 accuratam
531 2069 797 2114 explorationem
819 2070 945 2114 scripta
969 2069 1040 2104 eius
1065 2071 1107 2103 ab
1142 2069 1230 2103 omni
1260 2081 1388 2114 pravae
1419 2068 1594 2103 doctrinae
1616 2078 1677 2103 su-

211 2112 362 2156 spicione
386 2113 494 2148 aliena
516 2115 757 2160 reperirentur,
780 2115 1037 2149 confirmaretur
1059 2127 1141 2150 sane
1162 2116 1197 2149 in
1220 2115 1359 2161 antiqua
1381 2115 1593 2161 possessione
1614 2125 1679 2158 pa-

213 2157 406 2192 triarchalis
437 2160 632 2204 dignitatis,
664 2166 700 2196 et
730 2162 849 2196 throno
880 2161 1047 2201 insidere,
1081 2166 1120 2195 ut
1142 2161 1258 2207 prius,
1290 2166 1467 2206 pergeret:
1501 2160 1554 2195 sin
1585 2159 1677 2193 clare

214 2204 471 2238 convinceretur
504 2206 663 2241 incidisse
685 2208 719 2241 in
743 2219 892 2241 errorem
916 2207 1009 2242 circa
1032 2208 1211 2252 dogmata,
1243 2212 1316 2241 tum
1345 2208 1420 2252 ipse
1440 2207 1477 2240 in
1500 2205 1678 2252 poeniten-

214 2248 297 2283 tium
320 2250 471 2284 ordinem
494 2252 653 2286 redactus
675 2254 806 2288 veniam
829 2258 987 2298 posceret
1009 2258 1044 2288 et
1067 2254 1281 2298 impetratam
1304 2253 1498 2297 acciperet,
1521 2250 1588 2296 ipsi
1611 2260 1679 2284 au-

215 2298 284 2328 tem
307 2295 373 2330 iam
397 2299 466 2329 tum
491 2297 564 2330 eius
586 2299 779 2334 obedientia
806 2300 875 2333 rite
909 2299 1010 2333 soluti
1042 2301 1137 2343 (nam
1168 2311 1256 2344 quae
1287 2298 1422 2333 tandem
1453 2297 1488 2330 in
1522 2308 1563 2330 eo
1594 2306 1677 2329 casu

215 2341 401 2376 necessitas
435 2343 657 2377 abdicationis
688 2345 832 2388 soret2)
864 2350 1070 2390 quaererent
1101 2345 1180 2379 alibi
1215 2345 1350 2387 dignum
1373 2343 1430 2387 qui
1452 2343 1570 2376 throno
1595 2341 1678 2375 sub-

215 2391 406 2430 rogaretur.
454 2388 589 2422 admisit
610 2390 870 2434 propositionem
893 2391 1088 2435 imperator,
1115 2394 1150 2424 et
1173 2390 1284 2423 missis
1308 2389 1351 2423 ad
1374 2387 1578 2432 Gregorium
1601 2398 1678 2421 cer-

217 2431 264 2466 tis
296 2433 482 2467 hominibus
513 2434 545 2468 ei
575 2435 780 2479 significavit
804 2436 884 2480 quid
912 2437 982 2470 eius
1006 2435 1191 2470 adversarii
1215 2437 1403 2480 poscerent.
1449 2434 1513 2467 hoc
1533 2433 1592 2467 ille
1615 2444 1678 2466 co-

216 2478 332 2522 guito,
362 2480 626 2524 qualemcunque
658 2480 882 2525 arripiendam
913 2482 1121 2516 occasionem
1152 2483 1273 2525 putans
1305 2479 1521 2524 turpissimae
1542 2479 1678 2512 inustae

217 2535 280 2558 suo
303 2524 395 2569 prius
419 2526 489 2559 late
512 2525 636 2569 inclyto
661 2527 782 2560 nomini
805 2527 889 2560 labis
911 2528 1013 2560 semel
1036 2527 1216 2567 eluendae,
1245 2530 1399 2571 prompte
1428 2523 1564 2559 admisit
1586 2524 1678 2569 quod

217 2569 447 2612 offerebatur,
481 2572 796 2617 paratissimumque
830 2583 867 2605 se
901 2573 1052 2606 exhibuit
1081 2572 1269 2606 vadimonio
1292 2571 1454 2605 sistendo.
1502 2570 1574 2604 dies
1596 2569 1679 2603 inde

219 2615 312 2650 dicta
335 2616 461 2650 iudicio
485 2622 557 2661 est,
585 2617 846 2662 designatosque
869 2618 962 2651 locus
984 2629 1138 2662 magnum
1162 2617 1324 2661 palatium
1345 2615 1572 2662 imperatoris.
1616 2627 1680 2649 no-

219 2661 390 2696 minantur
412 2662 558 2705 iudices‚
582 2669 798 2697 accusatores
819 2666 1066 2708 comparantur.
1112 2669 1210 2697 erant
1232 2663 1266 2696 hi
1289 2667 1456 2708 quotquot
1479 2673 1522 2695 ex
1545 2661 1680 2707 episco-

220 2707 274 2752 pis
297 2713 333 2742 et
356 2707 489 2742 clericis
511 2719 549 2743 se
571 2709 680 2754 palam
704 2721 725 2744 a
749 2709 918 2754 Gregorio
942 2709 1169 2743 absciderant.
1215 2712 1336 2754 parata
1359 2711 1479 2742 cuncta
1504 2710 1621 2748 erant,
1642 2706 1679 2740 in

220 2753 399 2806 procinctu
421 2755 571 2799 proximo
595 2759 789 2790 conventus.
837 2755 936 2789 adest
958 2758 1087 2790 statuta
1110 2755 1194 2798 dies,
1222 2766 1290 2800 qua
1313 2753 1541 2799 congregandi
1563 2763 1679 2787 onmes

220 2808 256 2832 ιιι
278 2799 351 2835 loco
375 2801 654 2846 expectabantur.
702 2801 878 2836 universos
908 2801 1096 2847 praevertit
1126 2800 1321 2847 patriarcha
1354 2811 1428 2835 cum
1461 2799 1550 2842 suis,
1582 2809 1680 2834 mane
