1774 3120
231 222 298 268 20
654 219 893 265 GEORGII
933 217 1286 263 PACHYMERIS

227 332 584 393 προστεταγμένον
601 332 709 391 μηδ’
741 331 940 389 εῗσιτητὸν
971 330 1073 376 εἶναι
1090 333 1146 383 εἷς
1161 331 1376 390 ἐκκλησίαν
1394 330 1557 385 ἐκείνοις
1573 336 1695 387 θεοῦ,

225 403 306 457 ἔξω
339 422 419 448 που
454 402 626 453 στάντες
656 405 723 445 καὶ
754 402 807 446 τὰ
838 406 913 457 τῆς
942 401 1063 457 εὐχῆς
1098 402 1377 453 ἐκτελέσαντες
1403 402 1480 462 (τό
1511 402 1591 460 γὰρ
1619 406 1696 458 τῆς

227 472 373 530 ἑορτῆς
397 474 615 530 περιφανὲς
645 473 712 514 καὶ
739 471 1008 527 παραβαίνειν
1036 470 1090 513 τὰ
1122 471 1262 529 σφίσιν
1294 472 1497 515 δοκοῦντα
1527 470 1695 515 ἔπειθον

105 544 135 583 Ρ
161 550 206 584 10
229 543 327 592 τοὺς
348 545 422 584 τοῦ
439 539 612 598 κλήρου)
635 540 750 590 τέλος
769 541 834 582 ἐπὶ
854 545 936 583 τῶν
957 542 1095 583 οἰκιῶν
1113 539 1392 590 καθεσθέντες
1417 537 1695 596 ἐκαραδόκουν

225 614 273 654 τὸ
308 610 482 664 μέλλον,
532 611 599 652 καὶ
627 611 670 652 τί
694 611 760 651 δεῖ
784 615 889 652 νοεῖν
920 615 1007 659 ’τοῖς
1033 606 1329 665 παραγεγονόσι
1355 607 1403 652 τὸ
1431 605 1729 664 πρόσταγμα.5

224 680 455 736 ἐπέφωσκεν
485 676 510 732 ᾖ
538 677 695 734 ἡμέρα,
742 679 808 719 καὶ
839 678 878 720 οἱ
912 679 987 732 μὲν
1006 678 1296 734 ἐπιβατηρίους
1316 676 1438 733 εὗχὰς
1463 677 1694 732 ἐσχεδίαζον

225 747 281 798 ὥς
308 747 371 790 ἐπὶ
398 751 448 803 τῇ
483 744 638 804 μεγάλῃ
672 746 865 806 ἐκκλησίᾳ
898 746 1180 802 καθαίρεσθαι
1208 748 1537 801 προσδοκῶντες,
1583 745 1622 788 οἱ
1646 744 1694 787 δὲ

224 815 386 859 ἒτέλουν
416 814 644 871 ἁγιασμοῦς
671 815 770 864 τοὺς
798 814 857 856 δι’
889 813 1068 867 ὕδατος,
1104 816 1172 857 καὶ
1194 813 1389 870 πρόστωα
1409 815 1477 857 καὶ
1499 809 1693 865 ἔξῶστωα

225 881 498 938 ἀναστήματα
521 901 563 926 τε
582 885 649 926 καὶ
673 884 827 935 κίονες,
865 883 971 926 ἀλλὰ
999 883 1065 925 καὶ
1089 884 1218 937 τίμιαι
1240 881 1386 933 εἰκόνες
1405 887 1480 926 τοῦ
1497 883 1691 940 μεγίστου

173 958 204 994 Β
229 953 304 996 νεώ
326 953 394 995 διὰ
414 957 486 1006 τῆς
503 957 575 995 τοῦ
598 951 751 1001 ὕδατος
780 952 1091 1007 ἐπιρραντίσεως
1121 949 1348 1006 ἦγιάζοντο.
1395 950 1583 1006 διήρχετο
1603 951 1691 994 τοί-
1702 959 1746 994 1⁰

223 1040 296 1065 νυν
318 1025 462 1079 τυφλῷ
492 1023 585 1063 ποδὶ
617 1020 1006 1077 χειροκρατούμενος
1032 1018 1052 1062 ὅ
1071 1023 1110 1063 Γ
1109 1023 1311 1064 αλακτίων
1333 1021 1399 1063 καὶ
1419 1017 1689 1076 ἔπερράντιζε,

224 1093 291 1133 καὶ
319 1088 389 1142 τό,
437 1087 492 1138 ὦς
520 1091 682 1139 ἐκείνοις
715 1088 842 1131 ἐδόκει
855 1123 867 1142 ,
914 1086 1046 1143 μύσος
1070 1093 1152 1132 τῶν
1172 1090 1406 1144 σεβασμίων
1422 1086 1588 1131 εἰκόνων
1611 1086 1689 1130 ὑπ’

224 1159 365 1208 αὐτοῖς
395 1158 700 1214 ἀπεκαθαίρετο
729 1155 975 1212 ἁγιάζουσιν.
1054 1155 1219 1211 ἐζήτουν
1259 1158 1304 1200 δὲ
1346 1159 1413 1199 καὶ
1449 1158 1487 1200 οἳ
1518 1155 1693 1213 ὁρῶντες

219 1228 601 1280 ἀπολυμαίνεσθαι,
672 1227 742 1280 (6)
772 1227 839 1268 καὶ
858 1227 909 1283 δὴ
929 1226 1034 1268 ἄλλα
1055 1227 1129 1280 μὲν
1148 1230 1303 1275 λαϊκοῖς
1321 1226 1429 1268 ἄλλα
1452 1227 1498 1268 δὲ
1518 1226 1694 1282 ἱερωμέ-

169 1306 199 1342 A
226 1313 311 1346 νοις
340 1293 617 1350 ἐσχεδιάζοντο
649 1296 840 1349 ἐπιτίμια.
912 1297 979 1337 καὶ
1007 1294 1059 1336 τὰ
1086 1295 1160 1350 μὲν
1190 1299 1272 1338 τῶν
1302 1298 1455 1338 λαΐκῶν
1488 1294 1613 1349 μέλον
1636 1289 1687 1349 ἦν
1701 1300 1744 1337 15

220 1365 425 1408 ἐκτιθέναι
446 1371 532 1414 τοῖς
550 1370 746 1418 μοναχοῒς
760 1396 772 1415 ,
804 1365 872 1406 καὶ
892 1361 948 1414 ὦς
976 1363 1115 1420 σφίσιν
1141 1361 1269 1406 ἐδόκει
1282 1396 1295 1416 ,
1330 1366 1494 1406 πολλῶν
1515 1364 1583 1406 καὶ
1603 1361 1691 1406 ὀλί-

219 1450 302 1490 γων
333 1432 481 1486 ἐτίμων
511 1440 597 1482 τοῖς
625 1437 888 1488 προσιοῧσιν,
927 1432 961 1475 εἶ
980 1432 1054 1486 μὲν
1078 1433 1141 1475 ἐπὶ
1170 1429 1277 1489 μόνῃ
1294 1432 1524 1492 ψαλμῳδία
1543 1433 1609 1474 καὶ
1631 1431 1690 1474 ἶε-

221 1507 297 1556 ροῦ
319 1500 553 1555 κλάσματος
574 1499 802 1556 μεταλήψει
836 1500 890 1543 τὰ
916 1505 988 1556 τῆς
1017 1502 1226 1551 κοινωνίας
1245 1499 1351 1555 εἶχον
1363 1533 1376 1553 ,
1411 1501 1616 1556 μετρίοις,
1654 1501 1689 1544 εἰ

219 1571 267 1613 δὲ
286 1572 352 1613 καὶ
374 1571 439 1612 ἐπὶ
465 1575 547 1613 τῶν
568 1571 693 1613 θείων
723 1567 869 1627 δώρων
897 1574 1073 1627 μετοχῇ,
1103 1570 1364 1626 ἐπιτιμῶντες
1387 1576 1473 1619 τοῖς
1491 1570 1682 1626 μείζοσιν.

309 1702 344 1737 3.
371 1697 523 1737 insciis?

213 1817 331 1853 fuerat
358 1815 496 1850 editum.
543 1817 583 1850 nt
612 1818 725 1850 autem
759 1815 834 1850 eius
864 1815 1024 1852 novitatis
1045 1814 1237 1862 percontati
1259 1825 1395 1851 cansam
1416 1815 1599 1853 audierunt
1620 1828 1684 1852 ve-

213 1862 315 1898 titum
339 1874 416 1896 esse
439 1862 523 1906 ipsis
544 1861 732 1906 ingressum
755 1861 789 1895 in
811 1862 987 1896 ecclesiam
1010 1861 1094 1904 deis
1107 1867 1205 1896 extra
1227 1866 1373 1904 stantes,
1397 1866 1434 1897 et
1454 1863 1579 1897 ibidem
1602 1874 1684 1909 per-

213 1910 326 1945 soluto
347 1917 484 1954 precum
507 1908 812 1942 ecclesiasticarum
836 1919 941 1953 penso
976 1910 1066 1952 (eam
1093 1909 1180 1943 enim
1199 1908 1282 1943 festi
1302 1908 1500 1954 praecipui,
1534 1910 1626 1954 quod
1646 1909 1683 1944 in

212 1967 288 1990 eam
312 1954 399 1988 diem
422 1953 606 1996 inciderat,
637 1954 827 1998 religionem
857 1965 934 1988 esse
963 1958 1177 1996 statuerunt,
1206 1959 1246 1989 ut
1267 1958 1387 1989 contra
1407 1955 1607 2000 quorumvis
1628 1955 1683 1990 in-

212 2001 395 2036 terdictum
427 2011 526 2034 sacra
560 2000 626 2034 rite
660 2000 754 2034 obire
777 1999 895 2034 officia
919 1999 1103 2045 deberent)
1137 2001 1269 2035 domum
1288 2000 1430 2046 quisque
1452 2005 1681 2043 recesserunt,

213 2046 334 2091 ibique
357 2046 570 2091 quiescentes
592 2046 819 2091 expectabant
841 2045 922 2091 quid
945 2047 1094 2080 futurum
1117 2053 1233 2088 esset,
1255 2058 1322 2081 non
1343 2047 1418 2081 sine
1439 2047 1541 2081 anxia
1566 2046 1681 2093 inqui-

212 2092 336 2127 sitione
359 2103 483 2127 causae
505 2104 595 2137 quae
615 2092 782 2126 movisset
802 2091 974 2125 interdicti
995 2092 1250 2127 denuntiatores
1270 2093 1314 2128 ad
1335 2093 1386 2128 sic
1407 2093 1584 2137 agendum.
1629 2092 1682 2128 ini
1735 2095 1752 2108 ”

211 2149 295 2172 vero
328 2143 449 2172 exortu
483 2144 644 2182 posterae
674 2138 764 2181 diei,
804 2137 1017 2183 precationes
1047 2138 1083 2172 in
1113 2139 1219 2184 primo
1248 2138 1344 2173 aditu
1376 2141 1521 2174 nondum
1550 2138 1680 2174 sacrat-i

211 2183 332 2228 templi
353 2183 420 2216 ritu
444 2184 675 2218 ecclesiastico
698 2183 910 2229 pronuntiari
930 2184 1048 2218 solitas
1078 2185 1324 2230 expediebant,
1356 2188 1396 2220 ut
1416 2184 1469 2220 sic
1491 2184 1679 2231 progrede-

211 2235 331 2264 rentur
360 2228 404 2263 ad
436 2229 663 2274 expiationem
694 2230 760 2264 loci
791 2241 891 2275 quem
924 2230 1140 2275 profanatum
1181 2231 1284 2265 rebus
1314 2230 1351 2265 in
1382 2243 1424 2266 eo
1451 2241 1567 2275 nuper·
1590 2229 1680 2264 actis

211 2274 325 2309 videri
347 2274 517 2309 volebant.
547 2286 624 2308 mox
646 2287 710 2321 per
732 2275 893 2321 quosdam
915 2275 1063 2320 ipsorum
1079 2276 1232 2321 porticus
1254 2276 1442 2311 exteriores
1463 2288 1506 2311 ac
1528 2275 1681 2322 peristy-

209 2321 259 2355 lia
284 2320 442 2354 vestibuli
465 2326 716 2365 suggestusque
735 2322 771 2355 in
792 2321 834 2355 iis
856 2321 1031 2365 sigillatim
1053 2326 1089 2356 et
1116 2322 1288 2356 columnae
1307 2321 1471 2367 signaque
1493 2333 1536 2357 ac
1557 2332 1679 2357 sacrae

210 2366 378 2410 imagines
408 2377 518 2412 aquae
552 2366 703 2400 lustralis
732 2367 927 2412 aspersione
956 2368 1190 2412 purgabantur
1214 2367 1315 2412 quasi
1335 2379 1358 2401 a
1380 2367 1564 2412 pollutione
1583 2367 1679 2412 prius

210 2416 398 2446 contracta.
453 2411 607 2446 minister
649 2412 832 2457 piacularis
875 2414 1083 2448 ceremoniae
1124 2412 1332 2458 procedebat
1365 2424 1466 2448 manu
1498 2414 1676 2458 deductus,

209 2458 340 2504 quippe
362 2457 471 2491 oculis
492 2468 612 2492 carens
632 2457 755 2502 quibus
780 2469 919 2501 gressus
942 2462 1096 2502 regeret.
1120 2458 1304 2500 Galactio;
1334 2470 1355 2492 a
1376 2470 1464 2504 quo,
1489 2460 1547 2494 ubi
1568 2459 1678 2495 saeris

211 2503 412 2549 praesertim
434 2504 587 2538 iconibus
610 2504 717 2538 multa
738 2503 906 2537 infusione
927 2503 1077 2537 lustralis
1106 2504 1217 2538 undae
1250 2504 1433 2547 maculam,
1454 2509 1495 2540 ut
1516 2506 1675 2551 putabat,

212 2554 421 2584 contractam
443 2549 625 2583 studiosius
647 2549 806 2588 eluisset,
838 2553 1031 2594 spectantes
1054 2548 1155 2583 etiam
1177 2549 1383 2595 poscebant,
1420 2554 1458 2585 ut
1479 2563 1519 2586 se
1539 2563 1676 2597 quoque

209 2594 305 2640 ipsos
325 2595 415 2637 labe,
437 2595 467 2628 si
493 2607 592 2640 quam
615 2599 849 2640 susceperant,
871 2594 1060 2629 mundaret.
1117 2595 1176 2638 (6)
1197 2595 1363 2640 supplicia
1378 2595 1457 2630 hinc
1474 2597 1542 2631 alia
1566 2597 1675 2640 laicis,

210 2641 277 2675 deo
300 2641 422 2675 dicatis
444 2640 511 2676 alia
535 2641 722 2675 hominibus
743 2641 866 2685 raptim
889 2640 1137 2674 indicebantur.
1181 2652 1223 2674 ac
1256 2640 1292 2674 in
1321 2640 1428 2676 laicos
1457 2642 1594 2688 quidem
1615 2653 1675 2677 ar-

209 2686 349 2721 bitrium
371 2686 445 2721 eius
468 2687 603 2732 generis
625 2686 796 2721 monachis
822 2687 1041 2731 permissum,
1063 2685 1123 2731 qui
1145 2689 1248 2730 prout
1268 2686 1351 2732 ipsis
1372 2687 1530 2730 libuerat,
1553 2700 1674 2734 magno

209 2738 272 2768 aut
302 2732 433 2768 modico
462 2733 628 2767 taxabant
659 2732 822 2766 adeuntes
843 2731 1124 2766 reconciliationis
1145 2732 1268 2776 gratia.
1312 2744 1434 2778 nempe
1455 2737 1496 2768 ut
1515 2734 1675 2770 admitto-

208 2783 331 2812 rentur
353 2782 390 2813 at
410 2779 628 2824 psalmodiam
651 2784 688 2813 et
708 2778 807 2823 panis
830 2777 999 2811 benedicti
1020 2776 1327 2822 participationem,
1341 2779 1509 2814 mediocre
1527 2781 1673 2827 pretium

207 2823 427 2869 exigebatur:
463 2824 514 2859 sin
536 2825 678 2871 supplex
701 2835 810 2869 usque
836 2823 880 2858 ad
903 2834 1022 2858 sacrae
1044 2823 1296 2869 perceptionem
1318 2825 1545 2862 eucharistiae
1567 2826 1674 2861 mtt-

206 2870 258 2905 tui
288 2874 450 2917 cuperet,
479 2870 601 2908 maiori
628 2870 790 2908 videlicet
819 2869 857 2907 id
878 2872 956 2907 erat
976 2869 1155 2907 collatione
1175 2870 1444 2917 promerendum.
1491 2871 1672 2920 episcopos
