1820 3112
375 148 451 190 DE
486 147 819 192 ANDRONICO
855 147 1232 192 PALAEOLOGO
1266 149 1314 192 L.
1348 148 1383 192 Ι.
1543 149 1608 194 53

143 258 472 318 προσαπτόμενοι
505 258 757 316 ῗταμώτερον
791 257 987 315 διέσχιζόν
1009 278 1052 304 τε
1068 257 1259 316 μανδῦας
1281 260 1418 305 αὐτῶν
1435 262 1503 304 καὶ
1525 263 1610 305 διε-

142 333 316 374 τίθεσαν
336 329 391 373 τὰ
420 330 531 372 δεινὰ
566 327 622 379 ὥς
643 329 818 380 ἀναξίως
838 331 968 384 δῆθεν
988 328 1242 386 φορούντων.
1310 328 1468 374 τούτων
1498 329 1610 375 οὕτω

143 398 396 453 τελουμένων
423 402 497 452 τῆς
526 396 758 451 ἑβδομάδος
783 397 958 452 ἐκείνης,
995 400 1062 440 καὶ
1086 397 1261 452 μηδενὸς
1279 398 1462 455 ἐκφυγεῖν
1481 401 1609 442 δυνα-

142 467 267 520 μένου
295 467 372 516 τὰς
401 465 529 522 ἄρκυς
554 471 628 520 τῆς
662 467 883 521 τιμωρίας,
921 464 943 508 ὅ
967 466 1043 519 μέν
1069 464 1324 522 πατριάρχης
1345 469 1609 523 δυσαρεστῶν

109 530 219 589 ᾶῆν,
257 534 314 584 ὥς
345 532 495 586 ἐδόκει,
539 536 607 576 καὶ
646 533 694 576 τὸ
733 537 923 576 πλεῖστον
946 534 1252 590 ,πραττομένων
1291 533 1606 591 διαπεφωνῆκει,

142 602 254 656 ὅμως
273 603 316 646 δ’
343 603 474 646 εἵπετο
493 604 561 644 καὶ
588 609 675 651 τοῖς
694 599 838 653 δόξασι
858 603 1113 646 κατετίθετο.
1162 600 1300 659 κρύφα
1319 604 1365 646 δὲ
1390 605 1458 646 καὶ
1478 621 1608 659 πονη-

142 671 216 726 ρὸν
246 672 457 725 συνέδριον
478 670 553 724 τὴν
573 670 731 713 ἐκείνων
752 669 928 714 σύνοδον
957 674 1091 713 καλεῖν
1115 669 1192 713 οὐκ
1213 668 1402 715 ἀπώκνει.
1473 672 1605 724 τέλος,

141 740 223 782 ἐπεὶ
253 741 321 782 καὶ
347 739 446 789 τοὺς
471 738 530 793 μὴ
561 736 754 788 ἑκουσίως
783 739 1052 789 ἀπαντῶντας
1078 738 1305 792 πέμποντες
1330 741 1399 782 καὶ
1428 738 1607 790 ἄκοντας

139 805 222 850 ὖπό
239 812 465 862 βασιλικοῖς
484 805 702 862 ὑπηρέταις
721 807 865 863 ἔφερον
877 839 891 860 ,
929 809 1093 862 ζητοῦσι
1112 809 1178 850 καὶ
1201 808 1273 851 τὸν
1294 809 1473 860 Κυζίκου
1495 806 1603 852 Θεό·
1626 814 1656 850 C

87 878 290 931 ιοδωρον.
359 873 382 918 ὃ
414 876 459 918 δὲ
487 879 538 932 τῇ
570 880 644 918 τοῦ
673 873 928 931 Προδρόμου
956 880 1064 932 μονῇ
1095 873 1151 925 ὥς
1185 874 1262 930 εἶχε
1293 874 1608 933 παραδυόμενος

141 945 328 1000 ε’πειρᾶτο
355 942 584 1000 διαφεύγειν
615 943 690 997 τὴν
719 948 795 986 τοῦ
821 949 964 999 καιροῦ
994 945 1238 986 δυσκολίαν·
1283 944 1332 987 οὗ
1364 944 1443 1001 γὰρ
1462 946 1514 988 τὰ
1533 950 1608 999 τῆς

141 1012 421 1069 καθαιρέσεως
447 1013 608 1061 ἐκείνοις
634 1010 757 1055 τόσον
788 1007 839 1067 ἦν
869 1013 1034 1067 ἐπαχθῆ
1066 1011 1164 1055 ὅσον
1198 1011 1250 1055 τὰ
1277 1017 1351 1067 τῆς
1372 1013 1536 1067 ἀτιμίας
1555 1013 1608 1068 ἣν

139 1080 246 1135 παρ’
268 1080 533 1134 ὦνδηποτοῦν
549 1077 790 1136 ὗφίσταντο.
859 1082 926 1123 καὶ
944 1080 995 1134 δὴ
1016 1081 1220 1134 πέμπουσι
1241 1081 1339 1131 τοὺς
1358 1080 1606 1132 ἀπάξοντας.

141 1147 163 1191 ὃ
187 1147 234 1191 δ’
257 1148 452 1191 ἀντέτεινε
480 1150 548 1190 καὶ
579 1148 782 1201 ἀντέσπα,
820 1150 887 1191 καὶ
919 1147 974 1198 ὡς
992 1150 1116 1199 λεπὰς
1132 1149 1284 1205 πέτρας
1299 1153 1373 1204 τῆς
1394 1154 1526 1205 μονῆς
1547 1150 1605 1192 εἷ’-

86 1225 129 1262 15
135 1233 246 1270 χετο.
315 1216 423 1259 ἀλλὰ
455 1218 521 1266 καὶ
542 1215 692 1266 ἄλλους
720 1215 1037 1260 ἓπισυνάπτουσι
1052 1225 1136 1267 τοῖς
1163 1218 1378 1272 προτέροις
1394 1220 1462 1261 καὶ
1479 1213 1606 1267 αὖθις

140 1284 315 1336 ἄλλους,
343 1286 410 1327 καὶ
440 1283 741 1341 κατηνάγκαζον
770 1289 844 1339 τῆς
869 1289 1000 1338 μονῆς
1018 1284 1257 1328 ἀποστάντα
1283 1290 1342 1343 τῷ
1363 1286 1469 1329 κατὰ
1493 1290 1605 1342 σφᾶς

139 1353 353 1406 ἐπιστῆναι
383 1355 593 1411 συνεδρίῳ.
674 1352 728 1403 ὥς
755 1353 800 1395 δ’
839 1353 913 1396 οὐκ
943 1348 994 1407 ἦν
1024 1353 1129 1403 ὅλως
1156 1355 1380 1396 πείθεσθαι
1408 1356 1475 1397 καὶ
1504 1357 1601 1408 βίαν
1623 1362 1657 1397 Ι)

139 1421 281 1463 ε’κεῖνοι
319 1418 538 1477 προσάγειν
571 1419 826 1475 ἠβούλοντο,
868 1421 992 1470 αὐτὸς
1027 1421 1357 1477 προκαταλαβὼν
1385 1422 1606 1478 εἰσέρχεται

138 1488 193 1531 τὰ
223 1488 357 1532 ἄδυτα
384 1493 459 1532 τοῦ
486 1494 612 1543 ναοῦ,
658 1491 725 1532 καὶ
755 1486 810 1539 ὥς
843 1488 932 1548 ἱερᾷ
960 1488 1110 1551 ἀσυλίᾳ
1143 1493 1196 1548 τῇ
1221 1495 1398 1546 μυστικῇ
1426 1490 1604 1548 τραπέζῃ

230 1598 263 1632 1.
284 1599 356 1639 τε]
380 1595 482 1639 τοὶςῒ
617 1598 652 1631 6.
675 1597 885 1643 πονηρῶνί)

138 1687 262 1732 partim
290 1699 412 1733 magna
442 1699 528 1722 voce
561 1688 647 1722 diris
678 1688 923 1724 devoventibus
951 1690 1148 1732 damnatos,
1179 1690 1303 1735 partim
1335 1700 1453 1723 manus
1482 1699 1604 1723 saevas

137 1744 206 1767 non
227 1733 474 1767 abstinentibus
506 1745 527 1767 a
558 1735 731 1779 pulsandis
760 1735 888 1770 miseris
913 1739 949 1768 et
979 1736 1090 1769 sacris
1108 1747 1223 1769 eornm
1246 1735 1399 1780 penulis,
1433 1745 1519 1780 quas
1549 1735 1605 1768 in-

137 1778 242 1822 digne
271 1779 402 1823 gestari
431 1779 476 1813 ab
505 1778 550 1812 iis
582 1781 856 1825 exprobrabant,
890 1782 1130 1815 contumeliose
1159 1779 1404 1825 discerpendis.
1449 1780 1527 1812 dum
1561 1791 1604 1813 ea

138 1835 202 1869 per
222 1824 312 1858 illam
335 1824 575 1859 hebdomadam
597 1825 648 1859 ita
670 1833 883 1870 gererentur,
906 1826 1038 1860 nemine
1058 1827 1148 1861 retia
1169 1826 1319 1870 undique
1342 1831 1441 1859 tensa
1455 1824 1605 1858 crudeli-

137 1869 220 1904 tatis
242 1870 414 1904 vindictae
434 1870 595 1904 inhiantis
618 1870 771 1915 effugere
793 1872 940 1914 valente,
962 1872 1054 1906 haud
1076 1871 1232 1906 obscuris
1258 1871 1391 1905 indiciis
1412 1871 1605 1914 deprehen-

137 1915 282 1949 debatur
303 1915 416 1961 iniquo
441 1917 526 1950 haec
549 1916 656 1950 animo
682 1917 906 1961 patriarcham
929 1918 1033 1961 ferre.
1078 1922 1116 1951 at
1138 1918 1180 1957 is,
1203 1921 1385 1960 utcumque
1407 1915 1606 1959 ringebatur

137 1971 289 1995 moerore
311 1973 353 1995 ac
374 1961 602 2005 indignatione
624 1962 772 2004 intimis,
805 1974 948 1997 cernens
979 1974 1068 2007 quae
1090 1963 1233 2004 fierent,
1260 1962 1468 2006 sequebatur
1490 1966 1604 1994 tamen

136 2012 340 2050 praeeuntes
363 2006 552 2041 assentiens
575 2007 610 2040 in
633 2008 780 2052 speciem
803 2008 950 2053 ipsorum
972 2007 1119 2053 placitis,
1142 2012 1311 2041 caeterum
1335 2007 1420 2040 clam
1443 2005 1606 2040 damnans

137 2057 175 2085 et
197 2051 372 2085 detestans
393 2052 548 2086 immania
570 2052 719 2094 decreta,
741 2055 827 2088 adeo
849 2060 889 2087 ut
911 2053 1074 2099 privatim
1097 2053 1186 2097 apud
1210 2052 1298 2086 fidas
1319 2062 1423 2086 aures
1448 2062 1516 2085 non
1538 2052 1604 2085 du-

135 2096 265 2130 bitaret
294 2097 424 2130 illorum
455 2097 618 2141 synodum
646 2110 772 2132 vocare
803 2098 1057 2132 conciliabulum
1088 2099 1301 2132 sceleratum.
1346 2097 1494 2142 denique
1527 2108 1603 2131 cnm

137 2153 197 2176 eos
228 2142 286 2187 qni
316 2153 355 2175 se
376 2142 466 2175 ultro
490 2153 556 2175 non
578 2142 757 2183 sistermt,
779 2144 917 2177 trahere
939 2145 1070 2177 frustra
1092 2149 1321 2187 repugnantes
1342 2153 1405 2188 per
1426 2142 1603 2176 ministros

134 2187 370 2232 imperatorios
393 2187 595 2232 coepissent,
618 2189 760 2222 incessit
780 2201 840 2223 eos
862 2189 985 2234 cupido
1009 2188 1183 2222 Theodori
1205 2200 1340 2234 quoque
1358 2188 1519 2232 Cyziceni
1543 2199 1602 2221 co-

135 2243 210 2267 ram
231 2245 270 2267 se
291 2232 326 2266 in
348 2244 482 2267 reorum
504 2233 674 2267 subselliis
695 2234 840 2268 videndi.
886 2245 993 2280 qnare
1007 2234 1210 2268 satellitibus
1231 2239 1270 2268 ut
1293 2245 1368 2268 enm
1391 2233 1602 2267 abducerent

136 2279 348 2312 mandarunt.
395 2290 496 2324 porro
518 2278 575 2311 ille
598 2290 666 2312 non
689 2290 884 2324 comparere
906 2285 1043 2320 certus,
1063 2291 1164 2325 quam
1187 2284 1348 2325 potuerat
1370 2279 1539 2313 tutissime
1562 2290 1602 2312 se

136 2323 362 2358 absconderat
383 2324 418 2358 in
441 2324 619 2358 Prodromi
641 2325 866 2366 monasterio,
899 2325 1080 2369 procellam
1108 2326 1173 2359 sub
1204 2331 1296 2360 tecto
1319 2326 1398 2359 dnm
1420 2325 1601 2358 detonaret

135 2370 327 2414 opperiens.
374 2381 477 2403 causa
499 2369 577 2403 huic
608 2374 644 2404 et
675 2370 752 2403 aliis
782 2370 973 2404 declinandi
993 2370 1177 2405 vadimonii
1202 2382 1268 2405 non
1291 2376 1361 2405 tam
1384 2375 1461 2404 erat
1483 2368 1601 2403 iudicii

135 2414 318 2459 periculum
342 2418 378 2448 et
399 2415 624 2449 damnationis
648 2422 708 2449 aut.
730 2415 773 2449 de
795 2416 903 2459 gradu
926 2416 1125 2450 deiectionis
1146 2416 1339 2460 ignominia,
1366 2427 1466 2461 quam
1489 2422 1599 2448 metus

137 2461 410 2494 contumeliarum
431 2461 712 2503 intolerabilium,
732 2461 855 2506 quibus
876 2473 914 2495 se
936 2473 1047 2495 coram
1067 2461 1139 2495 illic
1161 2473 1183 2496 a
1203 2462 1371 2496 vilissimis
1391 2459 1600 2495 homunculis

136 2504 405 2539 dehonestandos
434 2505 531 2550 prius
564 2511 779 2551 expertorum
819 2507 1040 2540 acerbitatem
1074 2507 1166 2541 illam
1205 2507 1358 2550 exemplo
1397 2506 1597 2539 didicerant.

134 2549 240 2592 igitur
270 2550 366 2584 missi
394 2562 416 2584 a
443 2551 572 2594 synodo
603 2552 841 2596 corripuerunt
863 2556 1034 2597 repertum
1064 2552 1100 2586 in
1122 2553 1264 2586 latebris
1285 2552 1513 2586 Theodorum.
1560 2553 1599 2582 at

135 2595 192 2629 ille
214 2595 391 2630 obluctans
413 2597 608 2640 resistebat,
630 2603 670 2630 ut
691 2598 784 2642 lepas
807 2603 948 2642 petrae,
969 2598 1018 2632 sic
1041 2598 1242 2632 monasterio
1265 2598 1455 2631 inhaerens.
1499 2595 1597 2628 licto-

135 2650 194 2673 res
222 2641 388 2675 trahendo
417 2641 564 2686 impares
595 2642 697 2676 sociis
727 2643 890 2678 adhibitis
921 2643 988 2677 vim
1017 2643 1288 2688 ingeminabant3
1328 2654 1428 2688 quam
1459 2639 1598 2684 saepius

137 2691 305 2720 auxerunt
325 2686 401 2720 aliis
423 2691 527 2732 atque
550 2687 626 2722 aliis
648 2688 778 2722 accitis.
824 2700 965 2731 quorum
994 2688 1084 2723 inter
1112 2700 1239 2722 summa
1259 2699 1324 2732 ope
1346 2686 1537 2721 conantium
1560 2688 1599 2717 et

138 2729 183 2762 ad
214 2729 356 2765 invisum
384 2732 535 2766 tribunal
563 2734 770 2778 raptantium
798 2733 943 2768 infestas
974 2745 1092 2768 manus
1115 2734 1250 2778 elapsus
1272 2733 1337 2766 ille
1353 2730 1470 2776 templi
1492 2729 1599 2774 adyta

137 2774 253 2817 subiit,
273 2779 310 2810 et
330 2777 527 2821 inviolabili,
547 2783 588 2812 ut
607 2779 766 2824 putabat,
789 2789 910 2814 sacrae
930 2790 1068 2815 mensae
1087 2779 1183 2824 asylo
1204 2778 1334 2824 potitus
1352 2777 1431 2811 inde
1453 2785 1517 2822 per
1538 2785 1599 2810 ec-
