1858 3126
583 173 687 218 LIB.
722 172 756 220 1.
825 170 1188 217 GLOSSARIUM.
1510 168 1607 216 691

175 285 260 325 cior
287 289 328 325 et
370 283 491 336 magis
521 282 636 322 obvia
657 282 735 322 loci
760 282 843 322 eius
867 281 1084 335 expositio,
1115 279 1476 334 interpretationem
1497 279 1608 319 illam

172 355 297 382 meam
326 341 367 380 in
401 341 510 379 hunc
540 339 700 378 modum
729 338 900 377 refictam
928 338 995 376 hic
1020 337 1182 376 habeat:
1209 350 1283 389 pro
1312 335 1419 374 hisce
1446 337 1606 375 Graecis

171 397 425 450 Pachymeris
447 395 580 435 verbis
598 409 637 447 p.
654 398 732 438 211
754 408 793 433 v-
817 395 868 436 15
892 390 1061 445 ἒπισχῶν
1088 390 1181 441 τοιὶς
1215 395 1289 444 τῆς
1320 393 1461 444 λίμνης
1481 389 1606 445 καρά-

173 455 272 508 βους
301 453 439 493 συνδεῖ
468 452 661 503 σχοίνοις,
689 450 756 491 καὶ
774 447 871 499 ξύλα
904 449 1063 502 μέγιστα
1079 448 1196 495 ἐνιεὶς
1216 444 1284 489 ἐπ’
1304 447 1467 488 ἐκείνων
1492 464 1608 488 κατα-

174 505 400 557 σκευάζεται
414 503 605 560 μόσυνας,·
633 506 730 545 haec
749 505 789 544 in
802 505 933 543 Latina
954 505 1133 543 versione
1153 504 1464 543 substituantur:
1496 519 1607 542 arre-

170 572 285 617 ptas,
313 578 416 616 quae
448 565 490 601 in
518 570 662 614 stagno
686 569 859 613 repertae
874 567 992 611 sunt,
1022 561 1202 612 cymbas,
1218 559 1398 611 funibus
1417 561 1610 612 colligat5

175 628 212 658 et
239 621 365 671 lignis
393 633 509 670 super
537 632 604 656 eas·
630 619 843 656 constratis
873 618 1083 664 maximis,
1114 624 1241 653 turres
1268 618 1310 653 in
1337 630 1379 653 eo
1407 617 1608 667 tabulato,

174 683 212 714 et
236 675 446 713 machinas
469 676 676 713 construit.
731 679 848 724 atque
879 672 981 711 hanc
1009 672 1174 723 ingenue
1204 672 1348 721 fateor,
1387 685 1494 710 nunc
1513 673 1610 711 mihi

173 731 485 771 verisimiliorem
510 730 638 768 videri
660 729 912 777 sententiam3
944 742 993 767 ex
1019 741 1064 767 eo
1090 727 1315 780 praesertim
1333 729 1439 779 quod
1460 729 1612 780 Pachy-

173 801 299 827 meres
326 787 456 825 statim
483 786 599 824 addat
625 783 673 825 toi
693 781 732 825 δ’
751 783 847 824 ἄλλα
866 788 985 825 πλοῖα
1004 780 1227 836 πληρώσας.
1265 783 1340 821 ista
1369 785 1473 822 enim
1504 786 1611 822 alia-

174 857 267 881 rum
283 845 448 881 navium
466 841 612 880 mentio
631 841 722 879 satis
740 841 910 888 indicat,
940 846 1093 892 putasse
1112 840 1259 891 ipsum:
1288 835 1491 892 καράβους
1512 853 1612 892 quo-

176 912 271 950 que,
300 912 398 950 quos
426 898 543 950 paulo
567 903 656 935 ante
677 902 978 946 memoraverat,
1011 908 1061 934 ex
1080 896 1214 934 eodem
1234 896 1406 946 πλοίων,
1432 896 1518 936 sive
1536 910 1613 935 na-

175 955 372 1007 vigiorum
391 966 530 1005 genere
550 966 643 994 esse.

286 1007 472 1063 καρπός
499 1023 537 1061 p.
558 1009 637 1051 146
654 1021 691 1047 v.
709 1009 772 1050 18.
827 1020 908 1046 vox
937 1001 1087 1059 καρπός
1116 1005 1183 1044 hic
1207 1006 1248 1044 in
1274 1006 1437 1046 notione
1460 1008 1613 1059 qualem

178 1065 270 1105 alibi
287 1066 465 1117 nuspiam
481 1065 775 1103 observaverant
794 1063 973 1116 ponitur,
1004 1062 1091 1100 folii
1105 1062 1287 1114 paginam
1303 1063 1481 1102 indicans
1492 1093 1503 1111 ,
1533 1077 1615 1103 me-

176 1121 344 1176 taphora
374 1121 560 1160 nimirum
586 1119 794 1173 populari,
823 1119 932 1170 quali
951 1118 1070 1170 vulgo
1087 1118 1130 1155 in
1150 1119 1274 1156 Gallia
1298 1132 1438 1171 scapus
1455 1118 1614 1158 chartae

176 1178 314 1217 vocari
342 1177 442 1216 solet
471 1191 547 1214 une
575 1178 687 1215 main
712 1174 759 1213 de
782 1177 943 1227 papier.
999 1180 1058 1212 est
1081 1170 1236 1227 καρπός
1262 1174 1445 1213 iunctura
1463 1175 1616 1214 brachii

180 1247 270 1273 cum
297 1247 436 1282 manu,
466 1231 621 1285 ὄρθρον
649 1229 771 1284 χειρὸς
803 1230 871 1270 καὶ
902 1230 1130 1282 βραχίονος,
1161 1236 1203 1268 ut
1227 1230 1404 1280 loquitur
1420 1231 1615 1270 Aristote-

177 1290 237 1328 les
260 1292 281 1331 1
307 1289 354 1327 de
370 1297 468 1341 part.
483 1288 638 1327 animal.
695 1292 858 1338 apparet
883 1291 1013 1323 tamen
1039 1286 1169 1323 volam
1196 1285 1322 1337 ipsam
1350 1299 1419 1325 seu
1446 1288 1615 1339 palmam

181 1352 220 1383 et
245 1345 411 1383 mediam
442 1344 644 1396 planitiem
675 1355 868 1380 concavae
899 1354 1036 1379 manus
1060 1337 1215 1392 καρπόν
1240 1341 1355 1379 etiam
1377 1342 1467 1381 dici.
1522 1357 1614 1382 nam

178 1401 373 1440 Homerus
389 1399 498 1439 Iliad.
517 1412 540 1440 o·
557 1399 716 1437 choreas
745 1397 966 1436 describens
988 1397 1172 1435 iuvenum
1191 1410 1279 1435 cum
1294 1398 1511 1448 virginibus
1530 1413 1615 1437 ma-

179 1457 296 1495 nibus
310 1456 479 1495 invicem
497 1455 684 1494 consertis
701 1453 936 1500 saltantium,
964 1453 1036 1491 tali
1054 1453 1212 1492 videtur
1227 1453 1450 1505 significatu
1466 1452 1618 1509 καρπὸν
1640 1486 1644 1490 .

178 1525 390 1566 usurpare,
419 1512 512 1550 dum
534 1511 671 1549 scribit

393 1567 496 1608 ἔνθα
523 1565 594 1619 μὲν
621 1562 758 1614 η’ΐθεοι
784 1564 851 1606 καὶ
874 1564 1069 1619 παρθένοι
1095 1559 1345 1619 ἇλφεσίβοιαι

397 1619 601 1676 ὀρχεῦντ’,
631 1619 810 1674 ἀλλήλων
835 1620 900 1662 ἐπὶ
927 1624 1068 1677 καρπῷ
1093 1626 1223 1674 χεῖρας
1251 1622 1412 1674 ἔχοντες.

182 1680 218 1718 si
241 1679 344 1719 enim
367 1680 466 1718 alter
482 1680 524 1718 in
543 1678 703 1717 alterius
720 1680 846 1730 'carpo
865 1691 1023 1716 manum
1046 1676 1231 1727 habebat,
1260 1685 1307 1716 ut
1323 1680 1396 1725 ait,
1426 1689 1507 1715 non
1526 1678 1617 1716 uti-

183 1749 261 1787 que
283 1735 437 1774 brachii
457 1727 677 1774 iuncturam
699 1747 860 1786 carpum
883 1734 997 1782 dicit,
1025 1734 1093 1772 sed
1112 1734 1282 1786 palmam
1302 1740 1340 1771 et
1358 1733 1509 1782 volam,
1539 1746 1618 1783 qua

181 1791 306 1830 teneri
324 1798 362 1830 et
378 1791 517 1842 stringi
538 1791 638 1830 solet
655 1803 792 1828 manus
812 1803 853 1829 se
872 1790 1043 1828 invicem
1064 1790 1241 1827 saltando
1259 1788 1508 1826 trahentium.
1548 1788 1619 1826 ha·

183 1846 252 1885 bet
276 1853 402 1885 autem
430 1847 623 1898 quandam
660 1846 826 1898 speciem
854 1846 967 1884 volae
993 1851 1172 1884 extensae
1201 1845 1361 1896 pagina,
1398 1849 1444 1880 ut
1470 1843 1618 1881 funda-

184 1908 358 1940 mentum
389 1902 653 1940 translationis
682 1915 762 1938 non
788 1901 908 1948 desit,
942 1901 1104 1938 usitatae
1125 1907 1220 1937 tunc
1240 1901 1342 1937 sorte
1358 1898 1507 1948 vulgari
1526 1912 1618 1937 ser-

184 1969 314 2001 mone,
344 1957 416 1994 etsi
431 1957 556 1994 rarius
573 1957 613 1993 in
631 1957 741 1994 libris
762 1957 988 2006 reperiatur.
1044 1955 1251 2005 aliquando
1273 1960 1452 2006 putaram
1468 1951 1619 2005 καρπόν

185 2011 252 2050 hic
271 2012 386 2051 reddi
403 2025 515 2063 posse
534 2012 752 2048 articulum
768 2018 835 2048 aut
852 2011 1089 2062 capitulam,
1110 2023 1258 2047 comma
1280 2010 1429 2047 scilicet
1446 2010 1618 2061 primum

186 2068 231 2106 in
252 2068 387 2105 oculos
412 2067 617 2104 incurrens
644 2066 746 2104 libro
774 2073 930 2117 aperto,
956 2066 1060 2116 quod
1094 2071 1223 2116 potest
1251 2064 1446 2103 interdum
1466 2078 1548 2104 esse
1568 2079 1619 2103 ex

187 2124 314 2162 media
332 2128 399 2161 aut
415 2122 547 2160 infima
565 2121 716 2173 pagina.
773 2121 841 2159 sed
855 2121 898 2158 id
916 2120 993 2158 dici
1011 2121 1146 2170 nequit
1159 2120 1236 2158 hoc
1251 2121 1353 2159 loco.
1408 2122 1501 2159 satis
1516 2122 1620 2160 enim

187 2186 321 2218 noster
340 2178 486 2216 indicat
507 2191 619 2215 omen
641 2177 689 2214 de
710 2190 787 2227 quo
806 2177 901 2226 agit,
930 2177 1080 2227 captari
1099 2175 1256 2214 solitum
1275 2190 1323 2215 ex
1340 2177 1467 2216 verbis
1485 2177 1528 2214 in
1549 2190 1620 2214 ca·-

185 2235 270 2288 pite
289 2235 372 2274 sive
389 2234 584 2286 principio
601 2233 762 2285 paginae
778 2231 1084 2270 occurrentibus.
1112 2231 1257 2283 alioqui
1275 2233 1375 2271 enim
1393 2246 1471 2270 non
1486 2245 1621 2271 omnes

189 2291 467 2329 convenissent
496 2290 537 2327 in
566 2288 910 2326 animadvertendo
934 2288 1036 2325 malo
1059 2287 1220 2338 augurio
1240 2301 1289 2326 ex
1307 2287 1435 2326 verbis
1458 2288 1619 2326 iisdem:

188 2347 275 2385 fieri
297 2348 398 2386 enim
427 2345 619 2398 potuisset
641 2350 685 2382 ut
703 2350 783 2381 tres
806 2343 997 2395 episcopi,
1041 2344 1108 2394 qui
1129 2356 1218 2381 cum
1237 2344 1455 2383 celebrante
1477 2357 1622 2395 coope-

189 2403 381 2442 rabantur
405 2402 449 2440 in
476 2402 544 2439 illa
573 2399 773 2453 apertione
793 2406 830 2437 et
849 2399 1095 2450 impositione
1114 2399 1259 2438 codicis
1275 2400 1509 2451 evangelici,
1538 2413 1622 2437 non

190 2459 234 2496 in
259 2460 419 2497 eandem
443 2470 575 2496 omnes
598 2456 760 2509 paginae
797 2461 947 2507 partem
978 2455 1113 2492 oculos
1135 2455 1403 2495 coniecissent.
1458 2455 1533 2493 hae
1559 2468 1622 2494 me

193 2527 331 2553 causae
347 2514 589 2566 impulerunt
605 2512 656 2550 ad
673 2508 821 2564 καρπόν
835 2510 911 2549 hoc
930 2510 1017 2549 loco
1027 2511 1224 2562 paginam
1238 2510 1591 2564 interpretandum.

302 2567 532 2622 κᾶστρον.
588 2569 638 2607 ad
676 2581 745 2613 ea,
786 2580 884 2618 quae
918 2566 1067 2604 dudum
1097 2567 1232 2606 notavi
1262 2567 1458 2607 Glossario
1494 2566 1575 2605 vol.
1602 2564 1622 2603 1

193 2639 234 2676 p.
257 2625 334 2667 571
364 2625 455 2679 περὶ
470 2622 641 2677 κᾶστρου
657 2623 739 2661 sive
755 2623 907 2675 εἱρκτῆς
924 2619 1074 2674 λήθης,
1104 2621 1153 2659 de
1183 2625 1340 2662 castello
1362 2623 1444 2662 sive
1466 2633 1621 2659 carcere

194 2680 421 2730 oblivionis,
461 2681 599 2718 addam
628 2679 694 2717 hic
727 2692 824 2730 quae
854 2679 1042 2729 suggessit
1069 2678 1183 2716 Pater
1205 2680 1388 2718 Claudius
1418 2677 1620 2715 Maltretus

195 2736 280 2774 Soc.
296 2736 383 2774 Iesu
396 2765 408 2785 ,
436 2735 537 2774 datis
555 2735 605 2773 ad
619 2748 683 2773 me
702 2741 792 2786 post
807 2735 877 2772 illa
896 2735 995 2772 lecta
1013 2732 1301 2773 humanissimis
1322 2734 1458 2773 literis.
1502 2734 1527 2754 “
1541 2730 1622 2769 du-

196 2789 293 2828 dum
314 2791 488 2843 (inquit)
507 2791 606 2830 haec
624 2797 854 2829 notaveram
875 2789 934 2828 ad
949 2803 981 2830 c.
997 2790 1022 2832 5
1041 2790 1069 2827 l.
1082 2792 1103 2831 1
1125 2791 1316 2843 Procopii
1336 2789 1383 2830 de
1400 2788 1500 2827 bello
1524 2789 1622 2827 Per-
