1820 3112
189 150 253 195 70
601 148 838 193 GEORGII
878 147 1232 192 PACHYMERIS

189 260 324 318 κτήσει
344 265 418 305 τοῦ
438 266 542 304 θεοῦ
563 258 763 311 νεύοντος.
842 261 997 304 ἐκεῖθεν
1027 261 1073 303 δὲ
1101 261 1172 304 καί
1198 277 1304 310 τινες
1327 264 1412 304 τῶν
1433 264 1658 315 βασιλικῶν
1682 298 1686 302 .

189 329 399 387 ἀρχόντων
421 331 488 373 καὶ
508 327 785 386 βουληφόρων
806 329 962 383 βουλὰς
984 331 1146 385 εἰσῆγον
1157 362 1170 381 ,
1207 329 1311 372 πολὺ
1334 330 1409 383 μὲν
1430 329 1476 373 τὸ
1494 329 1658 386 ἀντερε-

188 400 298 442 τικὸν
319 397 419 442 εἶναι
447 398 552 441 πολὺ
589 400 634 441 ds*
656 398 702 441 τὸ
725 398 830 440 κατὰ
849 398 923 448 τὰς
943 403 1044 447 ναῦς
1061 395 1390 454 μισθοφορικόν,
1419 392 1476 441 ὧν
1499 399 1658 442 ἐκείνων

186 469 259 522 μέν
279 467 330 510 τὰ
351 467 447 522 τέλη
465 471 523 524 τῷ
545 469 731 526 δημοσίῳ
752 468 920 525 ταμιείῳ
939 464 1305 520 καταβαλλόντων,
1334 463 1558 521 χρημάτων
1590 466 1659 510 εὖ-

187 543 325 591 πορεῖν
346 532 692 588 πολυβὸάλουσαν
720 537 955 589 βασιλείαν,
992 538 1058 577 καὶ
1093 533 1252 585 τούτοις
1275 535 1381 577 κατὰ
1414 532 1596 585 σπονδάς
1615 545 1691 581 τε5

187 606 255 646 καὶ
283 605 504 654 συνθεσίας
537 604 694 647 ἀκονιτί
723 622 765 647 τε
797 606 863 647 καὶ
893 601 1168 660 ἀπραγμόνως
1196 603 1400 661 διαφέρειν
1420 603 1472 646 τὰ
1492 607 1565 659 τῆς
1582 603 1662 659 ἆρ-

184 677 276 727 χῆς.
348 672 470 715 ταῦτ’
501 674 642 715 ἐκεῖνοι
670 674 880 722 πείθοντες
902 673 1097 726 βασιλέα,
1148 672 1222 714 οὐκ
1243 667 1442 722 ἐνιδόντες
1470 673 1536 715 καὶ
1558 672 1663 728 πρὸς

138 751 169 784 C
194 741 239 784 τὸ
273 745 483 796 μεγαλεῖον
509 745 584 795 τῆς
611 741 739 797 ἀρχῆς
769 746 851 784 τῶν
877 739 1114 796 Ῥωμαίων,
1157 739 1212 791 ὥς
1245 740 1320 794 οὐχ
1352 741 1441 790 οἵας
1465 740 1508 783 τ’
1534 740 1663 796 οὕσης

188 809 372 866 ἀρχῆθεν
408 816 494 859 τοῖς
521 810 679 860 οἰκείοις
709 810 914 865 ἐμμένειν,
966 809 1071 852 ἀλλὰ
1113 811 1258 864 ζημίαν
1283 807 1511 865 ἡγουμένης
1541 811 1576 851 εἲ
1600 809 1659 865 μὴ

191 880 259 920 καὶ
295 878 400 920 ἄλλα
435 876 735 935 προσλάβοιτο,
777 880 844 921 καὶ
873 877 935 921 ὅτι
970 883 1045 934 τῆς
1079 880 1396 921 Κωνσταντίνου
1429 875 1661 934 κρατούσης
1674 891 1718 925 10

191 948 259 989 καὶ
287 945 438 1002 νήσους
469 945 643 1001 ἐχούσης
673 945 859 989 ἀδύνατα
894 948 987 1001 δίχα
1012 945 1208 1002 τριήρεσιν
1236 946 1397 1002 ἄρχειν,
1434 948 1500 989 καὶ
1527 951 1663 989 ταῦτα

190 1019 265 1058 τοῦ
288 1016 488 1058 Ἰταλικοῦ
524 1015 565 1066 ἔξ
597 1014 660 1059 ὅτι
694 1019 885 1071 πλείστης
903 1013 1077 1071 κορύζης
1094 1015 1407 1071 ἀνεγηγερμένον
1436 1015 1540 1072 πρὸς
1559 1011 1663 1058 ἀνά-

190 1087 318 1139 ληψιν
352 1078 407 1127 ὧν
435 1085 540 1139 χθὲς
571 1085 638 1126 καὶ
673 1084 751 1139 πρὸ
784 1086 924 1140 τρίτης
951 1086 1109 1127 ἐκείνων
1138 1079 1244 1138 ἦσαν
1276 1085 1343 1127 καὶ
1366 1087 1417 1141 τῇ
1446 1084 1554 1140 ἀρχῇ
1578 1087 1662 1127 τῶν

185 1150 398 1206 Ῥωμαίων
434 1155 478 1196 ἐκ
510 1157 592 1195 τῶν
624 1151 823 1209 τριήρεων
862 1150 1223 1207 προσεκτήθησαν.
1301 1156 1435 1196 ταῦτα
1469 1151 1663 1206 βασιλεὺς

191 1221 266 1275 μὲν
295 1219 350 1271 ὥς
371 1221 474 1271 εῗκὸς
491 1219 697 1277 ξυνειῦρα,
736 1222 885 1271 ἱκανῶς
905 1222 1006 1276 ἔχων
1023 1223 1091 1263 καὶ
1111 1220 1188 1276 πρὸ
1218 1225 1289 1276 τῆς
1309 1221 1350 1270 ἔς
1370 1220 1480 1263 ἅπαν
1502 1219 1662 1275 ἡλικίας
1675 1231 1718 1266 15

138 1294 169 1328 D
193 1293 266 1344 τῆς
287 1291 327 1339 ἒς
345 1287 526 1343 μάλιστα
546 1295 761 1344 βασιλικῆς
781 1288 1030 1345 ἐπιστήμης,
1067 1291 1231 1332 καὶτῶν
1252 1293 1353 1333 νεῶν
1374 1288 1525 1344 εἴχετο·
1562 1289 1660 1332 ἀλλ’

189 1358 300 1400 ἐνίκα
322 1358 367 1401 τὸ
395 1357 624 1416 μόρσιμον,
668 1360 735 1400 καὶ
766 1365 852 1409 τοῖς
873 1358 1031 1415 λέγουσι
1050 1360 1205 1401 πείθειν
1225 1353 1291 1414 ἦν.
1361 1359 1427 1400 καὶ
1447 1357 1494 1401 τὸ
1515 1359 1665 1414 εἶρηνι-

189 1426 261 1470 κόν
294 1427 338 1470 δὲ
360 1431 436 1471 τοῦ
467 1431 637 1485 καιροῦ,
668 1427 1071 1483 συνυποκλινομένων
1103 1428 1171 1470 καὶ
1202 1431 1285 1470 τῶν
1316 1430 1470 1470 λοιπῶν
1501 1429 1665 1470 Βενετι-

188 1557 329 1593 decreta
344 1560 482 1594 consilio
496 1562 586 1595 foret
603 1560 754 1595 dimissio
763 1560 935 1595 exercitus
953 1560 1123 1602 maritimi,
1137 1562 1249 1595 tamen
1265 1560 1299 1594 in
1311 1558 1612 1595 deliberationibus
1620 1559 1665 1593 de

189 1609 326 1649 sumptu
347 1605 382 1638 in
406 1608 642 1652 rempublicam
666 1607 842 1650 faciendo,
879 1607 910 1641 si
943 1607 1001 1652 qui
1031 1607 1292 1653 praecipuorum
1319 1605 1454 1651 imperii
1490 1605 1665 1640 ministro-

190 1661 264 1684 rum
289 1653 522 1687 commendare
546 1665 584 1687 se
607 1653 769 1698 providae
792 1653 1016 1698 parsimoniae
1038 1653 1154 1697 specie
1176 1653 1346 1694 volebant,
1370 1657 1441 1686 tum
1465 1650 1666 1697 pronissime

189 1696 389 1730 audirentur
424 1710 499 1732 cum
532 1698 686 1733 dicerent
707 1710 995 1744 supervacaneum
1028 1699 1072 1733 ali
1098 1710 1270 1732 numerum
1293 1698 1476 1742 remigum,
1509 1696 1666 1732 mercede

190 1742 392 1776 conductam
422 1744 457 1778 in
484 1755 589 1778 naves
621 1744 772 1778 militiam
804 1750 998 1778 exterorum
1027 1745 1061 1778 in
1093 1744 1224 1778 nimiam
1256 1746 1453 1778 excrevisse
1476 1741 1668 1777 multitudi-

190 1799 277 1821 nem.
325 1789 421 1823 cuius
453 1790 598 1835 duplicis
630 1791 764 1834 generis
800 1791 989 1831 hominum,
1024 1791 1054 1825 si
1078 1790 1210 1835 priores
1232 1790 1368 1835 quidem
1392 1789 1595 1834 vectigalia,
1626 1791 1668 1822 ut

190 1833 319 1867 caeteri
343 1845 427 1869 suae
450 1836 565 1876 sortis,
587 1836 720 1870 aerario
742 1836 910 1881 imperata
932 1838 1123 1878 solverent,
1147 1835 1183 1869 hi
1205 1847 1285 1870 vero
1310 1833 1523 1870 exauctorati
1546 1833 1668 1868 militia.

189 1891 336 1923 gravare
359 1882 597 1927 rempublicam
630 1882 799 1927 impendio
832 1882 990 1928 stipendii
1017 1882 1232 1924 desinerent,
1262 1883 1338 1916 fore
1368 1881 1458 1915 haud
1491 1879 1595 1914 dubie
1626 1883 1668 1914 ut

189 1925 293 1959 fiscus
317 1927 491 1972 multiplici
523 1929 673 1962 refectus
708 1927 884 1962 hincinde
907 1932 1061 1973 sumptu,
1091 1939 1155 1961 nec
1184 1927 1290 1971 largis
1321 1926 1574 1971 erogationibus
1604 1937 1669 1960 ex-

189 1972 351 2013 haustus,
377 1974 568 2007 abundaret
591 1974 756 2018 pecunia,
785 1985 853 2019 qua
876 1974 988 2019 perite
1011 1973 1169 2019 princeps
1201 1978 1302 2007 utens
1334 1973 1435 2007 facile
1467 1973 1582 2006 hostes
1605 1982 1669 2005 ex-

189 2024 361 2059 armaret,
386 2020 624 2064 stabiliretque
646 2031 801 2053 securum
825 2020 928 2054 otium
959 2019 1103 2053 subditis
1130 2019 1217 2053 citra
1242 2019 1417 2064 pulverem
1441 2030 1483 2053 ac
1506 2028 1666 2063 pugnam,

189 2062 409 2098 conciliandis
434 2066 619 2109 prudenter
642 2065 923 2099 conventionibus
946 2077 988 2099 ac
1011 2065 1140 2110 pactis,
1171 2065 1294 2110 quibus
1325 2065 1451 2099 certius
1482 2075 1584 2110 quam
1612 2063 1670 2096 vi-

190 2108 306 2142 ctoriis
330 2111 474 2155 strepitu
498 2123 540 2145 ac
566 2111 755 2145 discrimine
779 2111 943 2156 quaesitis
968 2112 1060 2145 salus
1082 2111 1247 2156 quiesque
1270 2112 1417 2156 publica,
1435 2113 1598 2156 quantum
1621 2109 1669 2143 ad
1705 2112 1707 2114 ’

188 2153 324 2188 felicem
347 2155 483 2200 imperii
508 2169 643 2191 cursum
667 2158 848 2202 optandum
873 2162 988 2199 esset,
1011 2157 1215 2191 firmaretur.
1262 2158 1344 2191 talia
1369 2169 1442 2191 cum
1466 2156 1524 2190 isti
1547 2155 1668 2199 dispu-

189 2205 328 2242 tarent,
352 2212 417 2234 non
441 2202 557 2235 statim
581 2203 716 2247 quidem
739 2205 930 2248 probabant
951 2203 1161 2244 Andronic03
1187 2202 1244 2248 qui
1277 2208 1313 2237 et
1338 2214 1403 2236 usu
1432 2202 1498 2236 iam
1521 2203 1667 2245 quodam

192 2244 417 2291 principatus,
429 2253 465 2281 et
481 2248 593 2282 indole
611 2260 671 2291 pro
683 2255 798 2283 aetate
816 2249 980 2293 regnandi
993 2250 1112 2283 artium
1123 2249 1252 2294 capaci,
1267 2249 1374 2282 animo
1393 2254 1572 2292 praeterea
1590 2245 1668 2289 glo-

195 2291 271 2325 riae
285 2293 382 2325 avido
396 2305 437 2326 ac
459 2305 599 2327 servare
618 2293 780 2327 illibatum
801 2295 939 2340 imperio
957 2296 1106 2329 Romano
1126 2306 1220 2329 suum
1238 2294 1409 2339 antiquum
1425 2293 1543 2334 decus,
1565 2294 1669 2334 prout

195 2342 324 2382 posset,
348 2343 455 2382 certo,
479 2339 563 2372 satis
585 2339 703 2384 utique
725 2341 892 2374 sentiebat
916 2341 958 2374 ad
983 2341 1194 2386 splendorem
1222 2338 1422 2384 imperantis
1443 2337 1518 2372 orbi
1543 2336 1667 2370 civita-

195 2382 253 2422 tis,
276 2394 340 2417 nec
365 2395 430 2417 non
454 2385 497 2418 ad
523 2385 752 2418 defensionem
786 2386 970 2420 insularum
994 2388 1201 2420 obiectarum
1224 2384 1413 2418 incursibus
1435 2382 1547 2427 gentis
1569 2381 1668 2415 Itali-

196 2439 281 2469 cae,
311 2429 434 2474 partim
468 2430 572 2464 avitis
604 2430 689 2463 odiis
720 2431 843 2475 partim
878 2432 930 2465 ira
960 2432 1088 2466 recenti
1123 2442 1271 2476 curaque
1303 2428 1526 2474 recuperandi
1559 2438 1669 2472 nuper

195 2474 318 2509 amissa.
341 2475 373 2508 in
399 2479 534 2509 nostras
557 2487 690 2520 semper
711 2476 852 2510 iniurias
875 2481 1036 2518 armatae,
1055 2477 1198 2510 maxime
1220 2479 1444 2521 opportunum
1468 2485 1544 2507 esse
1566 2484 1669 2518 prae-

194 2519 313 2554 sidium
339 2521 535 2555 triremium.
561 2527 675 2555 tamen
702 2521 817 2556 nescio
841 2534 908 2566 quo
932 2523 1004 2556 fato
1028 2522 1151 2556 sensim
1178 2521 1371 2566 praevaluit
1393 2523 1575 2563 utcumque
1598 2530 1665 2552 non

196 2566 360 2600 creditum
384 2578 447 2600 nec
470 2567 576 2601 firmis
601 2567 711 2600 nixum
736 2568 926 2601 rationibus
958 2568 1152 2608 consilium,
1187 2578 1248 2600 seu
1271 2567 1409 2600 divinae
1432 2564 1669 2610 providentiae

196 2611 387 2657 deprimere
418 2624 474 2646 res
506 2618 640 2646 nostras
664 2614 849 2647 statuentis
872 2613 924 2647 vis
946 2613 1171 2646 ineluctabilis
1194 2613 1278 2646 haec
1302 2612 1386 2653 fuit,
1418 2622 1479 2645 seu
1503 2610 1668 2655 principis

196 2663 232 2691 et
256 2658 466 2703 principatus
489 2659 716 2692 ministrorum
739 2658 859 2704 supine
881 2659 1085 2692 indormiens
1111 2658 1256 2692 fiduciae
1286 2657 1476 2703 praesentis
1497 2663 1670 2701 tamquam

195 2703 382 2738 duraturae
418 2704 454 2738 in
494 2715 612 2738 aevum
651 2715 748 2738 omne
790 2705 885 2749 pacis
919 2705 1108 2750 improvida
1137 2704 1302 2749 quaedam
1334 2707 1369 2737 et
1399 2701 1560 2747 gravibus
1591 2701 1671 2735 olim

196 2749 319 2784 luenda
348 2750 476 2784 damnis
507 2749 672 2784 socordia.
719 2749 893 2784 Videbant
921 2755 1002 2784 tunc
1029 2750 1183 2784 nimirum
1207 2749 1350 2784 obnoxie
1373 2748 1548 2794 quiescere
1570 2746 1672 2781 Lati-

196 2805 275 2828 num
297 2807 395 2831 omne
419 2807 562 2839 nomen,
596 2807 659 2830 nec
681 2807 882 2842 quemquam
912 2808 955 2831 ex
978 2796 1073 2831 Italis
1095 2795 1204 2841 magis
1233 2807 1334 2842 quam
1357 2795 1507 2830 Venetos
1536 2796 1574 2828 et
1596 2794 1672 2828 Ge·
