1858 3126
250 155 348 203 738
643 152 953 196 OBSERVAT.
987 152 1299 199 PACHYMER.

253 279 343 306 nem
363 266 402 304 S.
420 263 588 315 Spiritus
606 276 655 300 ex
672 268 807 314 patre,
837 261 1044 300 mediatam
1067 261 1226 313 quidem
1245 267 1438 313 quatenus
1457 275 1508 302 ex
1522 263 1606 302 filio
1627 268 1702 313 est,

256 336 370 374 quem
400 326 511 371 pater
543 320 702 369 genuit,
733 318 850 356 simul
874 324 1001 356 autem
1028 318 1291 356 immediatam
1311 331 1487 369 quoque,
1516 319 1702 371 quoniam

256 378 364 417 filius
396 375 542 427 pariter
570 383 608 414 et
637 382 748 426 pater
785 376 974 412 Sanctum
1007 374 1201 425 Spiritum
1230 374 1470 425 producunt.
1525 376 1704 426 Spiritus·

257 434 359 472 enim
392 433 563 469 Sanctus
593 431 741 482 (verba
771 437 864 468 sunt
898 430 1106 480 Augustini
1139 431 1166 468 l.
1197 431 1247 471 15
1279 430 1327 468 de
1348 430 1541 468 Trinitate
1562 443 1597 472 c.
1617 432 1704 479 27)

257 503 337 528 non
367 487 414 525 de
437 494 555 539 patre
578 486 759 539 procedit
779 487 992 538 insiliam,
1017 493 1053 523 et
1077 485 1124 523 de
1137 487 1233 537 filio
1243 485 1427 537 procedit
1448 484 1506 523 ad
1521 486 1706 536 sanctifi·-

258 543 433 583 0andam
468 552 716 592 creaturam,
754 542 825 580 sed
851 543 978 580 simul
1006 542 1054 579 de
1083 549 1252 593 utroque
1277 541 1495 593 procedit,
1523 543 1708 594 quamvis

258 602 333 639 Ιιοε
339 601 434 652 filio
446 607 566 651 pater
589 599 758 647 dederit,
789 606 834 637 ut
855 597 1191 650 quemadmodum
1208 598 1255 635 de
1271 613 1333 647 Se,
1365 601 1427 635 ita
1446 597 1494 635 de
1513 598 1586 635 illo
1605 611 1707 649 quo-

261 673 336 710 que
345 656 549 708 procedat.
605 656 702 694 haec
724 656 984 706 Augustinus3
1016 668 1114 705 quae
1141 660 1331 706 quatenus
1351 653 1537 702 mediata,
1568 659 1708 704 quate-

257 727 335 752 nus
359 713 581 751 immediata
603 711 710 764 patri
731 712 782 749 sit
808 712 943 749 Sancti
960 711 1130 762 Spiritus
1151 711 1370 762 processio,
1395 711 1617 748 luculenter
1633 722 1707 747 ex-

257 770 423 823 plicant.

371 834 411 876 p.
430 827 483 868 96
502 838 540 862 v.
557 826 595 865 8.
642 825 785 860 sentire
801 830 935 860 autem
953 824 1186 860 continuum
1204 828 1278 862 etc.
1321 821 1515 872 significat
1532 820 1595 858 his
1613 833 1707 859 ver-

258 882 317 922 bis
343 881 493 920 Veccus
522 893 605 918 non
634 893 748 931 posse
776 879 969 917 catholice
990 878 1068 916 dici
1089 878 1300 916 dumtaxat
1317 877 1592 915 immediatam
1614 890 1709 928 pro-

259 938 476 976 cessionem
505 936 639 973 Sancti
672 935 841 987 Spiritus
871 949 919 973 ex
947 941 1074 986 patre:
1105 935 1308 972 dicendam
1338 935 1440 972 enim
1469 947 1556 972 esse
1583 931 1712 970 simut

262 992 538 1031 immediatam
558 999 593 1029 et
614 991 843 1029 mediatam.
887 992 1020 1042 itaque
1036 990 1102 1028 hic
1121 990 1163 1030 τὸ
1178 993 1377 1044 προσεχοῦς
1398 992 1581 1027 continue
1594 1002 1712 1027 usur-

260 1057 380 1102 patur
407 1049 623 1098 exclusive,
651 1048 728 1086 hoc
748 1055 805 1085 est
824 1061 912 1085 cum
935 1047 1207 1085 subintellecta
1231 1047 1437 1096 negatione
1455 1044 1712 1082 mediationis

260 1106 394 1144 ullius.
454 1104 579 1156 qualis
607 1111 738 1142 tamen
769 1103 897 1153 aliqua
916 1103 958 1141 in
974 1104 1226 1155 processione
1250 1102 1381 1140 Sancti
1404 1101 1570 1152 Spiritus
1594 1115 1614 1138 a
1639 1114 1711 1151 pa-

262 1167 324 1200 tre
350 1160 598 1212 agnoscenda
626 1159 860 1198 orthodoxis
883 1166 958 1208 est,
988 1159 1057 1197 sed
1078 1172 1177 1210 quae
1201 1173 1281 1196 non
1301 1157 1485 1196 excludat
1506 1156 1712 1194 immedia-

261 1224 341 1256 tam
358 1218 481 1268 patris
499 1217 620 1267 ipsius
637 1216 829 1253 actionem
847 1215 887 1252 in
908 1215 1168 1266 productione
1188 1215 1358 1265 Spiritus
1371 1242 1381 1262 ,
1412 1219 1452 1250 at
1468 1219 1620 1251 tantum
1637 1212 1712 1249 ad·

124 1285 150 1318 P
176 1283 242 1319 527
266 1274 398 1312 mittat
427 1274 468 1310 in
495 1286 537 1310 ea
566 1271 811 1310 consortium
840 1272 934 1318 filii,
964 1272 1026 1309 cui
1058 1271 1167 1322 prius
1188 1271 1340 1308 ratione
1361 1275 1472 1321 pater
1494 1269 1577 1321 ipse
1599 1282 1715 1306 com-

263 1328 525 1370 munieaverit
555 1334 594 1366 et
637 1328 671 1366 ei
711 1342 782 1380 per
813 1327 1101 1378 generationem
1126 1325 1430 1365 identificaverit
1452 1326 1560 1363 illam
1588 1324 1714 1376 ipsam

265 1399 384 1425 unam
403 1391 441 1423 et
457 1383 706 1422 individuam
718 1412 729 1430 ,
760 1397 877 1435 quam
895 1384 980 1434 ipse
999 1383 1260 1433 originaliter,
1288 1382 1366 1420 hoc
1383 1387 1441 1419 est
1456 1395 1539 1419 non
1554 1379 1715 1419 aliunde

262 1448 430 1479 tractam
461 1440 530 1478 sed
554 1440 786 1478 naturaliter
802 1439 1083 1478 identificatam
1100 1453 1191 1478 suae
1208 1452 1416 1490 personae,
1444 1437 1564 1476 habet
1583 1435 1715 1488 spira-

264 1498 412 1535 tionem
433 1496 604 1533 activam
618 1525 630 1544 ,
660 1496 700 1532 in
724 1508 819 1546 qua,
848 1509 931 1533 non
951 1496 1078 1533 solum
1100 1496 1140 1533 in
1162 1501 1302 1533 natura
1324 1499 1362 1532 et
1380 1493 1544 1532 essentia
1565 1492 1714 1539 divina,

265 1558 378 1604 pater
403 1557 442 1588 et
468 1551 574 1588 filius
602 1564 723 1588 unum
754 1556 857 1588 sunt.
916 1552 1101 1590 audiatur
1125 1554 1162 1591 S.
1179 1551 1385 1588 Anselmus
1409 1549 1505 1587 haec
1520 1549 1717 1598 eleganter

265 1607 468 1658 explicans
494 1606 522 1644 l.
555 1605 604 1644 de
637 1606 890 1643 Processione
910 1607 1079 1657 Spiritus
1097 1607 1247 1645 Sancti:
1280 1612 1434 1643 constat
1462 1606 1715 1654 inexpugna—

266 1663 340 1700 bili
369 1663 526 1699 ratione
555 1662 754 1711 Spiritum
783 1663 977 1698 Sanctum
1006 1676 1086 1699 esse
1118 1662 1166 1699 de
1186 1663 1282 1713 filio
1307 1662 1429 1698 sicuti
1447 1667 1504 1696 est
1520 1659 1568 1696 de
1583 1666 1715 1710 patre,

268 1733 339 1757 nec
359 1726 491 1755 tamen
511 1731 590 1754 esse
611 1715 658 1753 de
674 1715 831 1754 duobus
851 1716 1019 1754 diversis
1041 1717 1113 1754 sed
1125 1717 1172 1754 de
1190 1732 1282 1756 uno.
1341 1731 1384 1753 ex
1412 1730 1454 1753 eo
1481 1717 1583 1753 enim
1606 1712 1719 1766 quod

265 1781 380 1826 pater
401 1774 567 1825 etsilius
585 1786 714 1810 unum
733 1780 847 1823 sunt,
877 1772 924 1810 id
941 1780 996 1810 est
1017 1787 1061 1811 ex
1081 1773 1166 1822 deo,
1195 1781 1251 1810 est
1273 1780 1308 1809 et
1326 1773 1505 1823 Spiritus
1527 1772 1718 1819 Sanctus,

270 1846 350 1868 non
369 1844 413 1867 ex
431 1844 472 1867 eo
494 1827 600 1867 unde
617 1829 696 1865 alii
711 1837 804 1867 eant
825 1829 875 1866 ab
895 1831 1073 1867 invicem.
1130 1828 1202 1867 sed
1217 1830 1409 1880 quoniam
1427 1827 1542 1876 deus,
1570 1826 1619 1863 de
1637 1839 1716 1877 quo

269 1895 325 1924 est
346 1888 524 1938 Spiritus
547 1887 720 1923 Sanctus
734 1915 745 1934 ,
776 1892 831 1922 eat
839 1893 959 1935 pater
984 1893 1019 1922 et
1030 1886 1171 1936 filius,
1201 1884 1352 1922 idcirco
1369 1898 1453 1921 vere
1472 1883 1623 1920 dicitur
1639 1895 1719 1919 esee

271 1942 319 1980 de
332 1950 451 1993 patre
467 1949 502 1980 et
507 1941 625 1993 filio,
657 1942 730 1992 qui
747 1941 828 1979 duo
850 1948 956 1980 Sunt.
1014 1941 1126 1979 cuius
1145 1941 1245 1978 ratio
1266 1946 1341 1988 est,
1372 1939 1460 1990 quia
1481 1939 1719 1990 principium

271 2000 444 2036 activum
470 1998 640 2049 Spiritus
660 1997 816 2043 Sancti,
847 1998 931 2035 sive
951 1996 1114 2048 spiratio
1131 1997 1260 2034 activa
1277 2025 1288 2043 ,
1319 1995 1510 2034 eiusmodi
1530 1994 1718 2046 quaedam

270 2055 334 2093 vis
359 2061 436 2103 est,
467 2067 567 2104 quae
589 2059 633 2091 ut
653 2053 698 2091 in
721 2058 850 2091 actum
873 2059 986 2091 exeat
1010 2053 1133 2104 exigit
1151 2051 1387 2090 identificari
1413 2051 1589 2102 personis
1616 2049 1717 2087 dua-

270 2110 367 2158 bus,
410 2123 577 2160 quarum
607 2123 686 2147 una
716 2123 766 2147 ex
797 2110 919 2147 altera
949 2109 1198 2160 processerit.
1256 2107 1363 2146 unde
1393 2119 1545 2144 causam
1575 2105 1718 2157 repetit

272 2165 463 2204 Ricardus
484 2165 714 2203 Victorinus
739 2166 767 2204 1.
787 2164 812 2206 5
845 2165 892 2203 de
911 2165 1102 2203 Trinitate
1130 2179 1162 2203 c.
1178 2168 1227 2212 7,
1255 2176 1328 2201 cur
1357 2162 1495 2200 ordine
1521 2160 1719 2213 posterior·

273 2222 323 2259 sit
354 2220 555 2272 processio
586 2222 624 2259 S.
651 2221 821 2271 Spiritus
852 2221 1096 2271 processione
1122 2220 1207 2258 filii.
1263 2219 1507 2257 naturaliter
1535 2215 1717 2266 (inquit)

270 2278 386 2328 prior
415 2283 470 2313 eat
495 2275 681 2313 dualitas
704 2290 826 2327 quam
846 2278 1012 2314 trinitas
1025 2293 1039 2316 .·
1066 2288 1161 2314 nam
1181 2276 1257 2312 illa
1271 2281 1404 2325 potest
1423 2287 1503 2310 esse
1520 2273 1604 2309 sine
1621 2272 1719 2318 ieta,

275 2335 358 2370 ista
388 2342 475 2369 vero
505 2346 726 2382 numquam
755 2334 839 2368 sine
875 2333 962 2369 illa.
1017 2333 1260 2369 naturaliter
1290 2332 1428 2380 itaque
1457 2335 1494 2365 et
1518 2327 1719 2377 processio

273 2390 387 2438 prior
409 2394 484 2435 est,
515 2401 616 2437 quae
626 2394 760 2438 potest
782 2387 993 2424 subsistere
1010 2390 1051 2425 in
1060 2399 1325 2439 personarum
1345 2385 1565 2429 filialitate,
1597 2394 1722 2432 quam

276 2444 370 2492 illa,
401 2456 505 2494 quae
524 2457 601 2479 non
612 2450 748 2493 potest
763 2457 843 2479 esse
859 2445 943 2481 aine
955 2456 1218 2493 personarum
1236 2442 1426 2478 trinitate.
1482 2437 1577 2476 hinc
1601 2437 1722 2477 intel-

277 2499 413 2550 ligitur
429 2498 473 2535 id
494 2497 600 2547 quod
617 2498 752 2535 innuit
771 2499 902 2536 verbis
921 2512 1038 2548 supra
1060 2497 1266 2548 descriptis
1293 2495 1468 2540 Veccus,
1497 2493 1722 2543 proprieta-

277 2561 358 2592 tem
379 2567 458 2592 esse
477 2552 747 2590 distinctivum
767 2553 1030 2604 processionis
1047 2554 1121 2591 filii
1140 2568 1160 2590 a
1179 2550 1424 2603 processione
1441 2547 1610 2599 Spiritus
1627 2548 1723 2585 San-

281 2610 355 2658 cti,
384 2609 492 2661 quod
519 2607 622 2646 filius
652 2607 809 2658 quidem
840 2608 1030 2660 procedat
1057 2610 1104 2646 ab
1131 2620 1210 2646 uno
1229 2605 1314 2644 solo
1334 2604 1530 2656 principio
1554 2601 1665 2655 quod
1684 2607 1723 2640 et
1765 2634 1768 2637 Δ

283 2680 388 2717 quo,
421 2666 468 2703 ab
500 2664 615 2702 unica
646 2663 831 2701 nimirum
862 2677 1031 2714 persona
1060 2664 1215 2711 divina,
1246 2667 1376 2712 patre,
1405 2666 1444 2698 et
1471 2673 1542 2710 per
1563 2658 1724 2698 unicam

279 2722 565 2772 generationem
592 2719 762 2758 activam
784 2718 1194 2758 incommunicabilem
1214 2717 1325 2755 alteri
1346 2728 1557 2768 personae,
1586 2713 1724 2766 spiri-

277 2783 342 2816 tus
361 2791 458 2817 vero
477 2778 641 2815 Sanctus
657 2774 846 2831 procedat
863 2780 903 2814 et
918 2776 1131 2827 procedere
1150 2774 1280 2825 exigat
1295 2786 1365 2825 per
1382 2771 1545 2810 unicum
1564 2769 1722 2822 quidem
