1774 3120
213 182 294 210 vlu
794 169 842 211 P.
878 166 1095 211 POSSINI

214 281 574 337 Dyrrhachiensis‚
605 281 730 324 modo
759 281 978 338 Theolepti
1003 280 1368 340 Philadelphiensis
1394 293 1526 344 partes
1543 293 1663 330 tuen-

215 352 350 393 tium?
407 351 496 406 quis
534 357 669 391 aestus
697 351 998 407 implacabiliter
1026 352 1276 394 rixantium?
1323 368 1444 410 quam
1470 355 1663 398 immedi.

217 421 353 463 cabilis
390 422 500 460 furor
543 419 706 460 obnixis
743 419 1053 461 irrevocabiliter
1097 419 1238 462 studiis
1271 435 1362 462 sese
1386 432 1527 472 mutuo
1555 426 1663 466 infe-

218 487 439 532 stantium?
509 488 621 528 coelo
661 488 779 542 ipso,
821 488 930 528 cuius
972 487 1022 529 de
1060 489 1207 530 vestris
1242 491 1523 538 controversiis
1554 493 1662 534 iudi-

217 559 323 599 cium
362 558 434 597 illo
479 556 780 608 Atramyttiensi
819 564 1016 598 conventu
1054 571 1127 613 per
1163 557 1363 612 quandam
1389 561 1673 617 superstitiose>

216 627 414 667 curiosam
441 625 737 680 pyromantiam
767 625 1023 680 exploratum
1062 626 1249 678 iver-atis,
1296 628 1419 683 partis
1460 628 1664 685 utriusque

215 694 373 751 scriptis
403 707 512 734 sacra
538 693 703 733 flamma
733 693 1055 745 concremandis,
1091 695 1309 735 luculenter
1341 695 1565 738 declarante
1592 711 1675 738 ae-

215 778 294 820 que
328 761 463 803 omnia
490 768 621 803 vestra
653 762 927 803 conventicula
961 761 1037 802 deo
1074 776 1164 803 esse
1192 777 1237 803 ac
1270 765 1425 820 superis
1455 778 1596 808 exosa.

319 874 324 880 ,
350 828 425 871 IV.
480 828 562 873 Sed
587 831 728 870 frustra
755 830 982 871 laboramus
1011 828 1276 872 admonendis
1305 833 1358 873 iis
1385 847 1486 888 quos
1514 835 1664 877 volun-

214 898 313 940 taria
346 897 512 947 caecitas
551 910 575 936 a
612 897 815 949 videndo,
864 898 974 952 quod
1014 901 1152 954 palam
1190 907 1273 952 est,
1315 901 1518 957 prohibet.
1584 915 1664 943 nos

216 968 352 1026 potius
400 968 506 1006 hunc
541 967 713 1005 fructum
754 980 807 1006 ex
848 965 968 1006 huius
1004 966 1194 1007 historiae
1231 969 1402 1011 lectione
1432 971 1664 1021 referamus,

216 1044 264 1077 ut
307 1050 389 1076 non
435 1033 694 1075 dubitandum
724 1041 910 1089 putemus
956 1034 1129 1091 amplius
1173 1033 1270 1089 quin
1316 1035 1368 1075 ad
1415 1036 1665 1092 puniendum

220 1104 464 1146 Graecorum
493 1103 536 1142 in
557 1101 724 1143 Oriente
751 1102 1034 1158 imperantium
1058 1103 1231 1143 schisma
1261 1110 1488 1156 contumax,
1517 1104 1683 1157 dogma·

217 1174 455 1229 reprobum,
489 1170 586 1212 deus
618 1170 931 1212 Ottomanorum
961 1172 1186 1227 potentiam
1215 1171 1459 1214 excitaverit.
1529 1173 1685 1219 statim,

218 1244 304 1282 sere
339 1249 456 1296 atque
492 1238 736 1280 Andronicus
764 1238 1025 1292 Palaeologus
1060 1239 1196 1280 senior
1227 1253 1393 1296 compos
1430 1241 1556 1282 factus
1583 1240 1664 1281 im-

218 1309 320 1366 perii
357 1310 463 1351 vires
501 1307 586 1348 eius
625 1308 819 1350 convertit
849 1308 1054 1349 universas
1101 1307 1154 1348 ad
1189 1307 1503 1349 labefactandam
1541 1309 1667 1349 extir-

220 1377 469 1434 pandamque
497 1378 546 1417 ab
566 1376 653 1417 eius
681 1384 791 1432 patre
818 1375 1017 1417 lllicbae'le
1043 1376 1189 1417 initam
1217 1391 1308 1418 cum
1327 1377 1543 1434 apostolica
1569 1375 1666 1417 sede

219 1445 494 1498 concordiam,
530 1452 740 1501 eruperunt
769 1459 793 1485 e
818 1443 983 1487 Perside
1010 1445 1054 1485 in
1087 1443 1331 1486 Christianas
1358 1452 1480 1486 terras
1513 1446 1667 1485 tumul-

218 1515 368 1555 tuariae
405 1516 604 1555 latronum
640 1527 797 1554 manus.
866 1514 1007 1554 harum
1042 1512 1126 1554 dux
1172 1514 1312 1566 unius,
1367 1527 1490 1570 quem
1527 1520 1667 1554 noster

215 1584 432 1624 Atmanem
468 1589 608 1633 vocat,
665 1582 754 1622 aliis
801 1580 1044 1623 Ottomanes
1089 1582 1341 1633 nominatus,
1396 1596 1449 1622 ex
1495 1583 1665 1623 obscuro
1690 1593 1695 1611 ⁵

218 1659 359 1704 egente
397 1652 556 1691 infirmo
601 1649 858 1690 inclarescere
904 1649 1020 1690 ditari
1063 1651 1308 1690 corroborari
1345 1650 1536 1706 paulatim
1581 1663 1667 1690 non

218 1720 355 1770 desiit,
386 1718 516 1775 quoad
545 1718 706 1769 multis,
734 1725 853 1774 prout
893 1717 1162 1771 Pachymeres
1200 1718 1374 1774 sparsim
1403 1719 1468 1759 hic
1504 1732 1667 1759 memo-

217 1796 296 1839 rat,
333 1796 469 1829 auctus
496 1787 763 1837 successibus,
797 1786 954 1841 praedis
990 1787 1273 1842 locupletatus,
1311 1786 1466 1828 arcibus
1503 1785 1694 1827 urbibus·

216 1856 436 1913 provinciis
473 1869 568 1896 suae
606 1854 748 1895 ditioni
795 1853 986 1904 subditis,
1039 1853 1188 1895 Prusae
1224 1853 1408 1906 tandem,
1454 1868 1577 1910 quam
1620 1853 1666 1893 in

217 1925 410 1978 Bithynia
457 1930 738 1979 occupaverat,
774 1937 940 1975 reguum
967 1922 1157 1974 instituit,
1201 1922 1300 1962 circa
1330 1921 1477 1963 Christi
1514 1934 1666 1962 annum

217 1993 482 2034 millesimum
517 1991 861 2042 trecentesimum,
897 1989 1113 2031 Andronici
1148 1991 1274 2030 nostri
1302 1990 1420 2031 huius
1452 1990 1495 2030 in
1531 1990 1666 2046 impe-

218 2062 280 2102 rio
319 2060 700 2102 duodevicesimum.
769 2058 983 2100 Ottomani
1007 2059 1075 2114 qui
1105 2059 1265 2111 triginta
1292 2058 1444 2100 circiter
1471 2065 1566 2114 post
1591 2071 1667 2096 an-

219 2130 284 2170 nis
323 2130 510 2170 successit
544 2130 586 2169 in
623 2142 746 2182 regno
783 2128 972 2168 morienti
1018 2128 1123 2168 filius
1166 2127 1395 2178 Orchanes,
1439 2133 1552 2183 capta
1590 2125 1667 2166 Ni-

222 2211 316 2238 caea
375 2198 494 2237 altera
540 2196 646 2249 regia
694 2195 1012 2250 Byzantinorum
1057 2195 1342 2247 Augustorum,
1387 2193 1668 2236 Nicomediam

222 2273 431 2323 praeterea
459 2264 708 2320 reliquasque
733 2272 876 2306 tractus
915 2265 1001 2305 eius
1038 2264 1217 2306 civitates
1248 2265 1431 2318 inclytas,
1457 2269 1541 2301 tum
1570 2259 1666 2313 My-

223 2334 329 2375 siam
364 2333 609 2387 Lycaoniam
633 2331 851 2384 Phrygiam
883 2332 1041 2374 Cariam
1077 2340 1312 2387 cunctasque
1342 2330 1392 2371 ad
1421 2330 1665 2383 Hellespon-

221 2409 311 2443 tum
346 2410 385 2442 et
415 2401 616 2442 Euxinum
646 2401 849 2453 regiones,
884 2399 1071 2441 Romano
1111 2408 1265 2455 ereptas
1302 2413 1376 2440 suo
1412 2396 1556 2438 adiecit
1585 2396 1667 2436 im-

220 2470 348 2528 perio.
417 2470 526 2510 cuius
555 2469 676 2509 etiam
704 2467 831 2509 adhuc
854 2469 1054 2520 regnantis
1083 2468 1269 2524 auspiciis
1299 2466 1527 2507 Solimanes
1545 2464 1667 2514 filius,

220 2547 314 2580 ante
350 2546 505 2594 patrem
547 2536 691 2577 deinde
737 2543 916 2576 mortuus
937 2567 948 2587 ,
982 2535 1024 2576 in
1065 2534 1278 2575 Thraciam
1316 2534 1516 2574 traiiciens
1545 2531 1668 2573 Otto-

220 2607 390 2648 manicis
435 2607 588 2662 primus
624 2605 829 2661 Europam
867 2604 988 2645 armis
1027 2602 1228 2645 delibavit.
1297 2602 1354 2643 sic
1391 2609 1546 2654 gestum
1584 2599 1669 2640 Or-

222 2677 369 2716 chanes
407 2675 523 2716 annis
560 2674 714 2715 duobus
746 2680 786 2713 et
814 2673 958 2725 viginti
986 2672 1252 2728 principatum
1286 2670 1505 2711 transmisit
1540 2667 1666 2708 Amu-

222 2744 297 2784 rati
337 2758 386 2785 ex
425 2757 469 2784 se
508 2743 666 2796 genit0‚
702 2741 902 2797 superstiti
935 2741 1094 2791 relicto,
1127 2741 1195 2795 qui
1223 2738 1406 2795 Callipoli
1442 2735 1668 2778 Hadriano-

223 2811 308 2868 poli
346 2820 387 2854 et
417 2810 601 2854 subiectis
634 2809 721 2853 urbi
758 2810 911 2866 utrique
952 2808 1180 2863 regionibus
1217 2807 1446 2850 Romanam
1483 2804 1669 2846 minuens
