1858 3126
358 134 433 178 DE
465 131 797 176 ANDRONICO
831 129 1206 175 PALAEOLOGO
1241 131 1289 174 L.
1326 132 1380 174 V.
1505 130 1600 176 381

140 245 276 300 με’νοις
310 244 398 301 ἅμα
426 247 500 299 μὲν
522 245 596 301 τὴν
625 244 755 288 αὐτοῦ
777 243 896 300 τιμὴν
920 242 1008 298 ἅμα
1033 244 1078 287 δὲ
1096 245 1163 287 καὶ
1190 243 1265 300 τὴν
1286 241 1443 288 εἀυτῶν
1462 241 1601 302 ιἰσφιί-
1629 247 1660 283 Ι)

142 320 273 365 λειαν,
309 319 476 369 βασιλεῖ
489 314 556 356 διὰ
575 318 708 356 ταῦτα
730 310 939 356 κατανεύει
961 314 1028 356 καὶ
1048 312 1097 357 τὸ
1118 312 1274 368 αἴτημα
1295 314 1501 370 ἐκπληροῖ,
1539 314 1606 369 37-

139 382 308 442 γράφως
329 384 617 434 ἐξαποστείλας
633 379 744 427 τάδε.

282 449 511 495 ηΔέσποτοὶ
547 467 628 503 μου
674 450 759 506 ἅγιε
796 452 992 503 βασιλεῦ,
1045 450 1110 491 καὶ
1139 447 1255 503 ῦμεῒς
1294 451 1392 493 θεία
1423 451 1490 492 καὶ
1520 450 1608 506 ἱερὰ

109 517 341 572 5σόνοδος,
381 518 410 574 ἥ
441 537 485 562 τε
512 517 762 575 σύγκλητος,
807 519 874 560 καὶ
893 515 915 560 ὃ
936 517 1150 573 παρεστὼς
1172 519 1239 560 καὶ
1258 517 1420 562 ἁκούων
1438 523 1511 561 τοῦ
1534 537 1609 561 κυ-

144 590 234 644 ριόυ
254 586 380 641 λαός,
420 586 508 630 ὅσοι
529 604 572 630 τε
591 589 634 629 ἐν
656 585 791 644 κλήρῳ
808 586 1106 642 καταλέγεσθε,
1137 586 1176 628 οἱ
1200 591 1409 645 μοναχικῷ
1439 587 1609 642 διαπρέ-

142 673 285 706 ποντες
303 655 505 710 σχήματι,
547 657 614 698 καὶ
634 653 655 698 ὅ
674 654 814 704 λοιπὸς
833 653 965 708 ὄχλος.
1036 654 1115 709 ἐγὼ
1140 652 1244 710 παρ’
1275 653 1518 711 ὂρθοδόξων
1535 673 1609 711 yo-

142 725 242 768 νέων
269 726 478 780 γεννηθεὶς
509 725 577 766 καὶ
607 723 787 782 εὐσεβείᾳ
818 724 988 779 τραφεὶς
1016 727 1181 779 πρῶτον
1209 724 1283 777 μὲν
1304 728 1380 778 τῆς
1402 724 1603 779 ἱερατικῆς
1626 735 1658 770 E:

142 791 328 848 ἠξιώθην
354 796 496 848 τιμῆς,
539 789 627 835 εἶτα
658 794 725 834 καὶ
755 791 808 834 τὰ
833 795 1026 846 μοναχῶν
1055 793 1283 844 τελεσθείς,
1328 793 1519 848 κρίμασιν
1546 790 1608 842 οἷς

89 873 133 907 10
144 860 227 904 οἶδε
250 859 373 914 θεός,
412 864 469 912 εἰς
491 860 562 903 τὸν
589 857 744 916 θρόνον
774 858 964 915 ἀνήχθην
992 859 1064 902 τὸν
1093 859 1407 916 πατριαρχικόν,
1443 861 1608 922 &doulos

140 931 215 985 μὲν
240 934 344 972 θεοῦ
374 935 559 985 πρῶτον,
595 929 730 971 ἔπειτα
758 929 802 971 δὲ
829 932 963 985 βουλῇ
994 930 1060 971 καὶ
1093 927 1259 983 θελήσει
1275 931 1341 971 καὶ
1359 927 1500 987 γνώμῃ
1520 931 1607 981 ἒξε-

139 1002 302 1052 τασμοῦ
331 996 495 1041 πάντων
526 996 642 1051 ὑμῶν
672 1001 755 1040 τῶν
793 995 1050 1053 προεχόντων
1082 997 1124 1040 ἓν
1166 994 1382 1052 ἀξιώμασι.
1452 1000 1519 1040 καὶ
1550 996 1607 1049 ὦς

141 1066 341 1122 διέπρεψα
364 1066 544 1119 εὐσεβῶς
567 1067 633 1108 καὶ
663 1065 804 1119 ὀρθῶς
813 1098 826 1117 ,
865 1063 949 1108 οἶδε
965 1063 1093 1119 μόνος
1113 1064 1236 1116 θεός·
1273 1070 1511 1120 καυχᾶσθαι
1527 1065 1606 1123 γάρ

140 1152 212 1189 μοι
233 1134 281 1178 οὐ
314 1135 510 1191 συμφέρει
540 1134 645 1177 κατὰ
674 1134 745 1176 τὸν
762 1139 877 1176 θεῖον
900 1132 1142 1178 ἀπόστολον.
1215 1135 1446 1189 συνέβησαν
1466 1131 1539 1178 οῦν
1563 1136 1608 1178 ἒν

89 1208 200 1262 15τῷ
226 1203 378 1257 μεταξὺ
405 1201 644 1255 σκάνδαλα,
693 1202 772 1245 ὅσα
803 1204 870 1245 καὶ
903 1200 1019 1256 ὑμεῖς
1052 1202 1211 1255 οἴδατε,
1262 1205 1328 1245 καὶ
1362 1203 1430 1245 διὰ
1466 1203 1515 1247 τὸ
1543 1204 1602 1260 μὴ
1626 1215 1656 1249 Ρ
1679 1215 1746 1251 265

143 1276 460 1327 παραβλαβῆναι
481 1270 621 1325 ψυχήν
650 1288 760 1321 τινος
787 1275 1044 1325 λ’ριστιανοῦ
1066 1273 1132 1313 καὶ
1156 1271 1224 1313 διὰ
1252 1271 1299 1314 τὸ
1322 1273 1364 1314 ἓν
1382 1269 1519 1331 εἶρῆνῃ
1538 1275 1607 1315 καὶ

142 1338 387 1382 καταστάσει
407 1339 507 1382 εἶναι
527 1340 603 1394 τὴν
633 1337 753 1394 ἇγιάν
779 1344 854 1382 τοῦ
883 1343 987 1382 θεοῦ
1012 1340 1226 1394 ἐκκλησίαν
1247 1338 1494 1396 ὑπεχώρησα
1515 1359 1607 1384 και-

143 1407 216 1464 ρόν
245 1412 318 1450 τοῦ
350 1406 508 1463 θρόνου
537 1410 603 1450 καὶ
636 1408 677 1448 ἓν
703 1411 761 1464 τῷ
790 1409 931 1465 κελλίῳ
955 1424 1038 1461 μου
1066 1410 1359 1463 περικλεισθεὶς
1376 1407 1608 1465 ἐκαθήμην.

142 1474 444 1532 ἇμφιβάλλοντι
464 1477 509 1518 δὲ
528 1478 594 1518 καὶ
613 1476 789 1533 δεομένῳ
807 1480 910 1518 θεοῦ
933 1477 1022 1530 περὶ
1039 1475 1196 1519 τούτων
1216 1475 1414 1532 &equivoci
1433 1494 1494 1527 τις
1510 1480 1608 1521 θεία

85 1545 292 1599 Ξῠέπέστη
314 1562 386 1599 μοι
406 1545 578 1600 λε’γουσα
607 1545 656 1586 ἐἴ
676 1548 804 1600 φιλεῖς
828 1561 905 1598 με,
941 1545 1099 1599 Πέτρε,
1135 1547 1321 1598 ποίμαινε
1340 1545 1392 1587 τὰ
1414 1544 1608 1601 πρόβατά

141 1613 252 1668 μου.’
321 1611 442 1655 πάλιν
475 1608 548 1655 οὖν
577 1612 645 1655 διὰ
675 1616 797 1655 τοῦτο
832 1612 1019 1666 ἀνῆλθον
1048 1615 1105 1662 εἷς
1134 1613 1206 1656 τόν
1222 1612 1391 1669 θρόνον.
1458 1617 1541 1657 ἐπεὶ
1561 1616 1606 1658 δὲ

142 1683 209 1724 καὶ
238 1675 363 1732 αὖθις
390 1683 593 1725 ἐκινοῦντο
620 1678 810 1736 μειζόνως
838 1680 890 1724 τὰ
922 1679 1134 1724 σκάνδαλα
1167 1684 1234 1725 καὶ
1257 1681 1281 1738 ἦ
1315 1683 1506 1738 ἐκκλησία
1536 1683 1603 1726 διὰ

141 1858 312 1903 propriam
334 1859 481 1904 ipsorum
503 1858 739 1902 securitatem,
761 1859 832 1902 sic,
856 1862 892 1894 et
913 1859 1017 1894 multo
1038 1859 1172 1893 scilicet
1194 1858 1347 1901 facilius,
1377 1869 1472 1892 suum
1495 1858 1600 1904 ipsios

141 1906 300 1938 honorem
321 1905 540 1949 imprudenti,
562 1917 629 1949 qua
652 1906 818 1947 ruebant,
840 1905 978 1939 levitate
1000 1905 1045 1939 ad
1067 1912 1251 1939 extremum
1279 1905 1472 1949 proderent,
1493 1905 1601 1951 impe-

142 1949 250 1982 ratori
273 1950 389 1983 annuit
410 1950 499 1994 quod
523 1951 702 1994 poscebat,
728 1951 792 1984 hoc
815 1950 859 1984 ad
880 1951 991 1996 ipsum
1014 1950 1116 1984 misso
1138 1951 1278 1994 scripte.

233 1994 405 2028 “Domine
427 1995 486 2036 mi,
507 2000 623 2029 sancte
641 1995 834 2040 imperator,
858 2003 894 2030 et
914 2007 978 2029 vos
1000 1995 1112 2029 divina
1136 2000 1173 2029 et
1191 2007 1291 2029 saera
1313 1994 1473 2040 synoduS,
1493 1999 1598 2041 tuque

143 2045 293 2083 senatus,
317 2044 353 2072 et
374 2040 432 2084 qui
455 2041 570 2073 adstat
590 2048 694 2085 atque
716 2042 813 2075 audit
834 2041 955 2074 domini
978 2041 1133 2086 populus,
1155 2047 1323 2086 quotquot
1344 2041 1380 2074 in
1403 2040 1493 2075 clero
1517 2053 1598 2075 cen-

142 2085 275 2125 semini,
297 2084 421 2129 quique
443 2085 559 2119 habitu
581 2085 728 2129 insignes
749 2086 944 2120 monachico
965 2086 1059 2126 estis,
1083 2091 1120 2118 et
1145 2086 1320 2120 multitudo
1342 2086 1484 2132 reliqua.
1532 2099 1597 2131 ego

143 2143 186 2165 ex
208 2130 405 2164 orthodoxis
427 2130 636 2174 genitoribus
662 2138 760 2165 natus
782 2143 824 2165 ac
846 2135 964 2166 sancte
989 2132 1175 2173 educatus,
1206 2132 1299 2176 prius
1324 2133 1459 2186 quidem
1481 2143 1597 2167 sacer-

141 2176 247 2210 dotali
270 2176 430 2221 dignatus
452 2177 579 2210 honore
599 2187 694 2217 sum,
727 2184 846 2220 postea
867 2177 1048 2210 monachus
1070 2177 1202 2218 factus,
1234 2176 1368 2212 iudiciis
1391 2190 1479 2223 quae
1502 2179 1601 2212 novit

142 2222 237 2264 deus,
257 2223 292 2256 in
315 2223 470 2256 thronum
494 2228 633 2256 evectus
657 2221 912 2265 patriarchalem
935 2221 998 2262 fui,
1027 2222 1139 2266 gratia
1159 2224 1299 2267 primum
1321 2235 1363 2258 ac
1386 2224 1600 2269 benepiacito

141 2268 208 2310 dei,
233 2268 352 2302 deinde
377 2268 536 2310 consilio,
559 2268 752 2308 voluntate,
773 2267 942 2301 sententia
964 2267 1102 2312 praevio
1124 2269 1275 2303 examine
1296 2269 1428 2315 perlata
1450 2276 1599 2304 vestrum

140 2313 283 2348 omnium
306 2313 366 2359 qui
389 2314 557 2358 dignitate
581 2313 828 2357 praeeminetis.
875 2317 910 2347 in
932 2324 974 2346 ea
996 2313 1163 2357 dignitate
1193 2314 1244 2348 uti
1274 2327 1325 2350 me
1355 2316 1518 2360 gesserim
1542 2316 1600 2363 pie

141 2372 184 2394 ac
205 2366 320 2403 recte,
345 2360 440 2394 novit
461 2360 553 2393 solus
576 2360 679 2393 deus:
711 2358 851 2403 gloriari
882 2359 968 2392 enim
990 2358 1073 2392 mihi
1094 2370 1159 2392 non
1182 2361 1338 2405 expedit,
1370 2361 1466 2396 iuxta
1487 2362 1599 2395 divum

141 2406 349 2450 Apostolum.
397 2406 614 2450 contigerunt
635 2408 748 2438 autem
770 2404 901 2439 interim
922 2404 1083 2438 scandala
1106 2406 1209 2449 (quot
1231 2407 1423 2452 qualiaque,
1448 2418 1508 2441 vos
1532 2408 1599 2441 sci-

141 2451 223 2494 tis),
253 2452 297 2485 ob
320 2463 428 2496 quae,
463 2463 506 2485 ne
528 2451 617 2496 quod
640 2451 719 2484 inde
740 2455 972 2485 nocumentum
994 2450 1177 2484 inferretur
1200 2451 1387 2487 Christiani
1409 2453 1506 2486 ullius
1523 2452 1601 2486 'ani-

141 2507 235 2537 mae‚
267 2501 303 2530 et
332 2508 398 2542 quo
428 2497 465 2531 in
495 2509 580 2542 pace
613 2508 653 2530 ac
675 2500 767 2530 statu
790 2496 969 2542 tranquillo
993 2499 1111 2529 sancta
1134 2496 1190 2531 dei
1213 2497 1356 2533 ecclesia
1377 2498 1600 2539 stabiliretur,

142 2542 228 2575 cessi
259 2542 302 2576 ad
347 2547 478 2588 tempus
509 2543 631 2576 throno
662 2547 699 2575 et
731 2541 851 2575 celluia
894 2544 1027 2576 clausus
1059 2553 1133 2575 mea
1164 2542 1288 2587 quievi.
1334 2545 1456 2578 oborta
1487 2549 1599 2578 autem

142 2587 222 2620 mihi
243 2588 278 2621 in
301 2599 436 2622 secessu
468 2589 525 2622 illo
558 2588 768 2622 dubitatione
801 2599 844 2622 an
868 2587 956 2621 bona
979 2587 1047 2621 ista
1070 2591 1162 2621 esset
1184 2599 1225 2622 ac
1247 2588 1311 2624 deo
1335 2591 1480 2635 probata
1502 2590 1598 2634 quies

142 2643 234 2673 mea,
269 2645 342 2667 cum
375 2635 456 2679 quid
486 2634 551 2668 sibi
581 2645 685 2679 super
715 2645 756 2667 eo
787 2633 882 2667 cordi
911 2637 1022 2672 esset,
1055 2636 1094 2666 ut
1123 2633 1356 2669 demonstrare
1385 2635 1596 2679 dignaretur,

143 2677 239 2711 deum
262 2690 403 2721 orarem,
425 2680 558 2724 species
580 2680 745 2724 quaedam
766 2679 879 2713 divina
901 2677 1135 2724 superadstitit
1156 2680 1249 2723 mihi,
1276 2681 1391 2714 dicens
1421 2681 1480 2713 “si
1505 2691 1598 2715 amas

143 2733 217 2764 me,
246 2723 370 2767 Petre,
401 2736 505 2770 pasce
535 2737 617 2759 oves
647 2724 775 2759 meas.”
818 2735 934 2758 rursus
956 2723 1059 2768 igitur
1081 2729 1219 2771 propter
1240 2726 1306 2760 hoc
1328 2725 1412 2759 redii
1434 2726 1478 2759 ad
1501 2725 1597 2760 thro-

141 2777 231 2802 num.
276 2769 434 2815 quoniam
463 2782 545 2805 vero
573 2770 695 2805 iterum
727 2771 951 2805 movebantur
980 2770 1137 2805 maiorem
1168 2771 1205 2805 in
1227 2771 1359 2806 modum
1381 2771 1540 2807 scandala
1562 2779 1596 2807 et
