1858 3126
278 175 375 221 400
698 171 934 216 GEORGu
967 145 1318 218 PACHYMERIS

276 285 325 347 ἦν
346 287 478 335 οὐδεὶς
495 286 651 342 ἀγνοῶν
666 298 676 308 ·
707 283 934 341 Ῥωμαίους
954 286 1031 344 γὰρ
1051 284 1314 343 πανταχόθεν
1331 288 1383 332 τὰ
1401 288 1511 332 δεινὰ
1529 287 1732 346 περιέστη,

276 361 342 403 καὶ
361 352 585 411 διεφώνουν
604 350 842 410 πάσχοντες.

405 423 519 478 Ἐμοὶ
541 425 586 467 δὲ
603 424 743 467 λοιπὸν
761 426 833 467 καί
848 442 887 467 τι
906 428 988 468 τῶν
1007 429 1268 479 θαυμαστῶν
1287 424 1394 468 καθ’
1417 422 1524 479 ἥμᾶς
1543 427 1733 469 τελεσθὲν

133 508 160 542 Ρ
183 487 458 546 278 ἒξειπεΐν,
531 493 652 551 (15)
689 494 868 551 φοβερὸν
887 495 962 547 μὲν
983 495 1102 535 εἷπεΐν
1124 491 1296 536 ἄπιστον
1319 495 1344 536 δ
1353 492 1364 509 '
1388 493 1587 546 ἀκοῦσαι,
1625 488 1659 553 ᾧ
1681 495 1733 550 δὴ

273 566 339 608 καὶ
359 561 483 612 αὐτὸς
503 563 751 618 διηπίστησα
774 562 845 614 ἄν,
883 559 958 602 κᾶν
985 561 1044 603 δι’
1069 561 1170 604 αὐτὸ
1192 563 1259 604 καὶ
1281 561 1526 619 παρέλιπον,
1564 564 1599 605 εἰ
1612 560 1672 618 μή
1689 572 1763 620 γε5

271 633 416 677 πολλοὶ
444 631 518 686 μὲν
554 631 595 673 οἱ
625 629 801 679 εἰπόντες
829 631 894 671 καὶ
918 627 1166 682 ἀξιόπιστοι,
1205 633 1349 687 δεῖγμα
1371 631 1416 673 δὲ
1439 632 1634 688 προνοίας
1656 631 1735 686 ἕχει

270 705 375 746 θεοῦ
399 702 466 742 καὶ
488 704 560 754 τῆς
582 701 672 755 περὶ
694 699 739 741 τὸ
763 696 1028 754 ἀνθρώπινον
1051 699 1107 742 ἔτι
1127 698 1240 755 γένος
1261 701 1526 755 κηδεμονίας,
1562 699 1637 742 κᾶν
1658 699 1735 742 ἅλ-

272 768 541 824 λωςβαθέως
560 770 627 810 καὶ
653 766 754 824 ὖπέρ
779 765 888 822 ἧμᾶς
912 768 1150 824 ἒνεργῶνται
1170 768 1221 811 τὰ
1243 773 1338 811 θεῖα
1357 766 1628 824 βουλήματα,
1665 770 1734 811 καὶ

271 839 356 894 ἅμα
379 839 445 880 καὶ
463 837 665 891 βασιλέως
677 841 862 893 χρηστοῦ
881 835 1077 888 δόξαντος
1096 835 1220 888 δόξαν
1233 870 1246 890 ,
1284 842 1386 881 θεοῦ
1402 840 1611 894 κρίνοντος
1628 835 1735 880 πάν-

218 918 248 952 Β
272 925 352 958 τως
375 906 482 961 μετὰ
512 910 595 949 τῶν
625 906 1015 961 ἒπιτετηδευμένων,
1054 908 1121 949 καὶ
1149 906 1219 963 ἐφ’
1251 905 1313 957 οἷς
1334 907 1402 954 καὶ
1423 904 1566 960 μόνοις
1594 907 1789 962 {narn-10

269 975 456 1028 δεύουσι,
499 975 547 1018 τὸ
578 979 660 1018 τῶν
688 973 923 1032 ἀνθρώπων
961 973 1135 1033 σφάλμα
1164 974 1189 1030 ἢ
1219 978 1286 1018 καὶ
1311 973 1582 1032 κατόρθωμα.
1653 973 1734 1031 ἤδη

265 1047 339 1101 μὲν
364 1040 437 1089 οὖν
457 1041 697 1101 φθάσαντες
713 1042 977 1099 ἐδηλώσαμεν
998 1049 1085 1094 πῶς
1101 1046 1350 1100 Μαγνησίας
1367 1049 1441 1100 τῆς
1458 1044 1564 1087 κατὰ
1578 1042 1732 1101 Ἕρμον

265 1114 459 1168 βασιλεὺς
481 1113 655 1171 ἀπαίρει.
692 1111 846 1168 ταύτης
864 1115 939 1167 μὲν
955 1114 1213 1170 προέστησαν
1231 1114 1360 1170 ἕτεροι
1378 1104 1580 1167 βασιλέως
1595 1113 1733 1171 ἀπῃρ-

269 1182 388 1233 κότος
416 1184 595 1235 ἐκεῖθεν,
634 1177 683 1238 ἦν
706 1183 750 1224 δὲ
769 1184 835 1224 καὶ
857 1180 877 1225 ὅ
901 1184 964 1225 ἐπὶ
982 1183 1183 1238 τραπέζης
1208 1179 1590 1238 Φιλανθρωπηνός,
1626 1181 1731 1239 ἀνὴρ

268 1253 442 1312 εὐγενείᾳ
459 1254 525 1294 καὶ
543 1249 650 1311 γήρᾳ
670 1250 826 1293 συνέσει
855 1268 898 1294 τε
923 1253 990 1293 καὶ
1013 1252 1235 1308 ἐμπειρίαις
1258 1256 1546 1307 στρατηγικαῖς
1563 1251 1602 1300 ἐς
1620 1248 1732 1293 ἅπαν
1743 1257 1786 1292 15

265 1319 556 1376 κοσμοίμενος.
626 1318 682 1370 ὥς
714 1325 811 1376 γοῦν
839 1320 885 1363 τὸ
923 1317 1103 1375 πόλισμα
1128 1318 1436 1376 καστροφύλακι
1458 1319 1730 1375 ἐπετέτραπτο

212 1397 244 1435 C
267 1393 334 1434 καὶ
365 1390 445 1446 ἤδη
477 1392 519 1432 ἐν
552 1393 757 1445 φυλακαῖς
790 1389 934 1439 ἐκεῖνος
974 1391 1232 1445 διαγρυπνῶν
1261 1384 1312 1444 ἦν
1340 1387 1420 1443 ὀψὲ
1445 1392 1528 1432 τῶν
1558 1392 1730 1442 νυκτῶν,

260 1458 456 1508 πολλάκις
491 1457 675 1513 ἡμμένην
710 1457 910 1519 λαμπάδα
937 1460 1005 1501 καὶ
1031 1458 1342 1514 περιερχομένην
1370 1457 1417 1500 τὸ
1446 1454 1629 1512 πόλισμα
1653 1476 1731 1502 κα-

260 1526 420 1583 θεώρα.
491 1532 616 1569 τοῦτο
650 1529 713 1576 δὶς
743 1529 810 1569 καὶ
842 1529 930 1583 τρὶς
958 1527 1121 1583 γεγονὸς
1148 1527 1304 1575 ἐννοίας
1322 1527 1442 1581 ἐπῆγε
1459 1526 1533 1570 τὸν
1549 1542 1731 1583 καστρο-

258 1596 438 1654 φύλακα.
508 1593 531 1637 ὃ
565 1595 615 1649 δὴ
646 1597 714 1637 καὶ
745 1602 831 1645 τοῖς
857 1597 1076 1653 προέχουσι
1105 1595 1211 1638 κατὰ
1231 1594 1281 1638 τὸ
1305 1594 1410 1644 εἰκὸς
1431 1593 1785 1650 κοινωσάμενοςὲο

352 1694 407 1729 19.
431 1692 485 1734 εἰς
506 1690 653 1733 ἐννοίας
673 1689 806 1739 antipa?

260 1776 369 1810 lorum
391 1774 546 1808 auctario
568 1776 637 1807 tam
661 1783 763 1807 saevo
786 1775 938 1808 extrema
965 1772 1033 1807 iam
1056 1772 1328 1808 consternatione
1349 1772 1643 1808 extabesoentibus
1665 1773 1727 1809 ‹le-

260 1820 498 1868 ploratissimis
520 1819 694 1854 Romanis.

355 1867 426 1900 Sed
449 1866 526 1900 mibi
549 1866 607 1900 diu
630 1871 790 1911 pertaeso
812 1862 1041 1899 narrationum
1063 1865 1307 1907 infaustarum,
1329 1864 1475 1899 offertur
1496 1877 1579 1901 ecce
1601 1876 1729 1912 oppor-

262 1919 344 1948 tune
368 1911 640 1947 commemoratio
667 1911 873 1956 auspicatior
896 1911 973 1945 miri
996 1912 1086 1956 apud
1110 1922 1170 1945 nos
1195 1911 1264 1945 visi
1286 1911 1444 1956 prodigii.
1501 1913 1604 1956 (15)
1636 1913 1728 1958 quod

263 1961 393 2001 dicam,
417 1959 467 1993 ita
490 1957 644 1992 terribile
666 1958 760 1992 dictu
785 1965 858 1998 est,
881 1957 931 1991 ita
946 1956 1142 1991 incredibile
1165 1957 1305 1999 auditu,
1329 1963 1368 1991 ut
1389 1969 1453 1992 nec
1473 1957 1542 2003 ipsi
1565 1958 1626 1992 diu
1648 1957 1729 1992 mihi

263 2006 365 2039 fidem
400 2005 540 2047 fecerit,
572 2010 607 2038 et
640 2004 826 2038 omissurus
861 2007 899 2036 ut
923 2015 995 2037 rem
1026 2003 1271 2038 inverisimilem
1301 2003 1447 2046 fuerim,
1482 2004 1546 2038 nisi
1569 2007 1728 2038 constans

263 2051 446 2085 affirmatio
477 2054 512 2084 et
542 2050 760 2096 plurimorum
795 2054 831 2084 et
861 2049 1057 2083 idoneorum
1079 2049 1216 2084 testium
1238 2049 1373 2084 tandem
1395 2049 1594 2094 religionem
1614 2049 1730 2084 ineus-

266 2098 367 2131 sisset
400 2096 589 2131 inofficiosa
623 2095 797 2141 premendi
829 2095 996 2130 oblivione
1030 2095 1135 2138 facti,
1169 2096 1202 2130 in
1226 2107 1293 2140 quo
1317 2101 1353 2130 et
1376 2101 1608 2141 argumentum
1632 2098 1729 2130 extat

267 2143 391 2177 clarum
427 2142 531 2176 divini
559 2142 701 2176 numinis
724 2143 759 2176 in
783 2153 839 2176 res
862 2142 1023 2176 humanas
1050 2141 1308 2186 providentiae,
1337 2141 1373 2176 in
1402 2153 1465 2176 nos
1495 2141 1728 2187 protectionis,

267 2192 449 2234 utcumque
471 2188 745 2223 inscrutabilibus
768 2188 811 2222 de
835 2189 944 2222 causis
968 2188 1039 2222 eius
1063 2188 1097 2222 in
1121 2199 1181 2222 nos
1205 2188 1341 2222 eosdem
1363 2187 1500 2232 flagella
1516 2187 1726 2228 desaeviant,

265 2234 410 2280 denique
442 2234 476 2267 in
507 2247 575 2278 quo
610 2235 759 2268 cernitur
793 2234 916 2268 illustri
946 2234 1121 2269 vindicata
1153 2234 1352 2268 documento
1377 2235 1467 2268 fama
1497 2238 1534 2267 et
1559 2231 1726 2266 sanctitas

263 2280 427 2314 dominati
458 2281 556 2314 nobis
590 2280 666 2314 olim
700 2292 774 2314 cum
808 2281 1005 2315 clementiae
1036 2281 1137 2314 laude
1169 2280 1351 2325 principis,
1380 2279 1474 2313 circa
1495 2288 1594 2324 quem
1617 2277 1726 2312 libere

262 2326 452 2359 hominibus
482 2326 579 2360 varia
610 2326 759 2371 opinatis
790 2330 826 2360 et
858 2326 1001 2368 locutis,
1035 2327 1170 2361 videtur
1199 2326 1304 2367 deus,
1340 2325 1392 2358 cui
1416 2327 1495 2358 sunt
1517 2323 1575 2357 uni
1598 2323 1725 2368 optime

261 2378 460 2406 cunctorum
484 2373 572 2405 bona
596 2372 727 2417 pariter
751 2375 786 2405 et
809 2384 916 2417 prava
935 2384 1040 2417 opera
1060 2375 1262 2418 perspecta,
1288 2382 1363 2404 eum
1385 2369 1491 2404 Fuisse
1510 2367 1575 2403 sibi
1599 2370 1724 2413 proba-

261 2422 333 2451 tum
366 2417 488 2451 illustri
519 2417 665 2451 voluisse
698 2417 889 2451 testimonio
921 2422 1121 2453 monstrare.
1166 2417 1232 2450 iam
1261 2420 1362 2450 antea
1391 2414 1604 2448 narravimus
1635 2421 1675 2448 ut
1703 2427 1725 2449 e

261 2463 441 2508 Magnesia
465 2463 507 2497 ad
531 2463 691 2497 Hermum
715 2463 782 2496 sita
805 2463 954 2496 Michael
975 2464 1159 2508 imperator
1180 2461 1291 2496 iunior
1313 2459 1506 2495 recesserit.
1550 2463 1630 2505 post
1651 2460 1725 2494 eius

260 2509 444 2544 discessum
481 2509 576 2542 istius
611 2507 760 2542 munitae
793 2508 941 2542 civitatis
975 2509 1150 2542 custodiae
1174 2507 1396 2552 praefuerunt
1417 2505 1493 2546 alii,
1529 2517 1615 2550 quos
1637 2506 1725 2540 inter

260 2555 328 2590 fuit
354 2559 389 2589 et
412 2566 546 2589 mensae
569 2553 782 2600 praepositus
806 2554 1132 2599 philanthropenus‚
1164 2552 1219 2586 vir
1241 2552 1422 2586 nobilitate
1442 2557 1619 2586 senectute
1641 2563 1725 2596 pru-

261 2600 374 2635 dentia
408 2606 445 2635 et
476 2600 671 2635 bellicorum
702 2603 881 2632 eventuum
913 2599 1153 2645 experimentis
1183 2609 1309 2632 summe
1340 2597 1602 2633 commendatus.
1649 2609 1726 2632 cum

262 2647 343 2682 huic
365 2646 469 2692 igitur
493 2645 624 2681 custodi
648 2657 688 2679 ac
712 2644 957 2689 praesidiariae
979 2645 1058 2678 duci
1081 2643 1222 2678 militiae
1245 2643 1375 2677 credita
1396 2642 1458 2677 illa
1481 2642 1600 2677 civitas
1622 2647 1724 2686 esset,

264 2704 374 2739 eaque
396 2692 455 2726 ille
476 2704 558 2727 cura
581 2693 781 2736 fungeretur
802 2690 1008 2736 intempesta
1038 2691 1208 2724 excubans
1238 2695 1341 2724 noete
1366 2701 1407 2723 ac
1429 2688 1563 2733 vigilias
1586 2688 1725 2723 militum

264 2740 464 2785 explorans,
492 2739 586 2773 videt
615 2750 696 2772 ecce
724 2737 800 2782 plus
831 2736 907 2770 vice
940 2735 1083 2781 simplici
1106 2746 1281 2770 accensam
1303 2734 1490 2780 lampadem
1513 2735 1726 2769 circumeun-

263 2791 332 2820 tem
364 2796 477 2819 muros
509 2785 615 2819 urbis.
661 2795 699 2818 re
732 2782 835 2818 semel
868 2782 1055 2827 iterumque
1077 2786 1117 2815 ut
1139 2782 1278 2816 fortuita
1301 2781 1357 2815 vel
1379 2781 1616 2815 aberrantibus
1645 2780 1726 2814 illu-

263 2832 366 2866 dente
389 2831 494 2866 oculis
516 2830 692 2876 neglecta,
727 2834 906 2876 postquam
929 2828 1048 2864 eadem
1070 2827 1137 2863 iam
1161 2839 1198 2863 se
1221 2827 1324 2862 tertio
1347 2827 1528 2873 conspicue
1560 2829 1724 2868 ostentat,
