1858 3126
552 170 655 217 ΠΒ.
685 169 720 214 1.
788 164 1147 214 GLOSSARIUM.
1467 161 1563 207 673

128 301 220 332 rum
238 286 572 344 μονοβᾶμβουλον
598 295 638 329 et
663 285 933 342 διβᾰμβουλον
954 285 1209 338 inquiramus.
1261 288 1359 336 puto
1384 281 1565 336 equidem

130 361 153 386 e
170 348 308 386 Latina
326 360 424 386 voce
446 346 683 384 obambulus
702 345 862 394 deduci,
889 349 929 382 et
958 349 1004 381 ut
1030 356 1115 382 rem
1131 342 1186 380 ita
1204 353 1347 378 nomen
1365 339 1409 377 in
1436 339 1565 377 aulam

127 402 276 444 Romae
296 415 421 441 novae
438 415 461 441 e
479 401 603 440 veteri
620 402 813 452 migrasse.
856 399 899 438 in
917 398 1044 437 aulam
1063 397 1175 447 dico,
1198 409 1280 434 non
1297 395 1339 434 in
1358 394 1566 433 ecclesiam.

130 472 224 497 nam
242 458 501 510 praelationes
518 457 742 508 lampadum
762 455 954 508 episcopis
970 467 1095 505 usque
1110 453 1158 491 ab
1172 451 1405 504 Apostolicis
1420 450 1462 488 in
1477 449 1568 488 Asia

130 515 292 553 usitatas
311 513 551 565 temporibus
571 512 664 551 scio.
698 512 882 562 Augustis
902 509 1057 561 quidem
1075 509 1203 560 ignem
1224 508 1439 560 praelatum
1457 506 1569 558 prius

131 570 276 608 Romae
308 582 423 619 quam
442 568 780 619 Constantinopoli
807 566 924 605 fateri
951 578 1106 604 necesse
1131 570 1208 613 est,
1237 576 1324 601 cum
1352 563 1427 601 iam
1449 563 1571 600 Com-

134 624 246 664 modi
265 629 388 663 aetate
407 625 579 662 solemne
598 624 740 662 Romae
761 628 860 662 esset
878 622 1005 672 ignem
1028 620 1210 671 Augustis
1228 618 1430 671 praeferri.
1486 618 1569 655 He-

133 680 322 720 rodimus
338 680 364 719 l.
379 682 422 720 1:
442 680 643 719 Λουκίλλα
662 673 716 730 ἦν
729 681 785 732 τῷ
799 674 1001 732 Κομμόδῳ
1016 671 1264 742 πρεσβυτάτη
1280 671 1444 714 πάντων
1462 670 1572 714 &6222-

134 731 210 788 φή.
237 731 339 786 αὕτη
358 731 550 788 πρότερον
561 735 724 790 Λουκίφ
743 730 863 789 Βήρῳ
885 729 1147 785 αὐτοκρατορι
1165 726 1334 786 συνῴκει
1350 758 1362 769 .
1384 761 1393 769 .
1417 762 1425 769 .
1447 761 1456 769 .
1484 724 1572 769 ἀλλ’

133 789 219 833 ἐπεὶ
249 789 395 843 συνέβη
413 788 484 832 τόν
508 785 689 832 Λούκιον
714 793 957 841 τελευτῆσαι,
981 784 1182 841 μενόντων
1201 789 1251 842 τῇ
1270 787 1474 839 Λουκίλλῃ
1499 787 1573 834 τῆς

132 846 334 899 βασιλείας
357 843 585 899 συμβόλων,
615 848 867 900 Πομπηϊανῷ
886 844 911 886 ὁ
933 841 1061 896 πατὴρ
1081 839 1208 894 αὐτήν
1229 840 1395 890 ἐξέδοτο.
1453 837 1572 880 οὐδὲν

134 898 253 955 ἦττον
268 901 403 953 μέντοι
428 901 452 942 ὁ
470 900 684 955 Κόμμοδος
704 897 894 953 ἐφύλαττε
908 898 979 949 ταὶς
997 897 1113 952 τιμᾶς
1130 901 1183 954 τῇ
1206 894 1382 953 α’δελφῇ·
1409 895 1476 937 καὶ
1495 893 1571 949 reio

134 956 202 1000 ἐπὶ
231 959 305 998 τοῦ
336 958 536 1010 βασιλείου
558 954 712 1011 θρόνου
737 960 917 1009 καθῆστο
946 955 990 998 ἕν
1012 960 1096 1004 τοῖς
1120 949 1307 1006 θεάτροις
1335 951 1403 993 καὶ
1429 949 1473 993 τὸ
1489 954 1573 1004 πῦρ

134 1008 439 1067 προπόμπευεν
458 1009 595 1065 αὐτῆς.
650 1026 698 1052 en
715 1013 958 1052 Herodianus
979 1010 1163 1062 Augustis
1184 1011 1329 1048 Romae
1346 1007 1578 1060 imperanti-

135 1069 211 1108 bus
237 1074 350 1107 tanto
376 1074 468 1107 ante
490 1069 787 1107 Constantinum
817 1075 856 1107 et
881 1068 1069 1107 uxoribus
1098 1080 1232 1105 eorum
1261 1066 1387 1116 ignem
1415 1076 1577 1116 quaqua

135 1123 362 1163 incederent
388 1124 607 1176 praelatum
635 1125 771 1174 docet,
796 1131 835 1163 et
866 1123 925 1177 (ut
946 1123 1021 1162 hoc
1047 1123 1173 1162 obiter
1194 1121 1442 1170 admoneam)
1469 1120 1576 1158 solus

136 1179 268 1229 docet,
295 1193 346 1218 ne
362 1180 550 1219 miremur
572 1181 621 1218 ab
641 1195 718 1219 uuo
742 1181 940 1219 interdum
958 1186 1118 1218 auctore
1138 1177 1285 1229 scripto
1309 1182 1445 1215 notata
1461 1187 1577 1227 repe-

136 1235 210 1274 riri
235 1234 424 1287 quaedam
449 1236 541 1274 olim
560 1250 636 1274 usu
651 1236 919 1287 vulgatissima
937 1235 1104 1286 ideoque
1120 1233 1226 1284 quod
1246 1239 1341 1271 tunc
1357 1237 1484 1270 essent
1506 1245 1579 1269 no-

138 1290 290 1329 tissima
305 1291 431 1329 literis
458 1292 708 1330 scribentium
730 1306 811 1330 non
834 1305 1028 1343 expressa.
1083 1290 1141 1328 sic
1160 1288 1276 1327 fuisse
1303 1288 1344 1326 in
1356 1301 1432 1326 usu
1449 1299 1577 1338 quon·

140 1346 231 1385 dam
248 1351 288 1384 et
316 1346 446 1398 pretio
468 1347 660 1397 quendam
687 1347 877 1386 honorem
894 1347 1040 1384 bisellii
1067 1350 1250 1384 vocatum
1270 1342 1400 1396 (quem
1428 1349 1486 1380 est
1506 1354 1578 1380 ve·-

139 1401 302 1440 risimile
332 1401 451 1439 situm
474 1403 594 1442 fuisse
622 1403 663 1441 in
689 1404 928 1455 praelatione
947 1401 1054 1440 sedes
1075 1402 1258 1453 geminae
1279 1398 1473 1450 aliquibus
1491 1397 1581 1436 exi—

140 1456 218 1496 mie
238 1455 443 1510 concessa)
463 1470 512 1496 ex
537 1471 616 1496 una
643 1472 772 1510 nuper
795 1457 987 1509 exscripta
1010 1464 1049 1495 et
1075 1456 1234 1506 vulgata
1254 1460 1407 1493 constat
1427 1467 1497 1506 per
1516 1453 1581 1492 vi-

138 1524 228 1552 rum
268 1511 533 1552 doctissimum
564 1513 877 1552 Chimentellium
905 1513 1034 1551 Pisani
1071 1510 1276 1550 marmoris
1310 1509 1584 1561 inscriptione,

138 1567 306 1619 reliquis
328 1580 372 1606 ea
401 1568 449 1606 de
473 1582 517 1608 re
540 1570 746 1608 vetustatis
767 1569 1029 1608 monumentis
1057 1567 1270 1606 silentibus.
1327 1565 1431 1604 unde
1453 1577 1525 1603 nec
1545 1564 1584 1602 si

139 1622 294 1677 primus
314 1629 353 1662 et
371 1624 479 1662 solus
498 1624 752 1676 Pachymeres
770 1626 884 1664 istam
904 1625 952 1664 de
978 1638 1051 1676 qua
1072 1637 1176 1662 nunc
1205 1622 1349 1672 agimus
1368 1620 1584 1659 dibambuli

138 1677 334 1717 vocabulo
353 1679 591 1730 designatam
612 1674 784 1731 geminae
801 1681 990 1733 lampadis
1010 1686 1099 1718 ante
1115 1677 1375 1732 patriarcham
1391 1678 1583 1714 Constan-

139 1733 447 1786 tinopolitanum
463 1737 742 1788 praelationem
763 1738 972 1776 memoriae
987 1736 1237 1789 prodidisset,
1257 1732 1390 1770 mirari
1407 1731 1583 1783 prudens

144 1789 272 1829 lector
291 1797 360 1829 aut
387 1798 606 1843 suspectam
627 1793 743 1831 unius
769 1792 911 1831 habere
929 1793 1046 1831 fidem
1064 1797 1272 1844 propterea
1292 1789 1458 1826 deberet.
1513 1786 1584 1825 sed

144 1844 254 1895 ‘1¹²⁰‘l
290 1847 487 1897 coepimus
517 1861 672 1898 agamus
706 1849 753 1887 de
779 1849 928 1900 origine
967 1849 1076 1887 vocis
1110 1846 1399 1885 dibambulum.
1464 1842 1583 1881 credo

148 1899 331 1950 equidem
368 1901 590 1940 ministrum
628 1903 695 1953 qui
730 1904 861 1942 lumen
893 1904 1174 1954 imperantibus
1199 1904 1342 1940 Romae
1371 1900 1586 1951 praeferret

144 1953 264 2018 pul-go
292 1954 439 1993 dictum
469 1957 746 2005 obambulum,
774 1960 867 2009 quin
894 1966 932 1997 et
955 1960 1215 1997 instrumento
1246 1963 1314 1995 aut
1339 1957 1424 1995 vasi
1446 1969 1523 2006 quo
1550 1955 1586 1994 is

146 2022 229 2059 igni
257 2011 454 2060 portando
478 2018 656 2051 uteretur
682 2014 842 2051 eandem
869 2027 1023 2064 quoque
1050 2012 1348 2065 appellationem
1368 2025 1588 2051 accommo-

147 2065 279 2127 datam
312 2078 388 2103 usu
415 2068 622 2118 populari;
650 2074 687 2106 et
714 2070 901 2107 translata
926 2083 999 2121 per
1018 2068 1315 2106 Constantinum
1335 2081 1355 2106 e
1373 2069 1495 2106 Roma
1511 2081 1586 2106 ve-

147 2126 230 2183 tere
243 2133 299 2182 ,ιιι
325 2134 468 2159 novam
489 2122 579 2160 sede
596 2123 773 2174 imperii,
801 2137 943 2162 nomen
958 2125 1060 2163 idem
1076 2125 1233 2162 Latinae
1251 2124 1408 2174 originis
1430 2124 1588 2162 Graecis

147 2175 275 2214 literis
296 2175 503 2226 signatum.
560 2192 603 2216 ac
629 2192 716 2216 cum
738 2180 839 2217 forte
861 2186 994 2231 postea
1019 2180 1225 2230 excogitati
1242 2181 1384 2230 gradus
1401 2186 1528 2218 essent
1545 2180 1590 2217 in

148 2230 449 2283 participatione
475 2233 595 2271 huius
622 2233 806 2283 honoris,
834 2235 887 2272 ita
916 2241 962 2273 ut
994 2236 1063 2274 fax
1087 2241 1156 2273 aut
1180 2235 1469 2287 lampasrunica
1497 2241 1589 2273 ante

150 2287 341 2350 quosdam
368 2295 616 2340 portaretur,
646 2296 737 2327 ante
761 2290 857 2328 alios
881 2290 1051 2342 duplex,
1080 2290 1313 2341 explicatam
1339 2291 1453 2329 istam
1475 2290 1589 2330 diffe-

149 2348 316 2382 rentiam
348 2344 509 2383 vocibus
535 2345 682 2383 Graeca
707 2346 831 2384 forma
863 2346 1105 2397 compositis,
1133 2347 1189 2385 ita
1215 2352 1263 2384 ut
1283 2347 1589 2385 instrumentum

149 2397 309 2436 unicam
331 2412 467 2449 gerens
495 2401 714 2452 lampadem
741 2402 1111 2451 monobambulum,
1149 2402 1317 2452 geminas
1345 2402 1492 2441 habens
1522 2401 1589 2440 di.

153 2451 390 2492 bumbulum
412 2463 632 2495 vocaretur.
690 2457 795 2495 dicet
813 2457 951 2508 aliquis
971 2457 1210 2496 commodius
1233 2456 1510 2496 dibambulum
1528 2458 1590 2496 di·

151 2512 260 2571 ctum
281 2510 405 2549 videri
429 2525 543 2563 posse
564 2512 672 2564 qnasi
697 2511 975 2563 dibampulum
995 2513 1042 2550 ab
1064 2513 1259 2564 ampulla,
1276 2513 1426 2552 mollito
1446 2528 1471 2565 p
1489 2513 1531 2551 in
1549 2514 1590 2555 b.

154 2567 263 2614 atqui
289 2565 322 2602 si
350 2566 428 2604 hoc
453 2573 575 2618 esset,
604 2569 904 2606 monamhulum
929 2582 976 2606 ex
998 2569 1173 2619 analogia
1197 2569 1357 2608 formari
1384 2569 1590 2608 debuisset.

155 2629 406 2668 agnoscamus
433 2635 522 2674 ergo
548 2623 591 2661 in
616 2637 713 2662 voce
740 2623 1088 2662 monobambulum
1110 2637 1240 2662 veram
1259 2631 1338 2663 tam
1362 2624 1592 2662 monobam-

157 2671 244 2710 buli
275 2688 391 2724 quam
415 2676 643 2717 dibambuli
662 2680 849 2730 originem
870 2679 1050 2717 Latinum
1072 2679 1303 2718 vocabulum
1323 2680 1592 2719 obambulum.

154 2725 251 2790 haec
276 2742 362 2769 mea
389 2732 492 2771 circa
516 2733 795 2774 dibambulum
824 2738 1096 2782 coniectantes,
1134 2740 1179 2773 ut
1199 2735 1305 2774 soleo
1329 2748 1418 2774 meo
1446 2734 1595 2774 iudicio

157 2781 351 2834 diffidere,
379 2799 468 2825 cum
488 2788 574 2826 aliis
593 2790 838 2831 discutienda
866 2790 992 2833 obtuli
1016 2790 1111 2831 viris
1131 2790 1317 2839 eruditis,
1343 2797 1429 2831 tum
1451 2791 1594 2830 doetis-

215 2843 389 2889 Gcorgz'us
415 2845 638 2892 Pachynum·
664 2850 715 2884 11.
1268 2845 1323 2888 48
