1858 3126
284 121 383 169 586
700 122 933 166 GEORGII
964 122 1312 169 PACHYMERIS

282 236 347 278 καὶ
369 234 459 276 λίαν
475 230 811 290 διεφυλάττοντο,
849 235 901 279 τὰ
924 235 1037 292 πέριξ
1059 237 1104 279 δὲ
1124 238 1189 280 καὶ
1210 235 1500 293 διαδραμόντες
1529 238 1608 282 ἀπό
1628 243 1726 295 γοῦν

278 303 463 346 Καλλίου
483 302 600 358 μέχρι
619 305 684 345 καὶ
709 306 968 359 Τζουρουλοῦ
981 337 995 357 ,
1028 304 1074 347 τὸ
1096 305 1209 356 ἐντὸς
1225 305 1334 348 ἅπαν
1354 311 1486 356 κακῶς
1503 309 1724 360 «laetitiam,

280 371 496 420 κτείνοντες
523 374 761 426 παμπληθεὶ
794 371 850 422 ὡς
879 374 934 421 εἷς
957 370 1143 427 χιλιάδας
1174 375 1353 425 πίπτειν,
1401 375 1483 426 ζῶα
1520 376 1586 416 καὶ
1624 379 1727 428 βοῦς

277 437 485 493 ἀροτῆρας
506 441 683 494 ζευγίτας
703 439 1077 496 ἀνδραποδίζοντες,
1112 443 1179 483 καὶ
1197 447 1328 484 ταῦτα
1350 441 1392 484 ἓν
1409 446 1535 500 καιρῷ
1558 439 1726 498 ἀρότου,

226 508 258 542 D
282 505 347 549 ὅτε
368 506 406 548 οἶ
424 508 496 559 μὲν
515 505 786 563 ἐσφάττοντο,
822 508 909 550 ὅσοι
931 510 975 551 δὲ
996 511 1060 550 καὶ
1083 508 1275 566 ἔφθασαν
1303 508 1626 566 προσφυγόντες,
1662 511 1762 554 «ἒν-5

277 574 350 623 τὸς
376 578 449 629 τῆς
476 573 629 625 πόλεως
655 574 920 630 παρεδύοντο.
999 577 1115 619 αὐτοὶ
1147 579 1191 620 δὲ
1225 578 1276 620 τὰ
1293 579 1461 633 μέγιστα
1491 582 1573 620 τῶν
1596 581 1730 620 κακῶν

280 642 555 698 εἰργασμένοι,
594 644 676 685 ἐπεὶ
710 644 1065 699 ἀποκεκλεισμένην
1091 644 1330 701 Ἡράκλειαν
1354 645 1500 700 ἤκουον
1519 645 1729 703 (ἔφθασαν

277 711 356 767 γὰρ
378 711 418 753 οἱ
435 713 529 767 τῇδε
553 716 610 770 τῷ
633 712 862 768 ἀπογνῶναι
881 713 953 767 τὴν
976 711 1215 769 ἀσφάλειαν,
1252 715 1493 768 καὶμᾶλλον
1512 713 1622 768 παρὰ
1647 717 1730 756 τῶν

277 776 484 834 ἡγεμόνων
507 779 808 834 ἓξοτρυνόμενοι
821 814 834 833 ,
870 785 1114 835 καταβαλεῖν
1135 783 1210 835 μὲν
1233 781 1329 825 ὅσον
1358 783 1529 836 ἴσχυσαν
1555 786 1629 824 τοῦ
1649 783 1728 824 πο-

281 847 500 900 λίσματος,
538 848 664 903 πυρὸς
685 850 729 890 δὲ
759 849 810 891 τὰ
837 847 968 891 πάντα
986 850 1141 892 θέσθαι
1173 849 1419 905 δαπάνημα,
1460 849 1565 893 κατὰ
1591 853 1728 904 Σηλυ-
1742 855 1786 890 10

280 917 404 971 βρίαν
421 918 445 956 δ
455 915 468 931 '
487 915 801 973 ε’γκλεισθῆναι),
837 915 893 966 ὥς
910 915 1014 971 εἶχον
1035 918 1162 968 zoae-g
1177 916 1393 977 Ῥαιδεστῷ
1412 915 1731 974 προσβάλλουσι.

282 985 349 1025 καὶ
369 982 465 1026 ὅσον
481 985 555 1037 μὲν
574 985 686 1035 ἐκτὸς
715 985 1045 1040 προκατέλαβον,
1084 985 1236 1028 ἀνοικτὶ
1256 988 1473 1029 κτείνουσιν
1495 984 1549 1035 ῶς
1569 991 1732 1028 κεῖσθαι

233 1051 266 1086 Ε
293 1050 491 1101 πεσόντας
519 1053 561 1094 ἐκ
594 1058 674 1095 τῶν
700 1058 824 1108 τριῶν
849 1054 1067 1108 ἐκκλησιῶν
1090 1054 1207 1109 μέχρι
1232 1056 1298 1096 καὶ
1334 1055 1462 1096 αὐτοῦ
1490 1051 1730 1096 Ῥιιιδεστοῦ

283 1118 548 1174 παμπόλλους
576 1119 830 1175 ἀνθρώπιον,
877 1122 948 1164 τὸν
978 1122 1023 1164 δὲ
1054 1120 1204 1177 πύργον
1234 1126 1393 1164 πολλῶν
1423 1121 1731 1177 ἓγκλεισθέντων

280 1190 617 1244 περικαθίσαντες
636 1189 790 1244 ἤθελον
807 1191 961 1240 ἐξελεῖν.
1031 1191 1097 1232 καὶ
1125 1191 1207 1232 ἐπεὶ
1227 1188 1411 1233 ἀδύνατα
1435 1185 1484 1244 ἦν
1503 1190 1642 1245 σφίσιν
1663 1188 1729 1231 αἶ·
1739 1197 1784 1234 15

284 1262 366 1312 ρεῖν
382 1257 650 1311 μαχομένοις,
687 1256 788 1300 καθ’
823 1255 1037 1313 ὁμολογίας
1067 1257 1280 1312 ἐπειρῶντο
1307 1262 1564 1314 χειροῦσθαι.
1631 1255 1727 1299 ἀλλ’

281 1324 377 1367 οὐδ’
401 1324 532 1375 οὕτως
551 1323 655 1379 εἶχον
669 1339 679 1349 ·
708 1323 839 1383 ταύτῃ
858 1343 921 1368 τοι
942 1327 1007 1367 καὶ
1029 1323 1271 1382 ἀπογνόντες
1287 1324 1551 1382 ὑπέστρεφον.

138 1393 167 1427 Ρ
189 1393 260 1429 410
423 1394 496 1438 12.
569 1392 674 1436 Τότε
693 1395 759 1436 καὶ
782 1398 856 1449 τῆς
879 1391 1120 1450 Αὖγοῦστης
1141 1393 1318 1450 Εἰρήνης
1337 1390 1732 1449 ἐπαναζευγνυοόσης

281 1461 325 1503 ἐκ
349 1462 649 1517 Θεσσαλονίκης
667 1463 734 1505 καὶ
758 1467 964 1517 σταθμοῖς
987 1466 1212 1516 βασιλικοῖς
1240 1460 1333 1506 ὡσεὶ
1362 1463 1459 1506 δέκα
1486 1458 1732 1516 ἔξανυοῦσης

371 1569 405 1605 1.
428 1567 546 1614 γοῦν]
570 1568 666 1615 τῆςῒ

278 1658 456 1705 praesidiis
476 1660 606 1695 insessa
629 1660 754 1695 nostris
775 1660 864 1695 invia
885 1661 1061 1703 recerunt,
1090 1660 1191 1696 etiam
1214 1672 1257 1696 ex
1280 1662 1472 1697 abundante
1494 1660 1594 1696 turba
1616 1659 1732 1694 varias

279 1705 444 1740 conflatas
467 1717 580 1740 manus
603 1717 870 1752 quoquoversum
897 1707 1106 1748 emittentes,
1141 1713 1264 1741 cuncta
1279 1719 1366 1753 quae
1390 1709 1481 1742 circa
1500 1707 1634 1741 Ganum
1650 1710 1731 1739 sunt

282 1762 390 1797 usque
413 1752 597 1786 Tzur-ulum
619 1751 731 1786 saevis
753 1752 998 1786 incursionibus
1021 1754 1218 1795 vastabant,
1240 1753 1446 1787 trucidantes
1464 1752 1586 1798 passim
1600 1750 1731 1792 obvios,

283 1802 322 1830 ut
345 1797 496 1842 pluribus
519 1798 719 1832 cadaverum
742 1797 884 1831 millibus
905 1797 1004 1832 strati
1029 1802 1105 1844 post
1119 1799 1234 1833 horum
1257 1799 1432 1833 transitum
1454 1797 1563 1844 campi
1586 1806 1731 1842 appare-

282 1847 383 1885 rent,
412 1854 535 1888 greges
568 1849 786 1889 armentaque
815 1843 1040 1886 abducentes,
1076 1856 1118 1878 ne
1149 1845 1256 1878 bobus
1284 1844 1416 1890 quidem
1447 1843 1620 1878 arantibus
1650 1852 1732 1887 par-

284 1888 410 1929 cendo,
435 1900 521 1934 quos
543 1890 586 1942 ab
609 1899 713 1935 opere
743 1890 983 1943 abstrahebant
1011 1889 1091 1923 licet
1124 1890 1257 1943 publice
1279 1889 1355 1923 utili
1378 1895 1414 1924 et
1433 1890 1477 1943 ob
1500 1889 1577 1923 anni
1598 1893 1732 1932 tempus

285 1935 1732 2026 {1220‘532205'2222‘3'2ffi222÷2⁰21¹2⁰52222ffi¹32232“xsssssszffssssmz‘zz‘tsxsset

285 2023 479 2069 gientibus,
513 2038 554 2060 ac
583 2027 673 2060 intra
705 2037 779 2060 eam
802 2037 935 2071 quoque
966 2030 1097 2060 terrore
1119 2027 1262 2060 durante
1283 2026 1352 2060 illic
1382 2025 1417 2060 in
1440 2027 1587 2060 latebras
1608 2036 1646 2059 se
1668 2024 1730 2058 ab-

285 2069 453 2105 dentibus.
499 2083 600 2116 porro
633 2072 770 2106 barbari
798 2071 897 2106 editis
927 2071 1122 2106 immanibus
1154 2077 1226 2106 toto
1247 2072 1303 2106 illo
1327 2077 1439 2105 tractu
1460 2070 1631 2106 inauditae
1652 2080 1732 2103 cru-

284 2114 432 2149 delitatis
455 2117 632 2162 exemplis,
663 2117 722 2151 ubi
744 2128 782 2151 se
805 2117 958 2152 exclusos
981 2129 1042 2163 spe
1064 2123 1239 2152 senserunt
1262 2118 1467 2158 Heracleae,
1501 2121 1602 2162 prout
1622 2115 1731 2149 desti-

285 2165 469 2203 naverant,
493 2163 707 2207 occupandae
731 2163 911 2208 (quoniam
935 2163 1180 2198 Heracleenses
1201 2162 1437 2208 desperatione
1460 2160 1671 2200 securitatis,
1693 2160 1730 2192 et

285 2206 427 2239 maxime
451 2208 629 2251 praesectis
653 2209 870 2252 urgentibus,
894 2209 987 2243 urbis
1009 2209 1072 2254 ipsi
1087 2220 1169 2243 suae
1187 2214 1346 2254 quantum
1363 2219 1460 2242 mann
1475 2211 1614 2252 potuere
1635 2207 1729 2250 post·

284 2261 383 2295 quam
407 2252 597 2294 diruerant,
629 2253 766 2299 reliquis
795 2255 874 2298 igne
894 2254 1043 2289 subiecto
1076 2254 1166 2289 intra
1195 2253 1382 2297 Selybriam
1404 2265 1442 2287 se
1473 2249 1728 2292 concluserant)

282 2299 356 2329 toto
379 2296 503 2341 impetu
535 2298 760 2333 Rhaedestum
792 2299 1045 2343 aggrediuntur.
1092 2311 1132 2333 ac
1163 2299 1331 2334 exteriora
1361 2298 1495 2343 quidem
1526 2295 1635 2330 omnia
1667 2305 1730 2339 per

282 2340 454 2375 circuitum
474 2343 546 2377 eius
570 2344 683 2388 oppidi
708 2344 813 2388 primo
836 2345 971 2379 incursu
995 2348 1177 2390 occupant,
1212 2345 1286 2378 sine
1308 2342 1534 2376 misericordia
1555 2340 1730 2374 trucidan-

282 2390 360 2427 tes,
382 2386 433 2420 ita
455 2391 493 2420 ut
515 2399 536 2421 a
558 2389 668 2422 tribus
691 2389 839 2423 ecclesiis
862 2390 904 2423 ad
936 2391 1027 2434 ipsas
1050 2402 1156 2435 usque
1178 2388 1362 2423 Rhaedesti
1385 2391 1502 2432 portas
1521 2389 1654 2430 strages
1674 2385 1730 2419 in·-

282 2443 367 2476 gens
395 2433 664 2466 obtruncatorum
697 2434 839 2477 plurium
873 2434 1023 2476 iaceret3
1065 2435 1183 2468 turrim
1222 2439 1332 2467 autem
1363 2443 1538 2466 numeroso
1566 2431 1730 2465 insessam

284 2477 453 2522 praesidio
470 2478 579 2511 exorsi
603 2489 818 2522 oppugnare,
843 2483 1022 2524 utcumque
1044 2490 1200 2513 summam
1224 2478 1259 2511 in
1282 2479 1345 2510 hoc
1366 2477 1607 2511 contentionem
1630 2475 1730 2510 adhi-

284 2523 432 2564 bebant,
463 2524 591 2557 frustra
622 2527 727 2557 erant.
774 2522 892 2568 itaque
914 2524 1095 2568 desperata
1118 2522 1367 2568 expugnatione
1391 2533 1452 2567 per
1476 2523 1542 2556 vim
1565 2526 1729 2568 apertam,

310 2568 444 2602 ellicere
465 2569 619 2602 obsessos
640 2568 683 2602 ad
707 2567 907 2602 deditionem
940 2569 1185 2602 conditionibus
1214 2567 1396 2602 offerendis
1419 2569 1646 2609 conabantur,
1674 2567 1730 2601 ni·-

308 2613 353 2648 ilo
387 2613 533 2648 feliciore
560 2613 704 2658 incepto.
751 2624 857 2658 quare
898 2614 1021 2648 omisso
1051 2614 1141 2648 vires
1172 2613 1323 2659 ipsorum
1361 2614 1544 2649 excedente
1580 2613 1727 2658 negotio,

284 2659 373 2694 unde
395 2663 574 2701 venerant,
596 2664 820 2694 reverterunt.

379 2706 431 2740 12.
478 2705 554 2740 Hac
573 2704 647 2740 vice
677 2715 788 2738 rerum
821 2705 972 2749 Augusta
1001 2704 1100 2738 Irene
1129 2703 1373 2739 Thessalonica
1406 2702 1728 2748 Constantinopolim

285 2755 502 2794 revertente,
533 2761 574 2786 ac
600 2749 666 2786 iam
698 2750 813 2784 decem
841 2750 977 2785 circiter
1006 2750 1124 2785 diebus
1155 2761 1196 2784 eo
1219 2749 1343 2784 itinere
1374 2760 1573 2796 progressa,
1604 2748 1664 2783 sed
1685 2759 1730 2784 ea
