1820 3112
379 145 456 188 DE
490 144 825 188 ANDRONICO
860 142 1234 188 PALAEOLOGO
1268 143 1316 187 L.
1349 142 1385 187 1.
1563 142 1628 188 63

163 258 210 302 οἳ
222 257 275 313 δὴ
303 259 371 301 καὶ
398 254 582 301 αὐτόθεν
614 253 851 314 προσιόντες
890 254 1074 312 εὐλογίας
1102 274 1146 300 τε
1179 253 1533 312 μεταλαγχάνουσι
1562 256 1632 298 καὶ

161 327 270 383 ἱεροῦ
287 324 646 380 μεταλαμβάνουσι
664 323 900 379 πλάσματος
910 357 924 377 ,
962 326 1086 380 δῆλοί
1100 342 1142 368 τε
1169 319 1275 379 ἦσαν
1295 325 1338 375 ἔξ
1355 318 1413 368 ὧν
1428 321 1565 380 ἔλεγόν
1585 340 1630 366 τε

162 396 229 437 καὶ
255 393 459 450 ἔπραττον
486 393 612 437 πάντ’
650 395 793 443 ἐῶντες
820 392 893 450 ἐφ’
925 390 987 443 οἷς
1015 395 1064 436 τὸ
1090 398 1254 447 πρῶτον
1290 391 1346 443 ὥς
1375 394 1556 447 ἰσχυροῖς
1585 392 1629 443 ἓξ

164 460 340 518 ἀνάγκης
353 464 545 518 μεγίστης
566 463 783 517 ἐσχίζοντο.
853 460 1083 516 ἐπέφωσκεν
1109 459 1134 515 ἧ
1165 459 1322 517 ἡμέρα,
1360 463 1426 503 καὶ
1450 460 1497 504 τὸ
1524 465 1628 515 θερ-

129 531 241 584 5μόν
262 531 386 574 ἐκεῖνο
406 533 472 573 καὶ
493 530 653 573 ἴντονον
676 530 780 585 πρὸς
806 529 966 584 εἶρήνην
997 534 1270 584 ψυχροῦσθαι
1300 532 1366 571 καὶ
1387 533 1626 584 καταχαλᾶν

160 598 332 654 ἤρχετο,
370 601 437 642 καὶ
470 597 526 649 ὥς
553 602 894 654 κατασοφισθεῖσι
926 600 1067 653 σᾳίσιν
1094 596 1254 648 ἑαυτοῖς
1281 605 1509 652 προσεῖχον.
1580 597 1622 640 ἓν
1643 610 1675 645 Β

160 667 314 723 ἀφανεῖ
330 669 376 710 δέ
394 667 493 716 τέως
514 667 565 709 τὰ
591 672 663 721 τῆς
680 671 913 720 μεταβολῆς
934 665 1106 719 ἔχοντες,
1143 667 1297 724 (κτῆμα
1318 665 1397 721 γὰρ
1419 664 1519 708 εἶναι
1536 683 1625 708 πει-

159 740 267 785 θοῦς
294 736 369 791 τὴν
397 733 558 791 εἰρήνην
586 735 682 777 ἀλλ’
714 735 763 778 οὗ
799 733 924 789 τύχης
953 733 1125 790 ἔκρινον)
1154 733 1274 788 μόλις
1300 736 1367 776 καὶ
1398 733 1440 783 ἔς
1472 735 1625 789 ἐκείνης

157 801 315 860 ἡμέρας
334 803 531 858 ἑσπέραν,
569 802 626 853 ὥς
643 801 889 858 ἀφυλάκτως
908 801 1149 856 ἐμπεσόντες
1159 836 1172 854 ,
1208 802 1249 845 ἔν
1279 805 1396 860 δεινῷ
1415 803 1623 855 τιθέμενοι

104 885 149 920 10
160 870 322 926 ἔμενον,
358 875 517 926 πρωΐας
536 873 580 914 δέ
607 872 712 926 πλὴν
742 872 887 926 ὀλίγων
916 870 1063 922 πάντες
1085 873 1409 926 παρεκεκίνηιτο.
1481 869 1503 914 ὁ
1521 875 1621 927 γοῦν

157 945 321 995 κρατῶν
354 941 437 983 ἐπεὶ
468 940 567 995 ἴγνω
600 940 648 982 τὸ
677 945 759 982 πᾶν
790 941 1050 995 εἰργασμένος
1076 938 1237 994 μάτην,
1281 937 1445 995 συνάγει
1462 957 1505 982 τε
1522 940 1621 990 τοίς

156 1006 414 1065 προῦχοντας
431 1010 497 1051 καὶ
516 1011 748 1064 δημηγορεῖ.
789 1010 857 1050 καὶ
875 1008 946 1050 τὸν
962 1009 1037 1061 μὲν
1056 1006 1311 1063 πατριάρχην
1331 1007 1411 1051 ἴσω
1432 1025 1514 1051 που
1536 1026 1619 1050 πα-

157 1075 344 1133 ραβύσας
371 1077 651 1128 ἐστολισμένον
676 1081 841 1126 στολαῖς
872 1077 998 1132 ἱεραῖς
1020 1076 1291 1131 προσέταττεν
1316 1076 1503 1131 ἠρεμεῖν,
1539 1076 1619 1120 αὖ-

154 1151 243 1195 τοῖς
257 1145 303 1188 δὲ
325 1144 513 1202 στρέφων
534 1143 618 1188 οἷον
634 1143 775 1197 διττά,
815 1147 881 1187 καὶ
899 1142 1134 1199 τεχνιτεύων
1153 1143 1208 1195 ὥς
1229 1140 1277 1199 ἦν
1297 1145 1403 1200 πρὸς
1419 1145 1495 1195 τὰς
1510 1145 1611 1188 ἔκεί-
1634 1158 1665 1193 c

102 1227 145 1262 15
157 1229 236 1256 νων
255 1211 450 1263 διπλόας,
481 1212 591 1263 ὅπως
611 1213 662 1256 ἂν
678 1213 802 1268 ἔχοιεν
822 1211 985 1269 γνώμης
1003 1213 1075 1256 τὸν
1095 1218 1428 1268 πατριαρχοῦντα
1452 1215 1619 1256 διεπυν-

154 1278 322 1325 θάνετο.
391 1288 478 1331 τοῖς
506 1283 550 1324 δὲ
580 1282 639 1336 μὴ
670 1280 879 1338 ὁμολογεῖν
908 1283 983 1335 μὲν
1010 1283 1160 1324 ἐκεῖνον
1185 1280 1442 1337 πατριάρχην
1464 1280 1485 1324 ὅ
1507 1281 1613 1338 παρ’

154 1349 304 1392 ἐκείνου
323 1347 523 1405 ἁγιασμὸς
540 1352 607 1392 καὶ
631 1348 653 1404 ἦ·
683 1350 843 1406 εὐλογία
863 1351 1139 1405 προσίστατο,
1178 1347 1388 1405 ὁμολογεῖν
1410 1350 1478 1402 δέ,
1514 1350 1618 1400 τέως

153 1417 199 1460 δ’
225 1417 327 1473 ἔχειν
346 1417 452 1460 ἅττα
472 1419 538 1460 καὶ
560 1418 712 1469 λέξειαν
733 1417 966 1462 σκανδάλου
987 1415 1209 1475 παρεκτικά
1221 1450 1236 1472 ,
1269 1416 1331 1468 οἷς
1352 1418 1403 1473 δὴ
1423 1420 1490 1461 καὶ
1511 1423 1616 1462 πολ-

151 1547 291 1593 eipiunt‚
314 1547 424 1593 plane,
439 1552 479 1583 ut
499 1552 571 1583 tum
594 1549 815 1594 apparebant,
831 1548 1061 1594 significantes
1081 1549 1277 1584 renuntiare
1299 1560 1338 1584 se
1360 1548 1515 1596 pristinis
1535 1560 1617 1595 per-

149 1594 382 1636 suasionibus,
413 1600 449 1628 et
478 1606 559 1629 vero
590 1596 725 1629 tandem
748 1595 864 1640 agnito
894 1596 1058 1630 dedoctus
1086 1602 1208 1630 cuncta
1230 1596 1290 1630 illa
1311 1596 1501 1642 superiora,
1525 1607 1616 1641 quae

148 1650 213 1684 pro
245 1639 447 1674 necessariis
470 1640 689 1675 abscindendi
717 1653 794 1675 sese
825 1642 870 1675 ab
900 1641 1046 1676 ecclesia
1066 1642 1178 1676 causis
1200 1642 1408 1685 habuerant,
1441 1640 1617 1676 remittere

150 1696 194 1719 ac
213 1686 301 1720 velle
322 1685 476 1720 oblivisci
501 1687 589 1720 bona
611 1687 691 1721 fide.
737 1692 908 1721 caeterum
937 1688 995 1721 vix
1018 1692 1178 1733 posterae
1206 1688 1287 1722 iude
1310 1687 1377 1721 diei
1399 1687 1451 1721 sol
1473 1694 1617 1721 exortus

146 1730 319 1773 illuxerat,
337 1743 411 1765 cum
433 1733 551 1766 horum
573 1733 719 1767 studium
741 1733 824 1767 illud
847 1733 881 1768 iu
904 1745 1025 1779 pacem
1040 1733 1228 1778 pridianum
1245 1733 1360 1779 coepit
1381 1733 1616 1777 languescere.

148 1787 193 1811 ue
222 1777 287 1811 sibi
318 1782 411 1811 esset
441 1778 573 1812 illusum
605 1783 780 1813 transacta
813 1784 1040 1814 retractantes
1061 1780 1286 1821 verebantur3
1319 1790 1362 1813 ae
1394 1782 1524 1812 tantam
1558 1777 1614 1812 sui

147 1821 243 1856 nictu
262 1827 479 1868 properatam
501 1824 592 1858 oculi
613 1824 832 1859 mutationem
856 1825 1035 1866 admirati,
1067 1825 1166 1859 nullis
1196 1825 1261 1858 sibi
1282 1825 1513 1868 argumentis,
1549 1822 1616 1857 nisi

147 1879 247 1903 casus
270 1874 395 1903 eventu
417 1870 562 1911 fortuiti,
587 1873 655 1904 tam
678 1871 747 1904 alte
768 1871 956 1916 insculptas
977 1871 1095 1904 animis
1121 1870 1218 1904 evelli
1240 1871 1395 1916 potuisse
1416 1869 1614 1914 persuasio-

147 1925 208 1947 nes
229 1916 478 1959 querebantur,
501 1927 580 1950 sero
601 1916 667 1950 iam
690 1920 912 1961 agnoscentes
933 1915 1064 1950 scilicet
1085 1915 1262 1950 doctrinae
1282 1915 1421 1956 solidae,
1447 1926 1514 1948 nou
1536 1926 1615 1949 sor-

146 1958 192 1992 tis
213 1958 381 1994 instabilis
400 1961 506 1994 talem
526 1972 590 2006 par
612 1962 716 1996 fuisse
738 1962 898 1996 effectum
919 1962 1078 1996 existere.
1108 1972 1212 2005 aegre
1233 1961 1277 1994 ad
1301 1961 1375 1995 eius
1396 1960 1461 1994 diei
1486 1971 1613 2006 vespe-

146 2015 219 2038 ram
241 2016 403 2040 novorum
425 2006 612 2041 istiusmodi
634 2019 791 2041 sensuum
813 2007 1067 2053 qualiscumque
1089 2006 1312 2040 dissimulatio
1333 2005 1508 2051 pervenit:
1530 2017 1614 2040 ure-

146 2049 208 2084 bat
228 2050 356 2096 quippe
378 2052 512 2095 penitus
541 2057 578 2085 et
604 2052 868 2098 inquiefissime,
897 2058 938 2087 ut
968 2052 1093 2086 indicia
1121 2052 1332 2096 erumpentia
1363 2051 1419 2085 vix
1440 2055 1610 2095 tenerent,

146 2094 303 2139 agitabat
324 2098 491 2141 superbos
511 2097 641 2132 animos
666 2098 826 2133 memoria
859 2098 1127 2143 imprudentiae,
1155 2108 1223 2142 qua
1244 2108 1283 2131 se
1304 2096 1442 2132 ineante
1462 2097 1611 2132 obiecis-

146 2146 225 2175 sent
246 2140 395 2186 periculo
417 2142 557 2184 ruinae,
579 2142 615 2177 in
637 2154 738 2188 quam
762 2148 798 2177 et
818 2143 1141 2189 praecipitaverant.
1185 2143 1315 2177 larvam
1335 2148 1450 2178 tamen
1472 2155 1516 2178 ea
1536 2143 1609 2178 uti-

146 2198 215 2232 que
236 2186 311 2221 luee
333 2198 400 2221 nou
420 2187 619 2233 deposuere.
664 2189 852 2234 postridie,
872 2194 1011 2234 praeter
1033 2199 1179 2233 paucos,
1210 2188 1360 2223 universi
1379 2189 1491 2234 palam
1512 2193 1606 2223 motu

145 2231 276 2276 ingenti
290 2233 526 2268 reclamarunt„
570 2233 755 2279 imperator
776 2234 835 2268 ubi
855 2235 986 2268 frustra
1007 2245 1047 2268 se
1066 2234 1240 2269 laborasse
1260 2234 1447 2278 intellexit,
1481 2246 1608 2270 convo-

145 2283 204 2311 cat
224 2278 339 2324 capita
359 2278 434 2324 ipsa
454 2284 583 2320 sectae,
604 2285 641 2314 et
662 2278 849 2313 orationem
870 2279 915 2313 ad
937 2290 1013 2314 eun
1034 2284 1165 2314 coetum
1186 2280 1303 2315 habet.
1348 2281 1409 2315 sed
1424 2284 1605 2327 antequam

144 2322 260 2358 dicere
280 2325 549 2369 aggrederetur,
580 2324 808 2370 patriarcham
838 2324 1027 2370 pontificali
1058 2331 1213 2361 ornatum
1242 2326 1336 2360 cultu
1362 2332 1503 2372 praesto
1526 2338 1605 2361 esse

143 2367 253 2411 iubet,
277 2374 513 2415 expectantem
535 2371 570 2405 in
591 2371 701 2405 vicino
732 2370 899 2406 conclavi.
943 2371 1151 2406 Arsenianos
1180 2371 1255 2417 ipse
1275 2372 1410 2406 interim
1431 2372 1606 2418 implicare

143 2413 267 2448 callide
289 2422 440 2459 conatur,
463 2428 590 2463 anceps
610 2416 798 2463 quaesitum
819 2416 863 2450 ad
886 2427 1000 2451 eorum
1021 2418 1191 2463 utrimque
1213 2417 1350 2463 pervias
1370 2418 1607 2463 ambiguitates

144 2471 327 2506 opponens.
373 2468 593 2507 percontatur
614 2462 775 2497 videlicet
797 2473 840 2496 ex
862 2461 906 2496 iis
928 2462 1007 2508 quid
1031 2463 1074 2497 de
1097 2463 1310 2509 patriarcba,
1332 2463 1393 2509 qui
1415 2475 1503 2498 nunc
1525 2463 1608 2498 talis

143 2511 307 2548 vocetur,
327 2508 498 2552 sentiant3
528 2507 652 2554 ecquid
673 2520 749 2543 eum
772 2508 835 2542 tali
854 2519 976 2542 revera
997 2508 1185 2554 dignitate,
1215 2509 1310 2544 euius
1331 2509 1466 2544 nomine
1486 2509 1608 2554 digne-

143 2553 214 2593 tur,
236 2559 423 2596 agnoscunt
443 2555 646 2600 praeditum.
690 2554 880 2588 haerebant
902 2554 938 2588 in
966 2555 1175 2634 expediendo
1197 2566 1371 2600 responso.
1416 2555 1495 2590 hinc
1516 2554 1606 2590 enim

143 2595 262 2631 durum
284 2598 462 2634 videbatur
484 2606 522 2634 et
543 2611 662 2646 parum
684 2610 911 2645 consequens,
944 2611 1005 2646 pro
1031 2601 1096 2635 teri
1128 2612 1168 2635 se
1196 2601 1289 2635 illum
1322 2613 1386 2647 pro
1408 2601 1605 2647 patriarcha

143 2651 210 2676 noa
230 2643 370 2685 babere,
392 2656 414 2679 a
436 2656 504 2691 quo
524 2646 592 2691 ipsi
615 2647 768 2680 volentes
787 2645 965 2689 eulogiam,
986 2657 1009 2680 a
1031 2658 1096 2692 quo
1119 2646 1346 2682 eucharistiae
1367 2646 1605 2692 participatio-

142 2697 219 2721 nem
249 2688 473 2725 admisissent.
536 2691 688 2726 tribuere
716 2690 767 2724 illi
799 2691 1010 2726 confessione
1039 2704 1175 2747 quoque
1197 2704 1261 2728 sua
1281 2693 1440 2727 bonorem
1462 2692 1560 2726 cuius
1580 2701 1604 2726 a

144 2733 274 2768 cunctis
296 2735 405 2770 ferret
425 2737 573 2778 titulum,
594 2737 754 2782 excipere
774 2740 889 2771 tamen
910 2737 1024 2783 eliqua
1053 2749 1091 2772 ιιι
1114 2750 1154 2773 eo
1176 2750 1216 2773 se
1238 2738 1388 2784 culpare,
1410 2748 1500 2783 quae
1522 2737 1603 2782 quia

141 2777 264 2813 multos
285 2779 507 2824 offenderent,
527 2783 602 2818 eius
622 2781 759 2818 interim
779 2783 1010 2820 communione
1031 2785 1266 2820 abstinendum
1286 2788 1467 2831 putarent,
1492 2783 1603 2818 ninus
