1858 3126
266 155 365 202 752
661 154 973 201 OBSERVAT.
1005 155 1318 203 PACHYMER.

264 264 521 317 stantinopoli
543 264 711 316 contigit
730 264 889 305 circiter
909 279 1054 304 annum
1074 266 1165 307 Chr.
1188 269 1317 318 1296,
1338 269 1574 323 quicumque
1597 270 1712 311 vive..

263 324 361 362 bant
384 321 598 360 centenarii
627 327 695 360 aut
717 322 837 374 paulo
868 323 1101 361 centenariis
1124 324 1301 363 maiores.
1356 327 1534 366 meminit
1551 327 1711 366 altelius

262 377 687 429 constantinopolitani
714 383 839 418 terrae
859 385 989 417 motus
1010 380 1138 443 magni
1159 380 1332 432 scriptor
1358 381 1464 421 vitae
1490 383 1667 433 Gregorii
1685 386 1711 424 9

259 434 427 474 Romani
454 440 576 485 pont„
607 435 780 472 referens
808 448 896 473 eum
934 436 1139 486 contigisse
1167 450 1269 474 anno
1300 435 1394 477 Chr.
1419 440 1539 486 1231,
1560 452 1640 489 quo
1657 439 1711 477 ait

259 491 404 529 multas
423 490 560 529 domos
596 496 635 529 et
655 491 804 543 templa
825 492 1166 544 Constantinopoli
1193 492 1397 531 corruisse.
1455 500 1494 532 at
1513 493 1630 532 huius
1648 507 1715 533 re-

258 546 418 585 cordari
442 547 506 584 vel
538 547 827 598 septuagenarii
860 553 1054 598 poterant.
1111 547 1261 586 indicat
1298 555 1428 587 autem
1453 556 1588 588 noster
1609 550 1712 589 solos

257 617 323 642 eos
343 602 413 653 qui
433 602 536 641 ultra
556 603 756 653 vulgarem
776 603 934 642 modum
958 604 1188 652 senuissent,
1218 604 1321 643 illius
1338 605 1468 654 magni
1486 612 1612 645 terrae
1625 604 1712 643 moss·

255 665 321 698 tus
342 658 516 710 potuisse
535 660 760 698 memoriam
780 660 927 700 testari.
970 674 1090 710 quare
1111 660 1364 699 verisimilius
1387 662 1492 700 sorte
1510 662 1631 700 suerit
1646 662 1712 700 hic

255 714 468 766 significari
489 721 618 754 terrae
640 723 791 755 motum
818 716 910 754 anni
933 719 1050 765 1222,
1070 729 1146 766 quo
1169 717 1370 756 Caesarius
1389 717 1417 756 l.
1442 721 1494 760 10
1512 731 1547 758 e.
1571 719 1625 761 47
1645 731 1712 757 re-

257 773 336 811 fert
353 772 395 809 in
414 772 544 823 Cypro
566 772 695 810 insula
710 774 805 810 duas
824 772 1004 810 civitates
1022 778 1149 811 terrae
1168 779 1276 811 motu
1297 774 1415 811 fuisse
1436 774 1653 823 subversas,
1674 780 1712 812 et

255 829 300 867 in
320 841 453 866 earum
473 828 596 865 altera
618 829 843 880 episcopum
866 828 989 866 sacris
1011 835 1236 880 operantem
1255 835 1293 867 et
1305 829 1452 868 circum
1465 836 1710 881 praesentem

255 884 452 938 populum
472 884 611 936 templi
626 885 741 924 ruina
759 888 907 936 pariter
926 884 1089 923 obrutos
1107 885 1280 936 periisse.

370 954 411 992 p.
445 943 527 982 239
554 954 595 980 V.
629 944 693 982 16.
758 942 897 979 Petrus
928 941 1072 979 Gillius
1106 942 1133 979 l.
1159 945 1186 982 2
1219 941 1267 980 de
1301 941 1577 994 Topographia
1602 941 1710 980 urbis

259 996 621 1048 Constantinopolis
642 1010 676 1037 c.
700 999 725 1038 6
744 997 940 1035 existimat
957 997 1127 1035 Pharum
1148 997 1268 1036 fuisse
1286 997 1397 1035 sitam
1418 997 1460 1035 in
1478 1003 1714 1050 promonto-

259 1053 320 1092 rio
344 1053 465 1090 Ceras
482 1052 600 1093 dicto,
660 1052 800 1091 dehac
825 1053 952 1092 Pharo
977 1053 1043 1091 hic
1063 1054 1122 1103 agi
1146 1053 1356 1091 verisimile
1373 1053 1546 1092 videtur.
1604 1053 1712 1092 unde

259 1108 496 1148 crediderim
518 1110 698 1148 aberrare
714 1109 762 1146 ab
784 1109 956 1148 auctoris
971 1109 1163 1148 sententia
1187 1109 1448 1148 breviatorem
1465 1110 1709 1159 Vaticanum,

259 1165 356 1203 dum
382 1164 455 1203 hos
481 1165 669 1204 terminos
697 1166 814 1217 spatii
848 1166 952 1204 intra
980 1165 1088 1217 quod
1116 1165 1323 1216 digladiari
1352 1165 1602 1204 Veneticum
1624 1166 1711 1204 Ge-

258 1221 475 1260 nuensibus
495 1234 544 1260 ex
564 1228 678 1274 pacto
700 1235 789 1260 cum
805 1221 1043 1273 imperatore
1060 1221 1159 1260 inito
1179 1221 1401 1272 nequirent,
1429 1221 1485 1260 sic
1501 1221 1711 1274 exprimit:

258 1274 339 1318 vind
364 1280 436 1318 τοῦ
455 1281 597 1318 στενοῦ
615 1274 944 1326 Καλλιουπόλεως
965 1277 1071 1331 μέχρι
1097 1276 1165 1318 καὶ
1194 1280 1267 1318 τοῦ
1285 1277 1408 1329 ἱεροῦ.
1466 1278 1564 1330 quid
1591 1283 1709 1317 vocet

256 1329 399 1387 ἱερόν
386 1347 471 1385 ipse
491 1334 648 1373 viderit,
706 1335 836 1373 fauces
859 1334 1016 1385 quidem
1037 1333 1087 1372 ad
1105 1333 1328 1386 Callipolim
1347 1333 1502 1372 eaedem
1522 1347 1604 1372 non
1619 1339 1713 1372 sunt

256 1403 348 1428 cum
378 1390 555 1428 faucibus
583 1404 680 1442 quae
711 1390 762 1428 ad
790 1393 930 1428 Seston
958 1397 996 1428 et
1024 1390 1232 1442 Abydum,
1271 1389 1340 1428 sed
1369 1402 1389 1428 e
1407 1390 1597 1429 diametro
1618 1389 1711 1428 illae

255 1452 346 1484 sunt
362 1445 531 1484 invicem
549 1447 776 1498 oppositae,
806 1447 932 1485 media
952 1446 1055 1485 inter
1070 1453 1257 1498 utrasque
1277 1445 1532 1498 Propontide.

116 1503 145 1538 P
168 1505 234 1540 539
370 1515 408 1552 p.
427 1501 506 1543 242
530 1515 568 1540 v.
595 1507 659 1544 11.
716 1503 834 1550 Quod
855 1503 1010 1542 codices
1032 1503 1062 1540 B
1085 1508 1124 1541 et
1142 1502 1175 1541 A
1203 1501 1246 1543 ἔκ
1267 1517 1375 1550 τινος
1397 1501 1526 1549 αἰτίας
1555 1500 1708 1549 εἰκαίας

251 1556 421 1605 habent,
453 1557 538 1597 Vat.
564 1558 753 1608 exprimit
784 1558 826 1598 ἔκ
854 1574 963 1607 τινος
983 1560 1209 1612 μηδαμινῆς
1233 1558 1385 1608 αἰτίας,
1414 1571 1542 1596 caus-a
1561 1558 1627 1597 vel
1646 1557 1709 1595 of-

252 1613 503 1652 fensiuncula
525 1613 660 1651 nihili.

365 1682 405 1707 v.
427 1669 490 1711 15.
549 1682 615 1706 rex
640 1668 947 1710 Armeniae....
1006 1668 1115 1707 hunc
1143 1681 1275 1719 regem
1299 1667 1506 1707 Armeniae
1536 1669 1708 1707 Sanutus

254 1725 283 1763 l.
307 1727 333 1765 3
361 1738 404 1776 p.
430 1728 481 1766 13
508 1737 542 1763 c.
569 1728 595 1766 2
626 1724 877 1776 Haythonem
905 1731 1039 1773 vocat,
1078 1731 1116 1763 et
1146 1724 1299 1763 venisse
1327 1723 1708 1776 Constantinopolim

255 1779 354 1818 dicit
373 1794 419 1819 eo
439 1780 548 1831 quod
564 1780 732 1818 Michael
750 1780 966 1819 Andronici
979 1780 1082 1819 filius
1100 1794 1274 1819 sororem
1296 1793 1404 1818 suam
1423 1780 1708 1832 desponsasset.

257 1843 484 1887 congruunt
496 1836 592 1874 haec
616 1850 705 1875 cum
727 1836 985 1888 Pachymere,
1015 1837 1082 1888 qui
1101 1836 1282 1888 superius
1299 1836 1436 1874 docuit
1452 1836 1552 1887 regis
1570 1836 1712 1874 Arme-

255 1892 346 1931 niae
365 1893 486 1930 filiam
503 1893 663 1931 Mariam
683 1893 842 1931 nomine
855 1893 1036 1931 Michaeli
1057 1892 1251 1944 nupsisse.
1305 1892 1478 1943 explicat
1494 1898 1624 1930 autem
1642 1893 1710 1930 Sa-

258 1955 381 1987 nutus
410 1949 459 1987 de
487 1962 564 2000 quo
592 1962 731 2000 genere
760 1949 967 1987 convictus
990 1948 1245 2000 pachymeres
1275 1954 1386 1999 agat,
1416 1948 1509 1986 dum
1532 1949 1586 1986 ait
1602 1946 1711 1986 hunc

260 2018 390 2055 regem
412 2018 504 2043 cum
524 2005 668 2044 Freriis
694 2005 851 2044 vixisse.
910 2006 1027 2044 docet
1054 2005 1202 2056 quippe
1230 2004 1444 2056 sumpsisse
1459 2004 1572 2042 illum
1591 2002 1711 2041 habi-

259 2066 347 2098 tum
369 2061 520 2099 ordinis
538 2061 737 2100 Minorum
760 2063 798 2100 S.
819 2061 1038 2110 Francisci,
1067 2068 1107 2100 et
1126 2067 1172 2098 ut
1193 2060 1366 2099 sodalem
1389 2059 1530 2098 horum
1548 2066 1711 2112 patrum

260 2122 300 2154 et
315 2117 476 2154 fratrem
498 2117 839 2169 Constantinopoli
859 2117 1027 2164 vixisse;
1059 2117 1164 2156 unde
1180 2122 1336 2167 sumpta
1348 2115 1551 2154 occasione
1565 2113 1711 2164 Sebath

258 2171 481 2223 Haythonis
510 2173 631 2211 frater
657 2187 822 2223 regnum
853 2173 1059 2212 Armeniae
1085 2172 1307 2224 occupavit.
1366 2171 1434 2222 qui
1455 2171 1573 2209 etiam
1598 2170 1711 2221 Hay-

259 2227 423 2266 thonem
445 2228 587 2266 deinde
619 2236 775 2280 captum
807 2230 1046 2269 excoecavit.
1104 2229 1172 2267 sed
1202 2229 1236 2266 is
1255 2226 1392 2266 divino
1409 2226 1599 2265 miraculo
1619 2238 1711 2263 rur-

259 2296 348 2320 sum
367 2283 531 2333 adeptus
551 2298 666 2323 usum
688 2285 824 2323 oculo1
827 2299 905 2333 um,
931 2286 1042 2349 regni
1057 2285 1153 2335 quin
1165 2283 1282 2322 etiam
1300 2296 1461 2334 compos
1479 2288 1537 2320 est
1560 2281 1708 2331 factus;

258 2344 298 2376 et
321 2338 532 2377 sebathum
555 2341 938 2392 Constantinopolim
956 2341 1078 2390 misit,
1107 2353 1247 2390 rogans
1264 2339 1541 2389 imperatorem
1557 2343 1603 2375 ut
1621 2348 1710 2375 eum

258 2393 341 2432 illic
374 2394 580 2434 detineret.
639 2395 736 2434 haec
764 2397 819 2434 ibi
851 2398 1032 2435 Sanutus.
1089 2402 1128 2435 et
1165 2407 1215 2434 ex
1240 2407 1285 2432 eo
1319 2393 1441 2431 fusius
1470 2391 1708 2445 spondanus

257 2463 319 2488 an.
340 2448 431 2487 Chr.
455 2449 618 2491 1294n.
642 2455 693 2493 10
713 2457 751 2489 et
774 2455 839 2493 11.

366 2518 407 2557 p-
426 2507 507 2548 247
527 2518 564 2543 v.
589 2509 652 2546 10.
709 2503 783 2557 τὴν
798 2509 898 2558 γοῦν
921 2501 1103 2559 ἆναγκην
1119 2506 1303 2572 γίνεσθαι
1321 2500 1437 2556 χάριν
1453 2504 1549 2543 νικᾶ
1565 2503 1617 2558 τῇ
1637 2513 1709 2542 συ-

254 2559 371 2602 νέσει.
418 2560 475 2598 sie
498 2560 625 2599 codex
642 2561 684 2600 Β.
708 2561 793 2600 Vat.
813 2568 943 2600 autem
966 2562 1060 2602 νικά
1082 2565 1222 2614 γοῦνη
1197 2557 1404 2613 ησῦνεσις
1424 2574 1467 2598 το
1487 2561 1620 2598 ποιεῖν
1637 2572 1710 2608 χα-

257 2632 321 2671 ριν
348 2613 422 2668 τὴν
454 2612 934 2671 ἅναγκην.1)οιοῑ)εευι·ἰ
969 2617 1050 2655 loci
1079 2623 1125 2655 ut
1148 2616 1272 2668 possit
1295 2613 1482 2666 intelligi,
1533 2612 1707 2665 primum

257 2672 535 2712 constituenda
560 2672 759 2723 scriptula
789 2678 861 2712 est.
917 2678 1015 2724 puto
1037 2672 1079 2710 in
1104 2685 1202 2710 voce
1230 2673 1345 2719 νικᾶ,
1375 2676 1419 2708 ut
1450 2669 1492 2708 in
1513 2683 1546 2708 c.
1563 2669 1595 2707 B
1616 2681 1707 2706 cum

257 2728 542 2768 circumflexo·
530 2742 573 2766 in
590 2728 727 2766 ultima
747 2728 916 2778 legitur,
946 2727 1134 2766 mendum
1153 2741 1247 2768 esse.
1304 2740 1386 2765 non
1407 2725 1512 2764 enim
1534 2731 1592 2763 est
1609 2723 1708 2763 haec

253 2785 368 2824 tertia
393 2798 573 2838 persona
587 2784 795 2824 indicativi
826 2784 1042 2837 praesentis
1070 2797 1093 2822 a
1118 2781 1269 2834 νικᾶω,
1305 2783 1420 2837 νικᾷ,
1449 2781 1518 2821 sed
1531 2777 1708 2836 secunda
