1820 3112
192 111 288 157 250
612 84 847 153 omnen
882 108 1236 154 PAcHYmEms

49 231 75 266 P
102 232 168 267 170
191 223 451 281 ἀπαγγέλλειν
471 223 546 278 μέν
564 220 814 281 πατριάρχῃ,
851 222 1074 280 ἐγχειρίζειν
1093 224 1138 267 δὲ
1158 225 1226 267 καὶ
1239 222 1400 282 χάρτας
1420 226 1488 268 καὶ
1507 225 1662 282 ὄστρα-

187 312 240 337 κα
265 293 458 349 ἔγνωσαν.
528 289 584 342 ὥς
611 296 711 348 γοῦν
732 294 788 342 εἷς
804 299 946 349 χεῖρας
971 290 993 335 ὅ
1014 290 1270 350 πατριάρχης
1297 291 1375 349 εἶχε
1395 296 1462 337 καὶ
1483 294 1662 338 κατενόει

187 363 234 406 τὸ
258 364 399 419 δρᾶμα
413 393 426 413 ,
464 361 792 418 προσαναφέρειν
811 359 912 418 ἔγνω
930 361 984 404 τὰ
1007 363 1096 419 περὶ
1118 359 1268 405 τούτου
1288 363 1355 405 καὶ
1376 366 1559 417 βασιλεῖ,
1597 363 1660 408 ὅτι

189 432 255 474 καὶ
290 429 438 473 οὐδένα
471 427 599 472 ἄλλον
623 429 651 485 ἢ
680 429 807 473 αὐτὸν
831 427 989 473 ὑπενόει
1008 431 1079 473 τὸν
1095 430 1387 487 παρασυρέντα
1409 431 1514 474 καθ’
1535 426 1660 489 οἷπερ

187 495 296 554 ἦσαν
321 499 387 541 καὶ
409 497 454 540 αἱ
473 497 584 554 ἀραί.
635 500 702 540 καὶ
723 498 774 554 δὴ
793 498 866 542 τὸν
883 499 1063 556 ἀδελφὸν
1081 499 1252 554 πέμψας
1273 498 1508 554 Μεθόδιον,
1545 499 1695 555 ἦξίουὸ

188 567 362 622 βασιλέα
382 566 689 624 παραγενέσθαι
711 568 750 611 οἶ
765 582 774 592 ·
810 569 916 624 μηδὲ
936 568 1014 624 γὰρ
1035 566 1137 623 ἔχειν
1157 568 1344 612 ἀπαντᾶν
1373 568 1476 624 παρ’
1502 569 1662 614 ἐκεῖνον.

191 633 390 692 ἀπήγγελε
419 636 466 677 δὲ
498 637 567 678 καὶ
595 636 671 692 τὴν
704 637 863 690 αἰτίαν,
896 635 952 687 ὥς
980 637 1139 681 ἔλαθον
1167 638 1232 680 ἐπὶ
1261 642 1463 681 τοσοῦτον
1480 642 1663 695 φρικτῶν

136 709 165 743 Β
193 705 304 762 ἀρῶν
337 701 531 755 εὐθύναις
559 703 617 755 ὥς
647 704 722 748 οὐκ
755 705 916 749 οἴδασιν
945 704 1192 761 ε’νεχόμενοι,
1230 709 1299 750 καὶ
1327 705 1385 757 ὥς
1417 705 1664 758 ἄπεναντίας

188 778 263 828 τῆς
296 770 423 816 πάλαι
453 779 716 831 περιστερᾶς,
753 773 872 818 λύσιν
905 774 1257 832 εὖαγγελιζομένης
1283 780 1597 830 κατακλυσμοῦ,
1634 775 1670 831 ἦ

189 843 254 885 ἐπὶ
275 846 350 886 τοῦ
368 843 502 893 κίονος
523 843 651 898 ἐκείνη
672 844 876 901 φαίνεται,
913 844 1018 902 παρ’
1040 843 1139 888 ὅσον
1159 845 1234 888 οὐκ
1255 845 1444 902 εὐλογίας
1461 844 1567 888 ἀλλὰ
1586 863 1661 888 κα-
1675 857 1718 891 10

189 908 321 968 τάρας
351 913 418 954 καὶ
453 911 698 969 ἀφορισμῶν
730 910 936 971 μηνύτρια
963 913 1110 970 γέγονε.
1180 915 1250 958 καὶ
1275 913 1324 957 τὸ
1342 914 1569 970 χείριστον,
1607 912 1664 964 ὥς

190 978 282 1024 τότε
309 981 383 1035 μὲν
413 978 435 1024 ὃ
467 980 570 1024 δέων
600 979 858 1038 πατριάρχης
885 978 936 1037 ἦν
967 984 1034 1025 καὶ
1066 982 1143 1038 τὴν
1173 987 1248 1026 τοῦ·
1277 984 1360 1026 δεῖν
1377 984 1566 1034 ἐξουσίαν
1587 987 1663 1027 τοῦ

191 1047 422 1104 πνεύματος
449 1049 590 1107 ἔφερε,
627 1055 701 1093 νῦν
731 1050 775 1094 δ’
798 1049 819 1094 ὃ
841 1052 907 1095 καὶ
929 1051 1028 1101 ἴσως
1059 1048 1169 1094 λύειν
1187 1051 1372 1106 μέλλων,
1411 1053 1446 1094 εἲ
1469 1050 1572 1102 τέως
1596 1054 1664 1095 καὶ

192 1116 306 1172 λύοι,
346 1118 611 1176 ἐστερημένος
637 1123 711 1175 τῆς
744 1124 822 1163 τοῦ
848 1117 957 1163 λῦειν
985 1121 1172 1171 ἐξουσίας
1196 1118 1436 1176 εὑρίσκεται.
1503 1121 1572 1164 καὶ
1593 1121 1663 1164 διὰ
1699 1149 1702 1152 ·

141 1197 171 1232 C
194 1191 328 1231 ταῦτα
359 1186 415 1238 ὥς
443 1192 598 1243 πολλῆς
627 1193 704 1244 τῆς
730 1190 950 1240 δυσκολίας
978 1188 1105 1245 οἷίσης
1121 1189 1201 1246 χρὴ
1220 1193 1391 1242 κοπιᾶν,
1426 1188 1558 1245 ἔλεγε,
1597 1190 1662 1232 καὶ
1674 1198 1718 1233 15

191 1255 485 1311 συμβουλεύειν
519 1257 566 1301 τὸ
600 1256 815 1314 ποιητέον,
862 1256 920 1308 ὥς
951 1256 1278 1315 ἔμβραὸύνουσιν
1306 1258 1406 1308 ἴσως
1433 1258 1493 1314 μὴ
1521 1259 1663 1316 σφίσιν

188 1326 406 1370 ἀκίνδυνον
441 1324 500 1370 ὅν.
570 1331 704 1370 ταῦτα
736 1326 931 1381 βασιλεὺς
961 1325 1142 1376 ἀκούσας
1171 1325 1428 1382 ὃιευλαβήθη
1460 1326 1560 1377 τέως
1588 1327 1663 1382 τὴν

188 1398 336 1451 πρᾶξιν
359 1397 426 1438 καὶ
449 1395 551 1452 πρὸς
572 1395 643 1439 τὸν
662 1393 782 1451 λόγον
800 1393 1064 1452 ἐθορυβήθη,
1099 1397 1166 1438 καὶ
1184 1394 1240 1446 ὥς
1259 1394 1359 1452 εἶχεν
1378 1394 1533 1446 εὐθέως
1550 1395 1664 1454 παρὰ

187 1463 259 1506 τὸν
281 1461 538 1522 πατριάρχην
557 1465 720 1521 γίνεται.
777 1463 832 1515 ὥς
852 1466 897 1508 δὲ
916 1464 968 1508 τὰ
986 1462 1211 1523 γράμματα
1231 1463 1310 1508 εἶδε
1320 1498 1335 1519 ,
1372 1466 1439 1508 καὶ
1461 1463 1563 1508 ὅπου
1581 1466 1678 1515 uel-¹

186 1622 266 1666 post
298 1619 444 1665 aliquam
476 1620 755 1655 deliberationem
779 1625 1023 1657 consenserunt
1054 1621 1239 1656 deferenda
1261 1624 1302 1655 ut
1324 1624 1423 1656 erant
1445 1621 1490 1655 ad
1513 1621 1662 1667 patriu-

188 1666 286 1700 cham
311 1672 445 1701 cuncta.
493 1678 638 1712 moxque
660 1679 699 1701 re
722 1668 793 1710 illi,
818 1672 920 1713 prout
944 1667 1158 1713 contigerat,
1184 1672 1346 1709 narrata,
1370 1667 1490 1702 fictilia
1513 1679 1586 1702 cum
1609 1667 1663 1702 in-

190 1711 294 1746 clusis
318 1713 446 1746 chartis
469 1713 676 1749 obtulerunt.
699 1714 751 1748 his
773 1714 972 1759 patriarcha
995 1714 1032 1747 in
1055 1725 1172 1748 manus
1194 1713 1338 1758 sumptis
1361 1719 1561 1759 attenteque
1584 1725 1663 1759 per-

189 1757 311 1799 lectis,
345 1758 446 1804 plane
477 1759 683 1794 intellectam
717 1771 788 1794 rem
819 1764 925 1794 totam
955 1761 1087 1794 referre
1110 1760 1152 1794 ad
1174 1760 1412 1804 imperatorem
1434 1759 1589 1802 statuit,
1625 1759 1662 1793 in

190 1815 291 1850 quem
324 1804 537 1850 potissimum
567 1806 701 1840 intenta
731 1806 928 1852 intortaque
958 1806 1019 1840 illa
1051 1806 1329 1851 imprecationum
1361 1804 1572 1840 horribilium
1596 1805 1665 1839 ful-

194 1850 285 1884 mina
316 1851 544 1887 existimabat.
591 1852 694 1886 misso
716 1852 825 1897 igitur
850 1853 896 1887 ad
920 1864 996 1887 eum
1020 1863 1081 1887 suo
1104 1852 1214 1886 fratre
1236 1851 1430 1894 methodio,
1463 1851 1598 1896 rogavit
1619 1862 1664 1885 ne

194 1901 399 1939 gravaretur
422 1898 542 1932 venire
564 1898 608 1932 ad
632 1910 692 1938 se,
723 1899 880 1944 quoniam
909 1899 985 1944 ipse
1007 1898 1051 1932 ad
1075 1898 1239 1943 palatium
1261 1898 1404 1932 tendere
1426 1903 1508 1932 tunc
1529 1897 1664 1942 quidem

194 1943 414 1987 insuperabili
449 1944 625 1979 obstaculo
658 1945 919 1990 prohiberetur,
953 1945 1098 1979 haberet
1118 1950 1232 1979 autem
1255 1956 1344 1989 quae
1365 1955 1442 1978 cum
1463 1943 1537 1978 eius
1558 1943 1666 1978 maie-

194 1994 287 2022 state
313 2001 426 2023 coram
450 1995 486 2025 et
508 1990 624 2025 statim
646 1991 792 2025 tractari
816 1995 1008 2036 oporteret,
1042 2002 1163 2036 nempe
1186 1994 1226 2024 ut
1248 1989 1492 2036 quamprimum
1516 2001 1666 2024 commu-

195 2034 285 2068 niter
310 2034 468 2070 viderent
497 2049 564 2082 quo
589 2048 627 2072 se
648 2040 790 2082 possent
823 2041 926 2083 pacto
962 2037 1123 2082 expedire
1146 2037 1232 2071 diris
1253 2035 1398 2071 vinculis
1421 2035 1666 2070 horrendorum

196 2080 459 2124 anathematum,
484 2084 606 2128 quibus
629 2083 794 2118 hactenus
815 2084 1030 2128 ignorassent
1053 2095 1091 2117 se
1113 2084 1224 2117 teneri
1246 2082 1463 2117 constrictos.
1508 2081 1666 2116 declara-

198 2131 269 2160 tum
294 2131 406 2161 autem
431 2129 494 2162 hoc
517 2141 604 2163 nunc
627 2130 711 2174 ipsis
734 2130 856 2164 indicio
889 2130 1085 2171 columbae,
1119 2141 1209 2175 quae
1230 2129 1332 2174 longe
1354 2128 1490 2162 diverso
1512 2139 1534 2162 a
1555 2126 1666 2162 sacris

201 2172 375 2206 celebrata
407 2174 515 2208 literis
546 2176 662 2210 nuntia
691 2176 809 2211 diluvii
839 2177 1006 2211 cessantis
1037 2176 1203 2219 augurio,
1233 2187 1299 2210 non
1321 2185 1439 2220 pacem
1460 2185 1502 2207 ac
1523 2172 1667 2207 benedi-

199 2218 342 2252 ctionem
365 2223 405 2253 ut
426 2219 497 2262 illa,
522 2223 580 2255 sed
604 2222 795 2266 piaculares
818 2223 923 2256 nodos
943 2222 1147 2257 terribilium
1168 2219 1541 2256 excommunicationum
1563 2230 1584 2252 e
1606 2229 1665 2252 co-

199 2264 331 2298 lumnae
355 2265 491 2309 fastigio
515 2268 665 2302 eminens
688 2269 924 2311 denuntiaret,
953 2273 1057 2314 atque
1080 2268 1131 2303 ita
1154 2268 1289 2313 quidem
1319 2265 1534 2311 (quod-erat
1554 2264 1666 2310 pessi-

197 2311 314 2354 mum)
349 2314 389 2344 ut
412 2311 508 2346 simul
532 2314 671 2348 doceret
693 2326 768 2348 eum
791 2315 850 2360 qui
872 2315 1012 2360 laqueos
1039 2314 1125 2349 istos
1148 2319 1283 2348 atroces
1305 2314 1471 2346 nexuerat
1491 2314 1533 2363 et
1549 2310 1665 2344 inten-

199 2355 322 2399 derat,
358 2361 440 2391 tunc
473 2370 547 2392 cum
570 2360 606 2394 id
629 2360 702 2404 egit
725 2360 835 2395 fuisse
856 2361 1103 2405 patriarcham,
1136 2360 1200 2394 hoc
1222 2361 1276 2393 est
1300 2357 1433 2391 minime
1455 2356 1591 2390 dubiam
1622 2356 1666 2390 li-

199 2402 303 2446 gandi
326 2402 485 2437 habuisse
506 2410 727 2449 potestatemz
750 2418 840 2440 nunc
862 2412 974 2440 autem
998 2406 1167 2450 privatum
1190 2405 1334 2450 degere,
1357 2414 1421 2437 nec
1442 2402 1570 2437 clavem
1594 2413 1668 2436 am-

198 2447 287 2492 plius
319 2451 438 2482 tenere
461 2461 529 2494 qua
552 2452 660 2496 possit
683 2463 854 2486 carcerem
886 2452 1037 2496 pandere
1066 2451 1100 2485 in
1131 2462 1229 2496 quem
1252 2451 1345 2494 ipsos
1369 2454 1472 2483 antea
1494 2447 1667 2482 coniectos

199 2493 386 2528 incluserit.
433 2507 522 2539 quae
544 2509 616 2531 cum
641 2498 691 2532 ita
714 2498 795 2539 sint,
819 2497 891 2532 acri
912 2509 998 2541 opus
1021 2507 1098 2531 esse
1120 2495 1363 2531 deliberatione
1385 2506 1475 2540 quae
1495 2494 1571 2529 vias
1594 2505 1668 2528 ma-

199 2544 280 2573 ture
312 2538 501 2585 investiget
533 2543 750 2578 extricandae
781 2542 1001 2588 perplexitati
1034 2542 1183 2576 letalium
1214 2546 1252 2576 et
1279 2542 1397 2575 fauces
1429 2539 1666 2585 stringentium

198 2585 386 2628 nodorum,
417 2598 559 2630 quorum
592 2590 744 2624 cassibus
774 2590 916 2624 haerere
948 2587 1129 2633 implicitus
1162 2600 1206 2622 ne
1235 2587 1279 2621 ad
1306 2591 1508 2621 momentum
1530 2585 1667 2631 quidem

195 2631 364 2666 sustineat
385 2633 445 2677 qui
467 2633 671 2677 gravitatem
693 2635 836 2680 periculi
858 2633 1013 2680 urgentis
1037 2638 1098 2668 aut
1120 2633 1234 2680 potius
1254 2633 1445 2679 praesentis
1470 2631 1563 2667 exitii
1580 2642 1669 2677 per-

197 2677 318 2712 niciem
343 2688 386 2712 ea
409 2679 581 2723 expendat
606 2680 823 2716 Christianae
855 2679 1059 2726 prudentiae
1082 2680 1232 2720 trutina,
1263 2691 1331 2734 qua
1355 2679 1498 2724 quisque
1521 2677 1669 2724 praeha-

197 2723 280 2757 bere
302 2723 514 2768 quibuslibet
536 2726 638 2760 rebus
661 2726 787 2761 debeat
807 2730 932 2761 statum
956 2725 1089 2760 animae
1116 2738 1158 2760 ac
1180 2727 1302 2760 salutis
1321 2729 1483 2759 aeternae
1504 2723 1666 2758 rationes.

198 2768 251 2802 his
285 2768 471 2816 imperator
504 2771 629 2807 auditis
664 2773 754 2807 haud
787 2783 904 2817 parum
930 2773 1153 2808 conturbatus
1177 2772 1220 2807 ad
1243 2770 1474 2818 patriarcham
1505 2769 1669 2812 accurrit,
