<?xml version="1.0" encoding="UTF-8"?>
<!DOCTYPE html PUBLIC "-//W3C//DTD XHTML 1.0 Transitional//EN"
    "http://www.w3.org/TR/xhtml1/DTD/xhtml1-transitional.dtd">
<html xmlns="http://www.w3.org/1999/xhtml" xml:lang="en" lang="en">
 <head>
  <title>
</title>
<meta http-equiv="Content-Type" content="text/html;charset=utf-8" />
  <meta name='ocr-system' content='tesseract 3.04.00' />
  <meta name='ocr-capabilities' content='ocr_page ocr_carea ocr_par ocr_line ocrx_word'/>
</head>
<body>
  <div class='ocr_page' id='page_1' title='image "./corpusscriptorum18niebuoft_0442.png"; bbox 0 0 1858 3126; ppageno 0'>
   <div class='ocr_carea' id='block_1_1' title="bbox 213 170 1224 223">
    <p class='ocr_par' dir='ltr' id='par_1_1' title="bbox 213 170 1224 223">
     <span class='ocr_line' id='line_1_1' title="bbox 213 170 1224 223; baseline 0.003 -4"><span class='ocrx_word' id='word_1_1' title='bbox 213 170 317 220; x_wconf 81' lang='lat'><strong>426</strong></span> <span class='ocrx_word' id='word_1_2' title='bbox 602 174 838 219; x_wconf 91' lang='lat' dir='ltr'>GEORGII</span> <span class='ocrx_word' id='word_1_3' title='bbox 871 175 1224 223; x_wconf 75' lang='lat' dir='ltr'><strong>PACHYMERIS</strong></span> 
     </span>
    </p>
   </div>
   <div class='ocr_carea' id='block_1_2' title="bbox 157 284 1736 1594">
    <p class='ocr_par' dir='ltr' id='par_1_2' title="bbox 208 284 1712 767">
     <span class='ocr_line' id='line_1_2' title="bbox 214 284 1683 348; baseline 0.005 -16"><span class='ocrx_word' id='word_1_4' title='bbox 214 287 236 332; x_wconf 80' lang='grc' dir='ltr'><strong><em>ὃ</em></strong></span> <span class='ocrx_word' id='word_1_5' title='bbox 264 289 309 331; x_wconf 81' lang='grc' dir='ltr'><strong>δὲ</strong></span> <span class='ocrx_word' id='word_1_6' title='bbox 328 287 406 331; x_wconf 67' lang='grc' dir='ltr'><strong><em>εἴτ’</em></strong></span> <span class='ocrx_word' id='word_1_7' title='bbox 427 284 683 342; x_wconf 74' lang='grc' dir='ltr'><em>ἀμυνόμενος</em></span> <span class='ocrx_word' id='word_1_8' title='bbox 702 287 885 334; x_wconf 78' lang='grc' dir='ltr'><strong><em>αὐτόθεν</em></strong></span> <span class='ocrx_word' id='word_1_9' title='bbox 904 289 981 334; x_wconf 70' lang='grc' dir='ltr'><strong><em>εἴτε</em></strong></span> <span class='ocrx_word' id='word_1_10' title='bbox 998 291 1081 348; x_wconf 83' lang='grc' dir='ltr'><strong><em>μὴν</em></strong></span> <span class='ocrx_word' id='word_1_11' title='bbox 1103 293 1171 335; x_wconf 79' lang='grc' dir='ltr'><strong><em>καὶ</em></strong></span> <span class='ocrx_word' id='word_1_12' title='bbox 1197 292 1294 343; x_wconf 74' lang='grc' dir='ltr'><strong><em>τοῦς</em></strong></span> <span class='ocrx_word' id='word_1_13' title='bbox 1313 294 1481 345; x_wconf 79' lang='grc' dir='ltr'><strong><em>λοιποῦς</em></strong></span> <span class='ocrx_word' id='word_1_14' title='bbox 1498 293 1683 339; x_wconf 79' lang='grc' dir='ltr'><strong><em>δεδιττό-</em></strong></span> 
     </span>
     <span class='ocr_line' id='line_1_3' title="bbox 211 356 1678 419; baseline 0.005 -19"><span class='ocrx_word' id='word_1_15' title='bbox 211 374 355 413; x_wconf 87' lang='grc' dir='ltr'><strong><em>μενος,</em></strong></span> <span class='ocrx_word' id='word_1_16' title='bbox 391 359 459 399; x_wconf 82' lang='grc' dir='ltr'><strong><em>καὶ</em></strong></span> <span class='ocrx_word' id='word_1_17' title='bbox 489 356 570 400; x_wconf 73' lang='grc' dir='ltr'><strong><em>ὑπὸ</em></strong></span> <span class='ocrx_word' id='word_1_18' title='bbox 599 358 697 408; x_wconf 83' lang='grc' dir='ltr'><strong><em>τούς</em></strong></span> <span class='ocrx_word' id='word_1_19' title='bbox 725 357 905 415; x_wconf 84' lang='grc' dir='ltr'><strong><em>δώδεκα,</em></strong></span> <span class='ocrx_word' id='word_1_20' title='bbox 943 359 1000 412; x_wconf 81' lang='grc' dir='ltr'><strong><em>ὥς</em></strong></span> <span class='ocrx_word' id='word_1_21' title='bbox 1031 361 1208 417; x_wconf 72' lang='grc' dir='ltr'><strong><em>ἐλέγετο,</em></strong></span> <span class='ocrx_word' id='word_1_22' title='bbox 1246 360 1537 419; x_wconf 81' lang='grc' dir='ltr'><strong><em>ἄπηγχὸνισεν,</em></strong></span> <span class='ocrx_word' id='word_1_23' title='bbox 1573 363 1678 408; x_wconf 82' lang='grc' dir='ltr'><strong><em>ὅπου</em></strong></span> 
     </span>
     <span class='ocr_line' id='line_1_4' title="bbox 211 426 1678 491; baseline 0.004 -22"><span class='ocrx_word' id='word_1_24' title='bbox 211 444 254 483; x_wconf 88' lang='grc' dir='ltr'><strong>γε</strong></span> <span class='ocrx_word' id='word_1_25' title='bbox 276 428 342 469; x_wconf 84' lang='grc' dir='ltr'><strong>καὶ</strong></span> <span class='ocrx_word' id='word_1_26' title='bbox 362 426 489 470; x_wconf 75' lang='grc' dir='ltr'><strong><em>αὐτὸν</em></strong></span> <span class='ocrx_word' id='word_1_27' title='bbox 506 426 715 484; x_wconf 82' lang='grc' dir='ltr'><strong><em>τόνσφῶν</em></strong></span> <span class='ocrx_word' id='word_1_28' title='bbox 733 427 1012 486; x_wconf 69' lang='grc' dir='ltr'><strong><em>ἐξηγούμενον,</em></strong></span> <span class='ocrx_word' id='word_1_29' title='bbox 1035 429 1169 488; x_wconf 72' lang='grc' dir='ltr'><strong><em>ἄνδρα</em></strong></span> <span class='ocrx_word' id='word_1_30' title='bbox 1186 430 1347 488; x_wconf 78' lang='grc' dir='ltr'><strong><em>ἀρεΐκόν</em></strong></span> <span class='ocrx_word' id='word_1_31' title='bbox 1365 431 1408 474; x_wconf 72' lang='grc' dir='ltr'><strong>ἔκ</strong></span> <span class='ocrx_word' id='word_1_32' title='bbox 1425 431 1678 491; x_wconf 79' lang='grc' dir='ltr'><strong><em>Βουλγάρων</em></strong></span> 
     </span>
     <span class='ocr_line' id='line_1_5' title="bbox 211 494 1679 556; baseline 0.005 -18"><span class='ocrx_word' id='word_1_33' title='bbox 211 498 279 538; x_wconf 82' lang='grc' dir='ltr'><strong>καὶ</strong></span> <span class='ocrx_word' id='word_1_34' title='bbox 308 495 435 552; x_wconf 77' lang='grc' dir='ltr'><strong><em>μέγαν</em></strong></span> <span class='ocrx_word' id='word_1_35' title='bbox 465 497 508 547; x_wconf 74' lang='grc' dir='ltr'><strong>ἐξ</strong></span> <span class='ocrx_word' id='word_1_36' title='bbox 539 494 784 550; x_wconf 78' lang='grc' dir='ltr'><em>ἀξιωμάτων</em></span> <span class='ocrx_word' id='word_1_37' title='bbox 809 496 1026 551; x_wconf 77' lang='grc' dir='ltr'><strong><em>τζαούσιον</em></strong></span> <span class='ocrx_word' id='word_1_38' title='bbox 1055 500 1128 542; x_wconf 82' lang='grc' dir='ltr'><strong>τὸν</strong></span> <span class='ocrx_word' id='word_1_39' title='bbox 1160 502 1518 556; x_wconf 74' lang='grc' dir='ltr'><strong><em>Χρανίσθλαβον,</em></strong></span> <span class='ocrx_word' id='word_1_40' title='bbox 1556 500 1602 544; x_wconf 71' lang='grc' dir='ltr'><strong>ὃν</strong></span> <span class='ocrx_word' id='word_1_41' title='bbox 1634 504 1679 545; x_wconf 72' lang='grc' dir='ltr'><strong>ἐκ</strong></span> 
     </span>
     <span class='ocr_line' id='line_1_6' title="bbox 208 565 1712 624; baseline 0.005 -16"><span class='ocrx_word' id='word_1_42' title='bbox 208 569 284 608; x_wconf 81' lang='grc' dir='ltr'><strong>τοῦ</strong></span> <span class='ocrx_word' id='word_1_43' title='bbox 306 565 412 608; x_wconf 78' lang='grc' dir='ltr'><strong><em>κατὰ</em></strong></span> <span class='ocrx_word' id='word_1_44' title='bbox 433 565 503 608; x_wconf 82' lang='grc' dir='ltr'><strong>τὸν</strong></span> <span class='ocrx_word' id='word_1_45' title='bbox 519 569 730 621; x_wconf 83' lang='grc' dir='ltr'><strong><em>Λαχανᾶν</em></strong></span> <span class='ocrx_word' id='word_1_46' title='bbox 748 567 927 623; x_wconf 64' lang='grc' dir='ltr'><strong><em>πολέμου</em></strong></span> <span class='ocrx_word' id='word_1_47' title='bbox 946 569 1008 610; x_wconf 77' lang='grc' dir='ltr'><strong><em>ἐπὶ</em></strong></span> <span class='ocrx_word' id='word_1_48' title='bbox 1030 569 1204 624; x_wconf 77' lang='grc' dir='ltr'><strong><em>Μιχαὴλ</em></strong></span> <span class='ocrx_word' id='word_1_49' title='bbox 1221 574 1296 613; x_wconf 81' lang='grc' dir='ltr'><strong>τοῦ</strong></span> <span class='ocrx_word' id='word_1_50' title='bbox 1307 570 1510 624; x_wconf 72' lang='grc' dir='ltr'><strong><em>βασιλέως</em></strong></span> <span class='ocrx_word' id='word_1_51' title='bbox 1526 567 1712 615; x_wconf 59' lang='lat' dir='ltr'><strong>&amp;Mnus</strong></span> 
     </span>
     <span class='ocr_line' id='line_1_7' title="bbox 209 634 1681 696; baseline 0.005 -20"><span class='ocrx_word' id='word_1_52' title='bbox 209 635 278 677; x_wconf 80' lang='grc' dir='ltr'><strong><em>καὶ</em></strong></span> <span class='ocrx_word' id='word_1_53' title='bbox 305 636 471 689; x_wconf 80' lang='grc' dir='ltr'><strong><em>δεσμοῖς</em></strong></span> <span class='ocrx_word' id='word_1_54' title='bbox 495 634 567 691; x_wconf 74' lang='grc' dir='ltr'><strong>ἐφ’</strong></span> <span class='ocrx_word' id='word_1_55' title='bbox 598 635 756 691; x_wconf 73' lang='grc' dir='ltr'><strong><em>εἱρκτῆς</em></strong></span> <span class='ocrx_word' id='word_1_56' title='bbox 784 638 1078 692; x_wconf 78' lang='grc' dir='ltr'><strong><em>συνισχημένον</em></strong></span> <span class='ocrx_word' id='word_1_57' title='bbox 1117 642 1284 689; x_wconf 78' lang='grc' dir='ltr'><strong><em>πολλοῖς</em></strong></span> <span class='ocrx_word' id='word_1_58' title='bbox 1316 638 1488 696; x_wconf 70' lang='grc' dir='ltr'><strong><em>ὕστερον</em></strong></span> <span class='ocrx_word' id='word_1_59' title='bbox 1514 637 1681 695; x_wconf 79' lang='grc' dir='ltr'><strong><em>χρόνοις</em></strong></span> 
     </span>
     <span class='ocr_line' id='line_1_8' title="bbox 208 704 1684 767; baseline 0.003 -21"><span class='ocrx_word' id='word_1_60' title='bbox 208 704 403 756; x_wconf 74' lang='grc' dir='ltr'><strong><em>βασιλεὺς</em></strong></span> <span class='ocrx_word' id='word_1_61' title='bbox 424 707 496 758; x_wconf 78' lang='grc' dir='ltr'><strong>τῆς</strong></span> <span class='ocrx_word' id='word_1_62' title='bbox 515 704 675 760; x_wconf 78' lang='grc' dir='ltr'><strong><em>εἱρκτῆς</em></strong></span> <span class='ocrx_word' id='word_1_63' title='bbox 704 706 889 760; x_wconf 74' lang='grc' dir='ltr'><strong><em>ἐκβαλών</em></strong></span> <span class='ocrx_word' id='word_1_64' title='bbox 911 709 977 749; x_wconf 81' lang='grc' dir='ltr'><strong><em>καὶ</em></strong></span> <span class='ocrx_word' id='word_1_65' title='bbox 998 704 1174 762; x_wconf 77' lang='grc' dir='ltr'><strong><em>τιμήσας</em></strong></span> <span class='ocrx_word' id='word_1_66' title='bbox 1194 713 1252 767; x_wconf 81' lang='grc' dir='ltr'><strong><em>τῷ</em></strong></span> <span class='ocrx_word' id='word_1_67' title='bbox 1275 706 1475 762; x_wconf 77' lang='grc' dir='ltr'><strong><em>ἀξιώματι</em></strong></span> <span class='ocrx_word' id='word_1_68' title='bbox 1494 715 1581 758; x_wconf 82' lang='grc' dir='ltr'><strong><em>τοῖς</em></strong></span> <span class='ocrx_word' id='word_1_69' title='bbox 1601 709 1684 751; x_wconf 73' lang='grc' dir='ltr'><strong><em>ἐκεῖ</em></strong></span> 
     </span>
    </p>

    <p class='ocr_par' dir='ltr' id='par_1_3' title="bbox 161 771 1736 1247">
     <span class='ocr_line' id='line_1_9' title="bbox 161 771 1680 834; baseline 0.005 -21"><span class='ocrx_word' id='word_1_70' title='bbox 161 779 191 813; x_wconf 88' lang='lat' dir='ltr'>C</span> <span class='ocrx_word' id='word_1_71' title='bbox 214 773 376 830; x_wconf 84' lang='grc' dir='ltr'><strong><em>με’ρεσιν</em></strong></span> <span class='ocrx_word' id='word_1_72' title='bbox 412 773 476 815; x_wconf 75' lang='grc' dir='ltr'><strong><em>ἐπὶ</em></strong></span> <span class='ocrx_word' id='word_1_73' title='bbox 500 771 664 829; x_wconf 80' lang='grc' dir='ltr'><strong><em>χρόνοις</em></strong></span> <span class='ocrx_word' id='word_1_74' title='bbox 698 774 878 831; x_wconf 81' lang='grc' dir='ltr'><strong><em>ἀρχηγὸν</em></strong></span> <span class='ocrx_word' id='word_1_75' title='bbox 907 774 1011 831; x_wconf 72' lang='grc' dir='ltr'><strong><em>εἶχε,</em></strong></span> <span class='ocrx_word' id='word_1_76' title='bbox 1048 778 1114 819; x_wconf 81' lang='grc' dir='ltr'><strong>καὶ</strong></span> <span class='ocrx_word' id='word_1_77' title='bbox 1142 776 1269 820; x_wconf 80' lang='grc' dir='ltr'><strong><em>αὐτὸν</em></strong></span> <span class='ocrx_word' id='word_1_78' title='bbox 1299 781 1399 834; x_wconf 82' lang='grc' dir='ltr'><strong><em>γοῦν</em></strong></span> <span class='ocrx_word' id='word_1_79' title='bbox 1421 780 1593 830; x_wconf 80' lang='grc' dir='ltr'><strong><em>τοῦτον,</em></strong></span> <span class='ocrx_word' id='word_1_80' title='bbox 1623 775 1680 827; x_wconf 84' lang='grc' dir='ltr'><strong><em>ὥς</em></strong></span> 
     </span>
     <span class='ocr_line' id='line_1_10' title="bbox 208 840 1681 905; baseline 0.003 -21"><span class='ocrx_word' id='word_1_81' title='bbox 208 842 378 898; x_wconf 75' lang='grc' dir='ltr'><strong><em>λέγεται,</em></strong></span> <span class='ocrx_word' id='word_1_82' title='bbox 408 840 450 893; x_wconf 74' lang='grc' dir='ltr'><strong>ἒξ</strong></span> <span class='ocrx_word' id='word_1_83' title='bbox 470 840 634 897; x_wconf 74' lang='grc' dir='ltr'><strong><em>ἑτοίμου</em></strong></span> <span class='ocrx_word' id='word_1_84' title='bbox 654 847 706 900; x_wconf 84' lang='grc' dir='ltr'><strong><em>τῇ</em></strong></span> <span class='ocrx_word' id='word_1_85' title='bbox 725 845 910 905; x_wconf 72' lang='grc' dir='ltr'><strong><em>μαχαίρᾳ</em></strong></span> <span class='ocrx_word' id='word_1_86' title='bbox 927 843 1092 903; x_wconf 80' lang='grc' dir='ltr'><strong><em>τρώσας</em></strong></span> <span class='ocrx_word' id='word_1_87' title='bbox 1109 853 1195 896; x_wconf 84' lang='grc' dir='ltr'><strong><em>τοῖς</em></strong></span> <span class='ocrx_word' id='word_1_88' title='bbox 1213 845 1534 902; x_wconf 78' lang='grc' dir='ltr'><strong><em>ἀπαγχονίσουσι</em></strong></span> <span class='ocrx_word' id='word_1_89' title='bbox 1551 863 1681 903; x_wconf 81' lang='grc' dir='ltr'><strong><em>παρε-</em></strong></span> 
     </span>
     <span class='ocr_line' id='line_1_11' title="bbox 210 909 1736 975; baseline 0.003 -22"><span class='ocrx_word' id='word_1_90' title='bbox 210 912 342 975; x_wconf 83' lang='grc' dir='ltr'><strong><em>δίδου.</em></strong></span> <span class='ocrx_word' id='word_1_91' title='bbox 412 909 488 953; x_wconf 76' lang='grc' dir='ltr'><strong><em>κᾶν</em></strong></span> <span class='ocrx_word' id='word_1_92' title='bbox 518 913 586 954; x_wconf 79' lang='grc' dir='ltr'><strong>καὶ</strong></span> <span class='ocrx_word' id='word_1_93' title='bbox 615 912 735 955; x_wconf 73' lang='grc' dir='ltr'><strong><em>τοῦτ’</em></strong></span> <span class='ocrx_word' id='word_1_94' title='bbox 772 911 966 970; x_wconf 71' lang='grc' dir='ltr'><strong><em>ἐγεγόνει,</em></strong></span> <span class='ocrx_word' id='word_1_95' title='bbox 1015 916 1048 957; x_wconf 79' lang='grc' dir='ltr'><strong>εἰ</strong></span> <span class='ocrx_word' id='word_1_96' title='bbox 1075 913 1132 970; x_wconf 84' lang='grc' dir='ltr'><strong>μή</strong></span> <span class='ocrx_word' id='word_1_97' title='bbox 1154 932 1197 971; x_wconf 86' lang='grc' dir='ltr'><strong>γε</strong></span> <span class='ocrx_word' id='word_1_98' title='bbox 1216 917 1361 958; x_wconf 81' lang='grc' dir='ltr'><strong><em>πολλοὶ</em></strong></span> <span class='ocrx_word' id='word_1_99' title='bbox 1389 917 1456 958; x_wconf 81' lang='grc' dir='ltr'><strong><em>καὶ</em></strong></span> <span class='ocrx_word' id='word_1_100' title='bbox 1475 915 1578 971; x_wconf 84' lang='grc' dir='ltr'><strong><em>πρὸς</em></strong></span> <span class='ocrx_word' id='word_1_101' title='bbox 1598 915 1678 958; x_wconf 79' lang='grc' dir='ltr'><strong><em>ἷκε·</em></strong></span> <span class='ocrx_word' id='word_1_102' title='bbox 1690 925 1736 959; x_wconf 87' lang='grc'><strong>10</strong></span> 
     </span>
     <span class='ocr_line' id='line_1_12' title="bbox 207 977 1682 1041; baseline 0.003 -18"><span class='ocrx_word' id='word_1_103' title='bbox 207 982 320 1023; x_wconf 87' lang='grc' dir='ltr'><strong><em>τείαν</em></strong></span> <span class='ocrx_word' id='word_1_104' title='bbox 352 977 547 1040; x_wconf 78' lang='grc' dir='ltr'><strong><em>ἀξιόχρεῳ</em></strong></span> <span class='ocrx_word' id='word_1_105' title='bbox 574 979 676 1037; x_wconf 70' lang='grc' dir='ltr'><strong><em>ὑπὲρ</em></strong></span> <span class='ocrx_word' id='word_1_106' title='bbox 707 986 782 1025; x_wconf 89' lang='grc' dir='ltr'><strong>τοῦ</strong></span> <span class='ocrx_word' id='word_1_107' title='bbox 815 982 966 1039; x_wconf 79' lang='grc' dir='ltr'><strong><em>ἀνδρὸς</em></strong></span> <span class='ocrx_word' id='word_1_108' title='bbox 996 983 1071 1026; x_wconf 76' lang='grc' dir='ltr'><strong><em>οὐκ</em></strong></span> <span class='ocrx_word' id='word_1_109' title='bbox 1100 983 1214 1040; x_wconf 80' lang='grc' dir='ltr'><strong><em>ὀλίγα</em></strong></span> <span class='ocrx_word' id='word_1_110' title='bbox 1243 985 1522 1041; x_wconf 78' lang='grc' dir='ltr'><strong><em>προτείνοντες</em></strong></span> <span class='ocrx_word' id='word_1_111' title='bbox 1542 985 1682 1027; x_wconf 84' lang='grc' dir='ltr'><strong><em>δίκαια</em></strong></span> 
     </span>
     <span class='ocr_line' id='line_1_13' title="bbox 208 1047 1680 1109; baseline 0.001 -17"><span class='ocrx_word' id='word_1_112' title='bbox 208 1047 475 1105; x_wconf 77' lang='grc' dir='ltr'><strong><em>ἒξηρήσαντο.</em></strong></span> <span class='ocrx_word' id='word_1_113' title='bbox 548 1049 772 1094; x_wconf 72' lang='grc' dir='ltr'><strong><em>κάντεῦθεν</em></strong></span> <span class='ocrx_word' id='word_1_114' title='bbox 811 1052 981 1109; x_wconf 80' lang='grc' dir='ltr'><strong><em>Χλιαρὰ</em></strong></span> <span class='ocrx_word' id='word_1_115' title='bbox 1015 1052 1192 1096; x_wconf 78' lang='grc' dir='ltr'><strong><em>διελθὼν</em></strong></span> <span class='ocrx_word' id='word_1_116' title='bbox 1230 1055 1298 1095; x_wconf 77' lang='grc' dir='ltr'><strong><em>καὶ</em></strong></span> <span class='ocrx_word' id='word_1_117' title='bbox 1338 1049 1473 1097; x_wconf 75' lang='grc' dir='ltr'><strong><em>τᾶλλα</em></strong></span> <span class='ocrx_word' id='word_1_118' title='bbox 1502 1053 1579 1108; x_wconf 83' lang='grc' dir='ltr'><strong>τὴν</strong></span> <span class='ocrx_word' id='word_1_119' title='bbox 1614 1054 1680 1096; x_wconf 73' lang='grc' dir='ltr'><strong>ἐπὶ</strong></span> 
     </span>
     <span class='ocr_line' id='line_1_14' title="bbox 214 1118 1677 1179; baseline 0.003 -19"><span class='ocrx_word' id='word_1_120' title='bbox 214 1119 516 1175; x_wconf 77' lang='grc' dir='ltr'><strong><em>Φιλαδελφείας</em></strong></span> <span class='ocrx_word' id='word_1_121' title='bbox 549 1118 740 1163; x_wconf 64' lang='grc' dir='ltr'><strong><em>ἔσπευδεν</em></strong></span> <span class='ocrx_word' id='word_1_122' title='bbox 779 1119 961 1175; x_wconf 71' lang='grc' dir='ltr'><strong><em>ἐσχάτως</em></strong></span> <span class='ocrx_word' id='word_1_123' title='bbox 970 1154 984 1174; x_wconf 93' lang='grc'><strong><em>,</em></strong></span> <span class='ocrx_word' id='word_1_124' title='bbox 1039 1119 1095 1171; x_wconf 82' lang='grc' dir='ltr'><strong><em>ὥς</em></strong></span> <span class='ocrx_word' id='word_1_125' title='bbox 1128 1122 1280 1179; x_wconf 73' lang='grc' dir='ltr'><strong><em>ἐρρέθη</em></strong></span> <span class='ocrx_word' id='word_1_126' title='bbox 1291 1155 1304 1174; x_wconf 93' lang='grc'><strong><em>,</em></strong></span> <span class='ocrx_word' id='word_1_127' title='bbox 1348 1120 1677 1165; x_wconf 75' lang='grc' dir='ltr'><strong><em>κινδυνεύουσαν.</em></strong></span> 
     </span>
     <span class='ocr_line' id='line_1_15' title="bbox 208 1186 1680 1247; baseline 0.001 -16"><span class='ocrx_word' id='word_1_128' title='bbox 208 1187 378 1242; x_wconf 83' lang='grc' dir='ltr'><strong><em>κάπειδὴ</em></strong></span> <span class='ocrx_word' id='word_1_129' title='bbox 398 1186 584 1243; x_wconf 72' lang='grc' dir='ltr'><strong><em>ἡλίσκετο</em></strong></span> <span class='ocrx_word' id='word_1_130' title='bbox 603 1189 678 1244; x_wconf 73' lang='grc' dir='ltr'><strong><em>μὲν</em></strong></span> <span class='ocrx_word' id='word_1_131' title='bbox 699 1191 896 1246; x_wconf 86' lang='grc' dir='ltr'><strong><em>Τρίπολις</em></strong></span> <span class='ocrx_word' id='word_1_132' title='bbox 915 1190 996 1246; x_wconf 85' lang='grc' dir='ltr'><strong><em>πρὸ</em></strong></span> <span class='ocrx_word' id='word_1_133' title='bbox 1015 1195 1183 1247; x_wconf 82' lang='grc' dir='ltr'><strong><em>καιροῦ,</em></strong></span> <span class='ocrx_word' id='word_1_134' title='bbox 1222 1190 1276 1234; x_wconf 84' lang='grc' dir='ltr'><strong><em>τοὶ</em></strong></span> <span class='ocrx_word' id='word_1_135' title='bbox 1299 1191 1344 1234; x_wconf 78' lang='grc' dir='ltr'><strong>δὲ</strong></span> <span class='ocrx_word' id='word_1_136' title='bbox 1364 1190 1479 1246; x_wconf 75' lang='grc' dir='ltr'><strong><em>πέριξ</em></strong></span> <span class='ocrx_word' id='word_1_137' title='bbox 1499 1188 1680 1247; x_wconf 72' lang='grc' dir='ltr'><strong><em>φρούρια</em></strong></span> 
     </span>
    </p>

    <p class='ocr_par' dir='ltr' id='par_1_4' title="bbox 157 1253 1735 1594">
     <span class='ocr_line' id='line_1_16' title="bbox 157 1253 1735 1315; baseline 0.001 -14"><span class='ocrx_word' id='word_1_138' title='bbox 157 1266 191 1302; x_wconf 87' lang='lat' dir='ltr'>D</span> <span class='ocrx_word' id='word_1_139' title='bbox 215 1258 256 1309; x_wconf 78' lang='grc' dir='ltr'><strong>ἒξ</strong></span> <span class='ocrx_word' id='word_1_140' title='bbox 283 1255 503 1313; x_wconf 74' lang='grc' dir='ltr'><strong><em>ὁμολογίας</em></strong></span> <span class='ocrx_word' id='word_1_141' title='bbox 526 1257 594 1300; x_wconf 78' lang='grc' dir='ltr'><strong>διὰ</strong></span> <span class='ocrx_word' id='word_1_142' title='bbox 613 1258 687 1314; x_wconf 77' lang='grc' dir='ltr'><strong>τὴν</strong></span> <span class='ocrx_word' id='word_1_143' title='bbox 710 1256 889 1314; x_wconf 79' lang='grc' dir='ltr'><strong><em>ἀνάγκην</em></strong></span> <span class='ocrx_word' id='word_1_144' title='bbox 910 1259 1092 1315; x_wconf 74' lang='grc' dir='ltr'><strong><em>Πέρσαις</em></strong></span> <span class='ocrx_word' id='word_1_145' title='bbox 1110 1257 1332 1312; x_wconf 72' lang='grc' dir='ltr'><strong><em>ὑπέκειντο,</em></strong></span> <span class='ocrx_word' id='word_1_146' title='bbox 1367 1255 1476 1314; x_wconf 72' lang='grc' dir='ltr'><strong><em>ἦσαν</em></strong></span> <span class='ocrx_word' id='word_1_147' title='bbox 1495 1259 1538 1302; x_wconf 74' lang='grc' dir='ltr'><strong>δ’</strong></span> <span class='ocrx_word' id='word_1_148' title='bbox 1565 1253 1680 1302; x_wconf 67' lang='grc' dir='ltr'><strong><em>οὗτοι</em></strong></span> <span class='ocrx_word' id='word_1_149' title='bbox 1691 1266 1735 1301; x_wconf 80' lang='grc'><strong>15</strong></span> 
     </span>
     <span class='ocr_line' id='line_1_17' title="bbox 208 1325 1682 1385; baseline 0 -15"><span class='ocrx_word' id='word_1_150' title='bbox 208 1327 249 1370; x_wconf 79' lang='grc' dir='ltr'><strong><em>οἱ</em></strong></span> <span class='ocrx_word' id='word_1_151' title='bbox 270 1327 359 1383; x_wconf 80' lang='grc' dir='ltr'><strong><em>περὶ</em></strong></span> <span class='ocrx_word' id='word_1_152' title='bbox 381 1327 452 1369; x_wconf 87' lang='grc' dir='ltr'><strong>τὸν</strong></span> <span class='ocrx_word' id='word_1_153' title='bbox 467 1325 687 1384; x_wconf 74' lang='grc' dir='ltr'><strong><em>Ἀλισύραν</em></strong></span> <span class='ocrx_word' id='word_1_154' title='bbox 706 1330 928 1384; x_wconf 79' lang='grc' dir='ltr'><strong><em>Καρμανοὶ</em></strong></span> <span class='ocrx_word' id='word_1_155' title='bbox 949 1328 1002 1371; x_wconf 79' lang='grc' dir='ltr'><strong><em>τὰ</em></strong></span> <span class='ocrx_word' id='word_1_156' title='bbox 1016 1326 1215 1384; x_wconf 76' lang='grc' dir='ltr'><strong><em>κράτιστα</em></strong></span> <span class='ocrx_word' id='word_1_157' title='bbox 1243 1333 1329 1372; x_wconf 83' lang='grc' dir='ltr'><strong>τῶν</strong></span> <span class='ocrx_word' id='word_1_158' title='bbox 1346 1332 1537 1385; x_wconf 86' lang='grc' dir='ltr'><strong><em>Περσῶν,</em></strong></span> <span class='ocrx_word' id='word_1_159' title='bbox 1563 1328 1682 1383; x_wconf 57' lang='grc' dir='ltr'><strong><em>,πέμ-</em></strong></span> 
     </span>
     <span class='ocr_line' id='line_1_18' title="bbox 206 1396 1681 1454; baseline 0.001 -16"><span class='ocrx_word' id='word_1_160' title='bbox 206 1408 366 1450; x_wconf 84' lang='grc' dir='ltr'><strong><em>ψαντες</em></strong></span> <span class='ocrx_word' id='word_1_161' title='bbox 395 1396 433 1439; x_wconf 77' lang='grc' dir='ltr'><strong><em>οἳ</em></strong></span> <span class='ocrx_word' id='word_1_162' title='bbox 460 1397 502 1438; x_wconf 75' lang='grc' dir='ltr'><strong><em>ἐν</em></strong></span> <span class='ocrx_word' id='word_1_163' title='bbox 529 1402 618 1446; x_wconf 82' lang='grc' dir='ltr'><strong><em>τοῖς</em></strong></span> <span class='ocrx_word' id='word_1_164' title='bbox 646 1398 861 1454; x_wconf 77' lang='grc' dir='ltr'><strong><em>φρουρίοις</em></strong></span> <span class='ocrx_word' id='word_1_165' title='bbox 882 1397 988 1440; x_wconf 79' lang='grc' dir='ltr'><strong><em>κατὰ</em></strong></span> <span class='ocrx_word' id='word_1_166' title='bbox 1017 1397 1091 1453; x_wconf 87' lang='grc' dir='ltr'><strong>τὴν</strong></span> <span class='ocrx_word' id='word_1_167' title='bbox 1110 1399 1200 1454; x_wconf 80' lang='grc' dir='ltr'><strong><em>περὶ</em></strong></span> <span class='ocrx_word' id='word_1_168' title='bbox 1222 1397 1295 1440; x_wconf 79' lang='grc' dir='ltr'><strong>τὸν</strong></span> <span class='ocrx_word' id='word_1_169' title='bbox 1318 1397 1499 1441; x_wconf 70' lang='grc' dir='ltr'><strong><em>Αὕλακα</em></strong></span> <span class='ocrx_word' id='word_1_170' title='bbox 1520 1398 1681 1454; x_wconf 86' lang='grc' dir='ltr'><strong><em>διατρί-</em></strong></span> 
     </span>
     <span class='ocr_line' id='line_1_19' title="bbox 205 1463 1683 1524; baseline 0.001 -17"><span class='ocrx_word' id='word_1_171' title='bbox 205 1469 324 1519; x_wconf 82' lang='grc' dir='ltr'><strong><em>βοντι</em></strong></span> <span class='ocrx_word' id='word_1_172' title='bbox 355 1464 646 1521; x_wconf 72' lang='grc' dir='ltr'><strong><em>ἀναγγέλλουσι</em></strong></span> <span class='ocrx_word' id='word_1_173' title='bbox 670 1467 745 1521; x_wconf 79' lang='grc' dir='ltr'><strong><em>μὲν</em></strong></span> <span class='ocrx_word' id='word_1_174' title='bbox 775 1466 850 1521; x_wconf 73' lang='grc' dir='ltr'><strong>τὴν</strong></span> <span class='ocrx_word' id='word_1_175' title='bbox 879 1468 1004 1521; x_wconf 77' lang='grc' dir='ltr'><strong><em>βίαν,</em></strong></span> <span class='ocrx_word' id='word_1_176' title='bbox 1031 1468 1371 1524; x_wconf 67' lang='grc' dir='ltr'><strong>Δπροσλιπαροῦσι</strong></span> <span class='ocrx_word' id='word_1_177' title='bbox 1395 1468 1421 1510; x_wconf 84' lang='grc' dir='ltr'><strong><em>δ</em></strong></span> <span class='ocrx_word' id='word_1_178' title='bbox 1429 1465 1442 1483; x_wconf 82' lang='lat'>²</span> <span class='ocrx_word' id='word_1_179' title='bbox 1465 1463 1683 1521; x_wconf 74' lang='grc' dir='ltr'><strong><em>ἐπαμύνειν</em></strong></span> 
     </span>
     <span class='ocr_line' id='line_1_20' title="bbox 206 1532 1681 1594; baseline 0.001 -18"><span class='ocrx_word' id='word_1_180' title='bbox 206 1532 669 1591; x_wconf 77' lang='grc' dir='ltr'><strong><em>ἀντιπροσχωρὴσουσιν</em></strong></span> <span class='ocrx_word' id='word_1_181' title='bbox 699 1535 742 1586; x_wconf 71' lang='grc' dir='ltr'><strong>ἐξ</strong></span> <span class='ocrx_word' id='word_1_182' title='bbox 772 1533 936 1591; x_wconf 75' lang='grc' dir='ltr'><strong><em>ἑτοίμου</em></strong></span> <span class='ocrx_word' id='word_1_183' title='bbox 946 1569 960 1589; x_wconf 91' lang='grc'><strong><em>,</em></strong></span> <span class='ocrx_word' id='word_1_184' title='bbox 1004 1535 1056 1591; x_wconf 64' lang='grc' dir='ltr'><strong><em>ἦν</em></strong></span> <span class='ocrx_word' id='word_1_185' title='bbox 1082 1553 1162 1579; x_wconf 93' lang='grc' dir='ltr'><strong>που</strong></span> <span class='ocrx_word' id='word_1_186' title='bbox 1200 1536 1371 1594; x_wconf 75' lang='grc' dir='ltr'><strong><em>φανείη,</em></strong></span> <span class='ocrx_word' id='word_1_187' title='bbox 1404 1533 1619 1591; x_wconf 88' lang='grc' dir='ltr'><strong><em>Ῥωμαίοις</em></strong></span> <span class='ocrx_word' id='word_1_188' title='bbox 1637 1551 1681 1591; x_wconf 87' lang='grc' dir='ltr'><strong>γε</strong></span> 
     </span>
    </p>
   </div>
   <div class='ocr_carea' id='block_1_3' title="bbox 201 1643 1682 2889">
    <p class='ocr_par' dir='ltr' id='par_1_5' title="bbox 201 1643 1682 2889">
     <span class='ocr_line' id='line_1_21' title="bbox 203 1643 1680 1686; baseline -0.001 -7"><span class='ocrx_word' id='word_1_189' title='bbox 203 1647 275 1680; x_wconf 81' lang='lat' dir='ltr'><strong>stat</strong></span> <span class='ocrx_word' id='word_1_190' title='bbox 297 1643 491 1678; x_wconf 87' lang='lat' dir='ltr'><strong>testimonio</strong></span> <span class='ocrx_word' id='word_1_191' title='bbox 517 1644 715 1686; x_wconf 90' lang='lat' dir='ltr'><strong>multorum,</strong></span> <span class='ocrx_word' id='word_1_192' title='bbox 751 1644 903 1678; x_wconf 89' lang='lat' dir='ltr'><strong>homines</strong></span> <span class='ocrx_word' id='word_1_193' title='bbox 926 1644 1086 1679; x_wconf 84' lang='lat' dir='ltr'><strong>videlicet</strong></span> <span class='ocrx_word' id='word_1_194' title='bbox 1106 1645 1245 1680; x_wconf 82' lang='lat' dir='ltr'>circiter</span> <span class='ocrx_word' id='word_1_195' title='bbox 1269 1644 1443 1679; x_wconf 78' lang='lat' dir='ltr'><strong>duodecim</strong></span> <span class='ocrx_word' id='word_1_196' title='bbox 1466 1644 1561 1679; x_wconf 89' lang='lat' dir='ltr'><strong>iussu</strong></span> <span class='ocrx_word' id='word_1_197' title='bbox 1583 1643 1680 1678; x_wconf 84' lang='lat' dir='ltr'><strong>ducis</strong></span> 
     </span>
     <span class='ocr_line' id='line_1_22' title="bbox 203 1690 1679 1736; baseline -0.001 -11"><span class='ocrx_word' id='word_1_198' title='bbox 203 1690 340 1735; x_wconf 81' lang='lat' dir='ltr'><strong>magni,</strong></span> <span class='ocrx_word' id='word_1_199' title='bbox 365 1690 439 1725; x_wconf 88' lang='lat' dir='ltr'><strong>sive</strong></span> <span class='ocrx_word' id='word_1_200' title='bbox 463 1690 658 1724; x_wconf 89' lang='lat' dir='ltr'><strong>ulciscentis</strong></span> <span class='ocrx_word' id='word_1_201' title='bbox 682 1695 858 1735; x_wconf 86' lang='lat' dir='ltr'><strong>peccatum</strong></span> <span class='ocrx_word' id='word_1_202' title='bbox 883 1690 1083 1736; x_wconf 81' lang='lat' dir='ltr'>quodpiam,</span> <span class='ocrx_word' id='word_1_203' title='bbox 1113 1692 1184 1726; x_wconf 85' lang='lat' dir='ltr'><strong>sive</strong></span> <span class='ocrx_word' id='word_1_204' title='bbox 1208 1690 1446 1736; x_wconf 84' lang='lat' dir='ltr'><strong>praecaventis</strong></span> <span class='ocrx_word' id='word_1_205' title='bbox 1469 1690 1505 1725; x_wconf 88' lang='lat' dir='ltr'><strong>iu</strong></span> <span class='ocrx_word' id='word_1_206' title='bbox 1528 1691 1679 1724; x_wconf 83' lang='lat' dir='ltr'><strong>futurum</strong></span> 
     </span>
     <span class='ocr_line' id='line_1_23' title="bbox 203 1736 1679 1782; baseline -0.001 -11"><span class='ocrx_word' id='word_1_207' title='bbox 203 1743 240 1771; x_wconf 88' lang='lat' dir='ltr'><strong>et</strong></span> <span class='ocrx_word' id='word_1_208' title='bbox 263 1745 398 1771; x_wconf 87' lang='lat' dir='ltr'><strong>terrore</strong></span> <span class='ocrx_word' id='word_1_209' title='bbox 420 1736 686 1781; x_wconf 82' lang='lat' dir='ltr'><strong>praemunientis</strong></span> <span class='ocrx_word' id='word_1_210' title='bbox 720 1747 799 1770; x_wconf 88' lang='lat' dir='ltr'><strong>suos</strong></span> <span class='ocrx_word' id='word_1_211' title='bbox 822 1748 866 1770; x_wconf 90' lang='lat' dir='ltr'><strong>ne</strong></span> <span class='ocrx_word' id='word_1_212' title='bbox 898 1742 1100 1781; x_wconf 79' lang='lat' dir='ltr'><strong>peccarent,</strong></span> <span class='ocrx_word' id='word_1_213' title='bbox 1135 1737 1365 1782; x_wconf 86' lang='lat' dir='ltr'><strong>strangulatos</strong></span> <span class='ocrx_word' id='word_1_214' title='bbox 1392 1741 1476 1771; x_wconf 79' lang='lat' dir='ltr'><strong>tunc</strong></span> <span class='ocrx_word' id='word_1_215' title='bbox 1497 1736 1679 1782; x_wconf 85' lang='lat' dir='ltr'><strong>suspendio</strong></span> 
     </span>
     <span class='ocr_line' id='line_1_24' title="bbox 202 1782 1679 1829; baseline -0.001 -12"><span class='ocrx_word' id='word_1_216' title='bbox 202 1782 332 1825; x_wconf 81' lang='lat' dir='ltr'><strong>fuisse,</strong></span> <span class='ocrx_word' id='word_1_217' title='bbox 369 1783 504 1828; x_wconf 89' lang='lat' dir='ltr'><strong>quando</strong></span> <span class='ocrx_word' id='word_1_218' title='bbox 529 1786 564 1816; x_wconf 88' lang='lat' dir='ltr'><strong>et</strong></span> <span class='ocrx_word' id='word_1_219' title='bbox 586 1782 695 1827; x_wconf 88' lang='lat' dir='ltr'><strong>ipsum</strong></span> <span class='ocrx_word' id='word_1_220' title='bbox 718 1783 834 1816; x_wconf 89' lang='lat' dir='ltr'><strong>ducem</strong></span> <span class='ocrx_word' id='word_1_221' title='bbox 858 1782 958 1816; x_wconf 90' lang='lat' dir='ltr'><strong>istius</strong></span> <span class='ocrx_word' id='word_1_222' title='bbox 981 1783 1147 1824; x_wconf 76' lang='lat' dir='ltr'><strong>cohortis,</strong></span> <span class='ocrx_word' id='word_1_223' title='bbox 1183 1795 1225 1817; x_wconf 87' lang='lat' dir='ltr'><strong>ex</strong></span> <span class='ocrx_word' id='word_1_224' title='bbox 1249 1795 1318 1829; x_wconf 85' lang='lat' dir='ltr'><strong>qua</strong></span> <span class='ocrx_word' id='word_1_225' title='bbox 1338 1783 1397 1817; x_wconf 86' lang='lat' dir='ltr'><strong>isti</strong></span> <span class='ocrx_word' id='word_1_226' title='bbox 1419 1787 1536 1826; x_wconf 90' lang='lat' dir='ltr'><strong>erant,</strong></span> <span class='ocrx_word' id='word_1_227' title='bbox 1570 1782 1679 1817; x_wconf 87' lang='lat' dir='ltr'><strong>virum</strong></span> 
     </span>
     <span class='ocr_line' id='line_1_25' title="bbox 203 1827 1681 1873; baseline -0.001 -10"><span class='ocrx_word' id='word_1_228' title='bbox 203 1829 367 1873; x_wconf 87' lang='lat' dir='ltr'><strong>inclytum</strong></span> <span class='ocrx_word' id='word_1_229' title='bbox 390 1827 520 1863; x_wconf 87' lang='lat' dir='ltr'><strong>virtute</strong></span> <span class='ocrx_word' id='word_1_230' title='bbox 542 1828 691 1871; x_wconf 84' lang='lat' dir='ltr'><strong>militari,</strong></span> <span class='ocrx_word' id='word_1_231' title='bbox 715 1834 792 1862; x_wconf 89' lang='lat' dir='ltr'><strong>ortu</strong></span> <span class='ocrx_word' id='word_1_232' title='bbox 816 1829 1012 1873; x_wconf 82' lang='lat' dir='ltr'><strong>Bulgarum,</strong></span> <span class='ocrx_word' id='word_1_233' title='bbox 1035 1829 1090 1863; x_wconf 88' lang='lat' dir='ltr'><strong>cui</strong></span> <span class='ocrx_word' id='word_1_234' title='bbox 1112 1830 1226 1863; x_wconf 86' lang='lat' dir='ltr'><strong>fuerat</strong></span> <span class='ocrx_word' id='word_1_235' title='bbox 1248 1829 1400 1873; x_wconf 80' lang='lat' dir='ltr'>dignitas</span> <span class='ocrx_word' id='word_1_236' title='bbox 1423 1828 1545 1863; x_wconf 83' lang='lat' dir='ltr'><strong>collata</strong></span> <span class='ocrx_word' id='word_1_237' title='bbox 1566 1827 1681 1872; x_wconf 84' lang='lat' dir='ltr'><strong>magni</strong></span> 
     </span>
     <span class='ocr_line' id='line_1_26' title="bbox 204 1874 1680 1920; baseline -0.001 -11"><span class='ocrx_word' id='word_1_238' title='bbox 204 1875 340 1917; x_wconf 76' lang='lat' dir='ltr'><strong>tzafisii,</strong></span> <span class='ocrx_word' id='word_1_239' title='bbox 365 1874 666 1909; x_wconf 82' lang='lat' dir='ltr'><strong>Chranisthlabum</strong></span> <span class='ocrx_word' id='word_1_240' title='bbox 688 1874 831 1916; x_wconf 90' lang='lat' dir='ltr'><strong>nomine,</strong></span> <span class='ocrx_word' id='word_1_241' title='bbox 854 1886 954 1920; x_wconf 91' lang='lat' dir='ltr'><strong>quem</strong></span> <span class='ocrx_word' id='word_1_242' title='bbox 977 1875 1064 1908; x_wconf 89' lang='lat' dir='ltr'><strong>bello</strong></span> <span class='ocrx_word' id='word_1_243' title='bbox 1089 1879 1207 1909; x_wconf 80' lang='lat' dir='ltr'><strong>contra</strong></span> <span class='ocrx_word' id='word_1_244' title='bbox 1227 1875 1421 1909; x_wconf 86' lang='lat' dir='ltr'><strong>Lachanam</strong></span> <span class='ocrx_word' id='word_1_245' title='bbox 1444 1874 1593 1908; x_wconf 70' lang='lat' dir='ltr'><strong>Michael</strong></span> <span class='ocrx_word' id='word_1_246' title='bbox 1607 1876 1680 1908; x_wconf 81' lang='lat' dir='ltr'><strong>Au-</strong></span> 
     </span>
     <span class='ocr_line' id='line_1_27' title="bbox 204 1920 1681 1967; baseline -0.001 -11"><span class='ocrx_word' id='word_1_247' title='bbox 204 1927 326 1967; x_wconf 85' lang='lat' dir='ltr'><strong>gustus</strong></span> <span class='ocrx_word' id='word_1_248' title='bbox 350 1921 463 1955; x_wconf 84' lang='lat' dir='ltr'><strong>senior</strong></span> <span class='ocrx_word' id='word_1_249' title='bbox 497 1920 574 1955; x_wconf 89' lang='lat' dir='ltr'><strong>olim</strong></span> <span class='ocrx_word' id='word_1_250' title='bbox 602 1923 738 1965; x_wconf 81' lang='lat' dir='ltr'><strong>captum</strong></span> <span class='ocrx_word' id='word_1_251' title='bbox 763 1920 886 1966; x_wconf 88' lang='lat' dir='ltr'><strong>diuque</strong></span> <span class='ocrx_word' id='word_1_252' title='bbox 918 1921 954 1954; x_wconf 92' lang='lat' dir='ltr'><strong>in</strong></span> <span class='ocrx_word' id='word_1_253' title='bbox 985 1932 1124 1956; x_wconf 89' lang='lat' dir='ltr'><strong>carcere</strong></span> <span class='ocrx_word' id='word_1_254' title='bbox 1155 1921 1372 1956; x_wconf 80' lang='lat' dir='ltr'><strong>constrictum</strong></span> <span class='ocrx_word' id='word_1_255' title='bbox 1391 1920 1536 1956; x_wconf 84' lang='lat' dir='ltr'><strong>vinculis</strong></span> <span class='ocrx_word' id='word_1_256' title='bbox 1559 1921 1681 1955; x_wconf 86' lang='lat' dir='ltr'><strong>deten-</strong></span> 
     </span>
     <span class='ocr_line' id='line_1_28' title="bbox 204 1965 1682 2013; baseline -0.001 -11"><span class='ocrx_word' id='word_1_257' title='bbox 204 1975 296 2010; x_wconf 86' lang='lat' dir='ltr'><strong>tum,</strong></span> <span class='ocrx_word' id='word_1_258' title='bbox 330 1968 429 2012; x_wconf 88' lang='lat' dir='ltr'><strong>longo</strong></span> <span class='ocrx_word' id='word_1_259' title='bbox 465 1971 543 2013; x_wconf 84' lang='lat' dir='ltr'><strong>post</strong></span> <span class='ocrx_word' id='word_1_260' title='bbox 573 1971 727 2011; x_wconf 83' lang='lat' dir='ltr'><strong>tempore</strong></span> <span class='ocrx_word' id='word_1_261' title='bbox 748 1967 960 2001; x_wconf 83' lang='lat' dir='ltr'><strong>Andronicus</strong></span> <span class='ocrx_word' id='word_1_262' title='bbox 994 1968 1180 2013; x_wconf 87' lang='lat' dir='ltr'><strong>imperator</strong></span> <span class='ocrx_word' id='word_1_263' title='bbox 1211 1968 1367 2002; x_wconf 86' lang='lat' dir='ltr'><strong>emissum</strong></span> <span class='ocrx_word' id='word_1_264' title='bbox 1398 1965 1556 2001; x_wconf 73' lang='lat' dir='ltr'><strong>custodia</strong></span> <span class='ocrx_word' id='word_1_265' title='bbox 1578 1970 1616 2000; x_wconf 84' lang='lat' dir='ltr'><strong>et</strong></span> <span class='ocrx_word' id='word_1_266' title='bbox 1637 1977 1682 2001; x_wconf 76' lang='lat' dir='ltr'><strong>ea</strong></span> 
     </span>
     <span class='ocr_line' id='line_1_29' title="bbox 204 2012 1681 2059; baseline -0.001 -11"><span class='ocrx_word' id='word_1_267' title='bbox 204 2026 307 2059; x_wconf 85' lang='lat' dir='ltr'><strong>quam</strong></span> <span class='ocrx_word' id='word_1_268' title='bbox 336 2014 409 2047; x_wconf 82' lang='lat' dir='ltr'><strong>dixi</strong></span> <span class='ocrx_word' id='word_1_269' title='bbox 440 2018 594 2048; x_wconf 88' lang='lat' dir='ltr'><strong>ornatum</strong></span> <span class='ocrx_word' id='word_1_270' title='bbox 627 2013 812 2057; x_wconf 79' lang='lat' dir='ltr'><strong>dignitate,</strong></span> <span class='ocrx_word' id='word_1_271' title='bbox 834 2012 901 2047; x_wconf 86' lang='lat' dir='ltr'><strong>illis</strong></span> <span class='ocrx_word' id='word_1_272' title='bbox 932 2013 989 2047; x_wconf 86' lang='lat' dir='ltr'><strong>diu</strong></span> <span class='ocrx_word' id='word_1_273' title='bbox 1010 2013 1045 2047; x_wconf 89' lang='lat' dir='ltr'><strong>in</strong></span> <span class='ocrx_word' id='word_1_274' title='bbox 1069 2014 1223 2059; x_wconf 86' lang='lat' dir='ltr'><strong>partibus</strong></span> <span class='ocrx_word' id='word_1_275' title='bbox 1245 2014 1385 2048; x_wconf 84' lang='lat' dir='ltr'><strong>militiae</strong></span> <span class='ocrx_word' id='word_1_276' title='bbox 1407 2013 1526 2048; x_wconf 89' lang='lat' dir='ltr'><strong>ducem</strong></span> <span class='ocrx_word' id='word_1_277' title='bbox 1548 2012 1681 2056; x_wconf 78' lang='lat' dir='ltr'><strong>habuit,</strong></span> 
     </span>
     <span class='ocr_line' id='line_1_30' title="bbox 206 2059 1682 2106; baseline -0.001 -12"><span class='ocrx_word' id='word_1_278' title='bbox 206 2066 243 2094; x_wconf 88' lang='lat' dir='ltr'><strong>et</strong></span> <span class='ocrx_word' id='word_1_279' title='bbox 266 2060 366 2102; x_wconf 88' lang='lat' dir='ltr'><strong>hunc,</strong></span> <span class='ocrx_word' id='word_1_280' title='bbox 388 2060 536 2106; x_wconf 86' lang='lat' dir='ltr'><strong>inquam,</strong></span> <span class='ocrx_word' id='word_1_281' title='bbox 558 2064 599 2094; x_wconf 86' lang='lat' dir='ltr'><strong>ut</strong></span> <span class='ocrx_word' id='word_1_282' title='bbox 621 2059 762 2102; x_wconf 88' lang='lat' dir='ltr'><strong>dicitur,</strong></span> <span class='ocrx_word' id='word_1_283' title='bbox 785 2061 854 2094; x_wconf 86' lang='lat' dir='ltr'><strong>dux</strong></span> <span class='ocrx_word' id='word_1_284' title='bbox 877 2071 1018 2104; x_wconf 85' lang='lat' dir='ltr'><strong>magnus</strong></span> <span class='ocrx_word' id='word_1_285' title='bbox 1039 2060 1111 2094; x_wconf 89' lang='lat' dir='ltr'><strong>irae</strong></span> <span class='ocrx_word' id='word_1_286' title='bbox 1133 2060 1261 2104; x_wconf 90' lang='lat' dir='ltr'><strong>impetu</strong></span> <span class='ocrx_word' id='word_1_287' title='bbox 1285 2060 1392 2106; x_wconf 89' lang='lat' dir='ltr'><strong>primo</strong></span> <span class='ocrx_word' id='word_1_288' title='bbox 1418 2071 1439 2094; x_wconf 88' lang='lat' dir='ltr'><strong>a</strong></span> <span class='ocrx_word' id='word_1_289' title='bbox 1460 2071 1499 2094; x_wconf 86' lang='lat' dir='ltr'><strong>se</strong></span> <span class='ocrx_word' id='word_1_290' title='bbox 1520 2059 1682 2093; x_wconf 78' lang='lat' dir='ltr'><strong>vulnera-</strong></span> 
     </span>
     <span class='ocr_line' id='line_1_31' title="bbox 205 2103 1680 2151; baseline -0.001 -12"><span class='ocrx_word' id='word_1_291' title='bbox 205 2110 278 2140; x_wconf 86' lang='lat' dir='ltr'><strong>tum</strong></span> <span class='ocrx_word' id='word_1_292' title='bbox 302 2106 415 2151; x_wconf 81' lang='lat' dir='ltr'><strong>gladio</strong></span> <span class='ocrx_word' id='word_1_293' title='bbox 441 2106 658 2140; x_wconf 84' lang='lat' dir='ltr'><strong>carnificibus</strong></span> <span class='ocrx_word' id='word_1_294' title='bbox 680 2107 804 2151; x_wconf 87' lang='lat' dir='ltr'><strong>laqueo</strong></span> <span class='ocrx_word' id='word_1_295' title='bbox 838 2106 1072 2140; x_wconf 75' lang='lat' dir='ltr'><strong>suffocandum</strong></span> <span class='ocrx_word' id='word_1_296' title='bbox 1102 2106 1263 2149; x_wconf 81' lang='lat' dir='ltr'><strong>tradidit,</strong></span> <span class='ocrx_word' id='word_1_297' title='bbox 1298 2106 1499 2150; x_wconf 86' lang='lat' dir='ltr'><strong>finissetque</strong></span> <span class='ocrx_word' id='word_1_298' title='bbox 1529 2108 1558 2139; x_wconf 88' lang='lat' dir='ltr'><strong>is</strong></span> <span class='ocrx_word' id='word_1_299' title='bbox 1587 2103 1680 2139; x_wconf 85' lang='lat' dir='ltr'><strong>haud</strong></span> 
     </span>
     <span class='ocr_line' id='line_1_32' title="bbox 205 2150 1681 2198; baseline -0.002 -12"><span class='ocrx_word' id='word_1_300' title='bbox 205 2152 309 2186; x_wconf 83' lang='lat' dir='ltr'><strong>dubie</strong></span> <span class='ocrx_word' id='word_1_301' title='bbox 333 2152 437 2186; x_wconf 79' lang='lat' dir='ltr'><strong>vitam</strong></span> <span class='ocrx_word' id='word_1_302' title='bbox 460 2152 664 2197; x_wconf 87' lang='lat' dir='ltr'><strong>suspendio,</strong></span> <span class='ocrx_word' id='word_1_303' title='bbox 692 2152 757 2186; x_wconf 89' lang='lat' dir='ltr'><strong>nisi</strong></span> <span class='ocrx_word' id='word_1_304' title='bbox 781 2152 877 2186; x_wconf 86' lang='lat' dir='ltr'><strong>multi</strong></span> <span class='ocrx_word' id='word_1_305' title='bbox 901 2152 1056 2187; x_wconf 82' lang='lat' dir='ltr'><strong>certatim</strong></span> <span class='ocrx_word' id='word_1_306' title='bbox 1079 2158 1297 2187; x_wconf 83' lang='lat' dir='ltr'><strong>accurrentes</strong></span> <span class='ocrx_word' id='word_1_307' title='bbox 1318 2156 1354 2186; x_wconf 88' lang='lat' dir='ltr'><strong>et</strong></span> <span class='ocrx_word' id='word_1_308' title='bbox 1375 2151 1535 2198; x_wconf 78' lang='lat' dir='ltr'><strong>precibus</strong></span> <span class='ocrx_word' id='word_1_309' title='bbox 1557 2150 1681 2184; x_wconf 74' lang='lat' dir='ltr'><strong>infimis</strong></span> 
     </span>
     <span class='ocr_line' id='line_1_33' title="bbox 206 2197 1678 2244; baseline -0.001 -13"><span class='ocrx_word' id='word_1_310' title='bbox 206 2203 243 2232; x_wconf 89' lang='lat' dir='ltr'><strong>et</strong></span> <span class='ocrx_word' id='word_1_311' title='bbox 267 2198 458 2232; x_wconf 87' lang='lat' dir='ltr'><strong>rationibus</strong></span> <span class='ocrx_word' id='word_1_312' title='bbox 481 2198 633 2241; x_wconf 82' lang='lat' dir='ltr'><strong>idoneis,</strong></span> <span class='ocrx_word' id='word_1_313' title='bbox 657 2198 853 2244; x_wconf 88' lang='lat' dir='ltr'><strong>meritisque</strong></span> <span class='ocrx_word' id='word_1_314' title='bbox 874 2199 981 2244; x_wconf 88' lang='lat' dir='ltr'><strong>ipsius</strong></span> <span class='ocrx_word' id='word_1_315' title='bbox 1004 2210 1046 2233; x_wconf 85' lang='lat' dir='ltr'><strong>ac</strong></span> <span class='ocrx_word' id='word_1_316' title='bbox 1068 2198 1275 2233; x_wconf 75' lang='lat' dir='ltr'><strong>defensionis</strong></span> <span class='ocrx_word' id='word_1_317' title='bbox 1298 2197 1505 2243; x_wconf 77' lang='lat' dir='ltr'><strong>argumentis</strong></span> <span class='ocrx_word' id='word_1_318' title='bbox 1527 2197 1678 2240; x_wconf 77' lang='lat' dir='ltr'><strong>allegan-</strong></span> 
     </span>
     <span class='ocr_line' id='line_1_34' title="bbox 205 2239 1681 2290; baseline -0.003 -12"><span class='ocrx_word' id='word_1_319' title='bbox 205 2244 260 2278; x_wconf 88' lang='lat' dir='ltr'><strong>dis</strong></span> <span class='ocrx_word' id='word_1_320' title='bbox 282 2244 459 2288; x_wconf 84' lang='lat' dir='ltr'><strong>plurimis,</strong></span> <span class='ocrx_word' id='word_1_321' title='bbox 492 2256 597 2288; x_wconf 84' lang='lat' dir='ltr'><strong>aegre</strong></span> <span class='ocrx_word' id='word_1_322' title='bbox 628 2246 766 2279; x_wconf 85' lang='lat' dir='ltr'><strong>tandem</strong></span> <span class='ocrx_word' id='word_1_323' title='bbox 788 2245 1007 2279; x_wconf 79' lang='lat' dir='ltr'><strong>Rontzerium</strong></span> <span class='ocrx_word' id='word_1_324' title='bbox 1038 2245 1244 2279; x_wconf 85' lang='lat' dir='ltr'><strong>avertissent</strong></span> <span class='ocrx_word' id='word_1_325' title='bbox 1273 2257 1292 2279; x_wconf 87' lang='lat' dir='ltr'><strong>a</strong></span> <span class='ocrx_word' id='word_1_326' title='bbox 1316 2244 1491 2290; x_wconf 84' lang='lat' dir='ltr'><strong>proposito</strong></span> <span class='ocrx_word' id='word_1_327' title='bbox 1512 2241 1591 2276; x_wconf 85' lang='lat' dir='ltr'><strong>talis</strong></span> <span class='ocrx_word' id='word_1_328' title='bbox 1613 2239 1681 2274; x_wconf 84' lang='lat' dir='ltr'><strong>viri</strong></span> 
     </span>
     <span class='ocr_line' id='line_1_35' title="bbox 204 2285 1680 2335; baseline -0.003 -11"><span class='ocrx_word' id='word_1_329' title='bbox 204 2290 275 2324; x_wconf 85' lang='lat' dir='ltr'><strong>leto</strong></span> <span class='ocrx_word' id='word_1_330' title='bbox 295 2290 430 2323; x_wconf 81' lang='lat' dir='ltr'><strong>informi</strong></span> <span class='ocrx_word' id='word_1_331' title='bbox 453 2290 627 2324; x_wconf 86' lang='lat' dir='ltr'><strong>enecandi.</strong></span> <span class='ocrx_word' id='word_1_332' title='bbox 674 2302 775 2335; x_wconf 91' lang='lat' dir='ltr'><strong>porro</strong></span> <span class='ocrx_word' id='word_1_333' title='bbox 810 2291 888 2325; x_wconf 87' lang='lat' dir='ltr'><strong>hinc</strong></span> <span class='ocrx_word' id='word_1_334' title='bbox 919 2291 988 2326; x_wconf 87' lang='lat' dir='ltr'><strong>dux</strong></span> <span class='ocrx_word' id='word_1_335' title='bbox 1013 2291 1099 2325; x_wconf 90' lang='lat' dir='ltr'><strong>idem</strong></span> <span class='ocrx_word' id='word_1_336' title='bbox 1123 2302 1264 2335; x_wconf 84' lang='lat' dir='ltr'><strong>magnus</strong></span> <span class='ocrx_word' id='word_1_337' title='bbox 1287 2290 1426 2324; x_wconf 82' lang='lat' dir='ltr'><strong>Chliara</strong></span> <span class='ocrx_word' id='word_1_338' title='bbox 1450 2293 1486 2323; x_wconf 86' lang='lat' dir='ltr'><strong>et</strong></span> <span class='ocrx_word' id='word_1_339' title='bbox 1508 2287 1582 2321; x_wconf 74' lang='lat' dir='ltr'><strong>loen</strong></span> <span class='ocrx_word' id='word_1_340' title='bbox 1605 2285 1680 2320; x_wconf 82' lang='lat' dir='ltr'><strong>eius</strong></span> 
     </span>
     <span class='ocr_line' id='line_1_36' title="bbox 205 2331 1680 2382; baseline -0.003 -12"><span class='ocrx_word' id='word_1_341' title='bbox 205 2336 285 2370; x_wconf 82' lang='lat' dir='ltr'><strong>viae</strong></span> <span class='ocrx_word' id='word_1_342' title='bbox 309 2339 446 2369; x_wconf 84' lang='lat' dir='ltr'><strong>caetera</strong></span> <span class='ocrx_word' id='word_1_343' title='bbox 467 2335 719 2380; x_wconf 86' lang='lat' dir='ltr'><strong>pertransiens,</strong></span> <span class='ocrx_word' id='word_1_344' title='bbox 753 2337 878 2371; x_wconf 87' lang='lat' dir='ltr'><strong>ducere</strong></span> <span class='ocrx_word' id='word_1_345' title='bbox 899 2338 1062 2371; x_wconf 81' lang='lat' dir='ltr'><strong>festinato</strong></span> <span class='ocrx_word' id='word_1_346' title='bbox 1095 2338 1211 2382; x_wconf 84' lang='lat' dir='ltr'><strong>copias</strong></span> <span class='ocrx_word' id='word_1_347' title='bbox 1245 2336 1370 2370; x_wconf 86' lang='lat' dir='ltr'><strong>institit</strong></span> <span class='ocrx_word' id='word_1_348' title='bbox 1392 2338 1486 2368; x_wconf 88' lang='lat' dir='ltr'><strong>recta</strong></span> <span class='ocrx_word' id='word_1_349' title='bbox 1508 2331 1680 2367; x_wconf 80' lang='lat' dir='ltr'><strong>Philadel-</strong></span> 
     </span>
     <span class='ocr_line' id='line_1_37' title="bbox 205 2380 1680 2428; baseline -0.003 -12"><span class='ocrx_word' id='word_1_350' title='bbox 205 2381 321 2428; x_wconf 87' lang='lat' dir='ltr'><strong>phiam</strong></span> <span class='ocrx_word' id='word_1_351' title='bbox 343 2393 475 2422; x_wconf 87' lang='lat' dir='ltr'><strong>versus,</strong></span> <span class='ocrx_word' id='word_1_352' title='bbox 498 2386 662 2424; x_wconf 82' lang='lat' dir='ltr'><strong>extreme,</strong></span> <span class='ocrx_word' id='word_1_353' title='bbox 685 2388 725 2415; x_wconf 86' lang='lat' dir='ltr'><strong>ut</strong></span> <span class='ocrx_word' id='word_1_354' title='bbox 747 2383 874 2417; x_wconf 86' lang='lat' dir='ltr'><strong>dictum</strong></span> <span class='ocrx_word' id='word_1_355' title='bbox 898 2388 963 2426; x_wconf 88' lang='lat' dir='ltr'><strong>est,</strong></span> <span class='ocrx_word' id='word_1_356' title='bbox 978 2383 1255 2428; x_wconf 59' lang='lat' dir='ltr'><strong>periclitantem„</strong></span> <span class='ocrx_word' id='word_1_357' title='bbox 1285 2380 1439 2426; x_wconf 89' lang='lat' dir='ltr'><strong>quoniam</strong></span> <span class='ocrx_word' id='word_1_358' title='bbox 1462 2381 1575 2413; x_wconf 80' lang='lat' dir='ltr'><strong>antem</strong></span> <span class='ocrx_word' id='word_1_359' title='bbox 1598 2389 1680 2412; x_wconf 91' lang='lat' dir='ltr'><strong>con-</strong></span> 
     </span>
     <span class='ocr_line' id='line_1_38' title="bbox 206 2425 1681 2474; baseline -0.003 -12"><span class='ocrx_word' id='word_1_360' title='bbox 206 2428 334 2473; x_wconf 83' lang='lat' dir='ltr'><strong>tigerat</strong></span> <span class='ocrx_word' id='word_1_361' title='bbox 356 2427 530 2472; x_wconf 87' lang='lat' dir='ltr'><strong>aliquanto</strong></span> <span class='ocrx_word' id='word_1_362' title='bbox 554 2434 634 2461; x_wconf 87' lang='lat' dir='ltr'><strong>ante</strong></span> <span class='ocrx_word' id='word_1_363' title='bbox 665 2429 742 2473; x_wconf 87' lang='lat' dir='ltr'><strong>capi</strong></span> <span class='ocrx_word' id='word_1_364' title='bbox 766 2428 954 2473; x_wconf 87' lang='lat' dir='ltr'><strong>Tripolim,</strong></span> <span class='ocrx_word' id='word_1_365' title='bbox 989 2440 1086 2462; x_wconf 83' lang='lat' dir='ltr'><strong>arces</strong></span> <span class='ocrx_word' id='word_1_366' title='bbox 1109 2440 1197 2474; x_wconf 84' lang='lat' dir='ltr'><strong>quae</strong></span> <span class='ocrx_word' id='word_1_367' title='bbox 1219 2428 1310 2462; x_wconf 84' lang='lat' dir='ltr'><strong>circa</strong></span> <span class='ocrx_word' id='word_1_368' title='bbox 1331 2426 1419 2459; x_wconf 86' lang='lat' dir='ltr'><strong>illam</strong></span> <span class='ocrx_word' id='word_1_369' title='bbox 1440 2425 1556 2458; x_wconf 85' lang='lat' dir='ltr'><strong>urbem</strong></span> <span class='ocrx_word' id='word_1_370' title='bbox 1581 2427 1681 2458; x_wconf 84' lang='lat' dir='ltr'><strong>erant</strong></span> 
     </span>
     <span class='ocr_line' id='line_1_39' title="bbox 207 2469 1680 2519; baseline -0.003 -11"><span class='ocrx_word' id='word_1_371' title='bbox 207 2473 400 2508; x_wconf 82' lang='lat' dir='ltr'><strong>necessario</strong></span> <span class='ocrx_word' id='word_1_372' title='bbox 425 2485 510 2518; x_wconf 84' lang='lat' dir='ltr'><strong>pace</strong></span> <span class='ocrx_word' id='word_1_373' title='bbox 543 2485 616 2507; x_wconf 89' lang='lat' dir='ltr'><strong>cum</strong></span> <span class='ocrx_word' id='word_1_374' title='bbox 641 2473 756 2508; x_wconf 86' lang='lat' dir='ltr'><strong>Persis</strong></span> <span class='ocrx_word' id='word_1_375' title='bbox 789 2475 990 2519; x_wconf 86' lang='lat' dir='ltr'><strong>quibusdam</strong></span> <span class='ocrx_word' id='word_1_376' title='bbox 1017 2474 1260 2508; x_wconf 87' lang='lat' dir='ltr'><strong>conditionibus</strong></span> <span class='ocrx_word' id='word_1_377' title='bbox 1282 2473 1376 2506; x_wconf 82' lang='lat' dir='ltr'><strong>facta</strong></span> <span class='ocrx_word' id='word_1_378' title='bbox 1398 2470 1573 2504; x_wconf 84' lang='lat' dir='ltr'><strong>subiectae</strong></span> <span class='ocrx_word' id='word_1_379' title='bbox 1595 2469 1680 2515; x_wconf 87' lang='lat' dir='ltr'><strong>ipsis</strong></span> 
     </span>
     <span class='ocr_line' id='line_1_40' title="bbox 203 2516 1681 2566; baseline -0.003 -12"><span class='ocrx_word' id='word_1_380' title='bbox 203 2520 451 2566; x_wconf 84' lang='lat' dir='ltr'><strong>quadamtenus</strong></span> <span class='ocrx_word' id='word_1_381' title='bbox 474 2524 592 2562; x_wconf 79' lang='lat' dir='ltr'><strong>erant,</strong></span> <span class='ocrx_word' id='word_1_382' title='bbox 628 2519 716 2553; x_wconf 85' lang='lat' dir='ltr'><strong>citra</strong></span> <span class='ocrx_word' id='word_1_383' title='bbox 749 2524 863 2553; x_wconf 88' lang='lat' dir='ltr'><strong>tamen</strong></span> <span class='ocrx_word' id='word_1_384' title='bbox 890 2520 1122 2553; x_wconf 83' lang='lat' dir='ltr'><strong>admissionem</strong></span> <span class='ocrx_word' id='word_1_385' title='bbox 1145 2518 1308 2563; x_wconf 82' lang='lat' dir='ltr'><strong>praesidii</strong></span> <span class='ocrx_word' id='word_1_386' title='bbox 1331 2516 1461 2550; x_wconf 85' lang='lat' dir='ltr'><strong>Persici</strong></span> <span class='ocrx_word' id='word_1_387' title='bbox 1483 2527 1545 2550; x_wconf 86' lang='lat' dir='ltr'><strong>seu</strong></span> <span class='ocrx_word' id='word_1_388' title='bbox 1567 2516 1681 2561; x_wconf 86' lang='lat' dir='ltr'><strong>potius</strong></span> 
     </span>
     <span class='ocr_line' id='line_1_41' title="bbox 204 2562 1680 2610; baseline -0.003 -10"><span class='ocrx_word' id='word_1_389' title='bbox 204 2565 416 2600; x_wconf 84' lang='lat' dir='ltr'><strong>Carmanici:</strong></span> <span class='ocrx_word' id='word_1_390' title='bbox 440 2576 516 2598; x_wconf 82' lang='lat' dir='ltr'><strong>nam</strong></span> <span class='ocrx_word' id='word_1_391' title='bbox 539 2564 571 2598; x_wconf 87' lang='lat' dir='ltr'><strong>hi</strong></span> <span class='ocrx_word' id='word_1_392' title='bbox 597 2576 672 2598; x_wconf 91' lang='lat' dir='ltr'><strong>cum</strong></span> <span class='ocrx_word' id='word_1_393' title='bbox 696 2565 817 2610; x_wconf 84' lang='lat' dir='ltr'><strong>quibus</strong></span> <span class='ocrx_word' id='word_1_394' title='bbox 835 2566 903 2599; x_wconf 84' lang='lat' dir='ltr'><strong>ista</strong></span> <span class='ocrx_word' id='word_1_395' title='bbox 923 2566 1127 2610; x_wconf 83' lang='lat' dir='ltr'><strong>pepigerant</strong></span> <span class='ocrx_word' id='word_1_396' title='bbox 1137 2563 1296 2598; x_wconf 88' lang='lat' dir='ltr'><strong>Carmani</strong></span> <span class='ocrx_word' id='word_1_397' title='bbox 1319 2567 1429 2603; x_wconf 85' lang='lat' dir='ltr'><strong>erant,</strong></span> <span class='ocrx_word' id='word_1_398' title='bbox 1447 2562 1624 2608; x_wconf 86' lang='lat' dir='ltr'><strong>praecipui</strong></span> <span class='ocrx_word' id='word_1_399' title='bbox 1643 2567 1680 2595; x_wconf 87' lang='lat' dir='ltr'><strong>et</strong></span> 
     </span>
     <span class='ocr_line' id='line_1_42' title="bbox 206 2607 1680 2656; baseline -0.003 -10"><span class='ocrx_word' id='word_1_400' title='bbox 206 2611 382 2646; x_wconf 79' lang='lat' dir='ltr'><strong>fortissimi</strong></span> <span class='ocrx_word' id='word_1_401' title='bbox 393 2611 584 2652; x_wconf 86' lang='lat' dir='ltr'><strong>Persarum,</strong></span> <span class='ocrx_word' id='word_1_402' title='bbox 592 2611 749 2655; x_wconf 85' lang='lat' dir='ltr'><strong>Alisyrae</strong></span> <span class='ocrx_word' id='word_1_403' title='bbox 771 2616 930 2656; x_wconf 84' lang='lat' dir='ltr'><strong>parentes</strong></span> <span class='ocrx_word' id='word_1_404' title='bbox 952 2611 1040 2644; x_wconf 88' lang='lat' dir='ltr'><strong>duci.</strong></span> <span class='ocrx_word' id='word_1_405' title='bbox 1073 2621 1190 2644; x_wconf 88' lang='lat' dir='ltr'><strong>verum</strong></span> <span class='ocrx_word' id='word_1_406' title='bbox 1209 2609 1270 2643; x_wconf 84' lang='lat' dir='ltr'><strong>tali</strong></span> <span class='ocrx_word' id='word_1_407' title='bbox 1291 2612 1486 2643; x_wconf 86' lang='lat' dir='ltr'><strong>coactarum</strong></span> <span class='ocrx_word' id='word_1_408' title='bbox 1501 2607 1680 2642; x_wconf 85' lang='lat' dir='ltr'><strong>subiacere</strong></span> 
     </span>
     <span class='ocr_line' id='line_1_43' title="bbox 202 2654 1679 2699; baseline -0.003 -7"><span class='ocrx_word' id='word_1_409' title='bbox 202 2657 363 2694; x_wconf 85' lang='lat' dir='ltr'><strong>servituti</strong></span> <span class='ocrx_word' id='word_1_410' title='bbox 385 2656 511 2691; x_wconf 72' lang='lat' dir='ltr'><strong>arcium</strong></span> <span class='ocrx_word' id='word_1_411' title='bbox 533 2656 674 2698; x_wconf 82' lang='lat' dir='ltr'><strong>incolae,</strong></span> <span class='ocrx_word' id='word_1_412' title='bbox 689 2656 803 2690; x_wconf 84' lang='lat' dir='ltr'><strong>audito</strong></span> <span class='ocrx_word' id='word_1_413' title='bbox 828 2657 1016 2690; x_wconf 86' lang='lat' dir='ltr'><strong>adventare</strong></span> <span class='ocrx_word' id='word_1_414' title='bbox 1039 2667 1193 2699; x_wconf 83' lang='lat' dir='ltr'><strong>magnum</strong></span> <span class='ocrx_word' id='word_1_415' title='bbox 1215 2655 1346 2696; x_wconf 88' lang='lat' dir='ltr'><strong>ducem,</strong></span> <span class='ocrx_word' id='word_1_416' title='bbox 1370 2666 1445 2689; x_wconf 90' lang='lat' dir='ltr'><strong>eum</strong></span> <span class='ocrx_word' id='word_1_417' title='bbox 1467 2655 1533 2689; x_wconf 83' lang='lat' dir='ltr'><strong>iam</strong></span> <span class='ocrx_word' id='word_1_418' title='bbox 1551 2654 1679 2688; x_wconf 88' lang='lat' dir='ltr'><strong>circum</strong></span> 
     </span>
     <span class='ocr_line' id='line_1_44' title="bbox 201 2701 1679 2748; baseline -0.005 -9"><span class='ocrx_word' id='word_1_419' title='bbox 201 2706 364 2739; x_wconf 88' lang='lat' dir='ltr'><strong>Aulacem</strong></span> <span class='ocrx_word' id='word_1_420' title='bbox 386 2702 508 2738; x_wconf 85' lang='lat' dir='ltr'><strong>castris</strong></span> <span class='ocrx_word' id='word_1_421' title='bbox 531 2703 650 2748; x_wconf 84' lang='lat' dir='ltr'><strong>positis</strong></span> <span class='ocrx_word' id='word_1_422' title='bbox 672 2706 857 2737; x_wconf 87' lang='lat' dir='ltr'><strong>morantem</strong></span> <span class='ocrx_word' id='word_1_423' title='bbox 880 2702 1050 2747; x_wconf 78' lang='lat' dir='ltr'><strong>legatione</strong></span> <span class='ocrx_word' id='word_1_424' title='bbox 1080 2702 1182 2736; x_wconf 88' lang='lat' dir='ltr'><strong>missa</strong></span> <span class='ocrx_word' id='word_1_425' title='bbox 1205 2701 1427 2736; x_wconf 86' lang='lat' dir='ltr'><strong>communiter</strong></span> <span class='ocrx_word' id='word_1_426' title='bbox 1449 2703 1616 2744; x_wconf 83' lang='lat' dir='ltr'><strong>rogarunt</strong></span> <span class='ocrx_word' id='word_1_427' title='bbox 1641 2703 1679 2733; x_wconf 86' lang='lat' dir='ltr'><strong>ut</strong></span> 
     </span>
     <span class='ocr_line' id='line_1_45' title="bbox 203 2745 1678 2795; baseline -0.004 -11"><span class='ocrx_word' id='word_1_428' title='bbox 203 2750 270 2784; x_wconf 84' lang='lat' dir='ltr'><strong>sibi</strong></span> <span class='ocrx_word' id='word_1_429' title='bbox 294 2750 338 2785; x_wconf 90' lang='lat' dir='ltr'><strong>ad</strong></span> <span class='ocrx_word' id='word_1_430' title='bbox 360 2749 590 2784; x_wconf 86' lang='lat' dir='ltr'><strong>rebellandum</strong></span> <span class='ocrx_word' id='word_1_431' title='bbox 614 2748 743 2795; x_wconf 87' lang='lat' dir='ltr'><strong>paratis</strong></span> <span class='ocrx_word' id='word_1_432' title='bbox 767 2748 901 2783; x_wconf 88' lang='lat' dir='ltr'><strong>admoto</strong></span> <span class='ocrx_word' id='word_1_433' title='bbox 925 2748 1065 2794; x_wconf 89' lang='lat' dir='ltr'><strong>propius</strong></span> <span class='ocrx_word' id='word_1_434' title='bbox 1094 2747 1247 2782; x_wconf 88' lang='lat' dir='ltr'><strong>exercitu</strong></span> <span class='ocrx_word' id='word_1_435' title='bbox 1279 2747 1436 2781; x_wconf 84' lang='lat' dir='ltr'><strong>adesset:</strong></span> <span class='ocrx_word' id='word_1_436' title='bbox 1470 2758 1547 2780; x_wconf 86' lang='lat' dir='ltr'><strong>sese</strong></span> <span class='ocrx_word' id='word_1_437' title='bbox 1575 2745 1678 2788; x_wconf 90' lang='lat' dir='ltr'><strong>enim,</strong></span> 
     </span>
     <span class='ocr_line' id='line_1_46' title="bbox 204 2791 1679 2841; baseline -0.003 -11"><span class='ocrx_word' id='word_1_438' title='bbox 204 2796 303 2830; x_wconf 85' lang='lat' dir='ltr'><strong>simul</strong></span> <span class='ocrx_word' id='word_1_439' title='bbox 327 2799 400 2830; x_wconf 91' lang='lat' dir='ltr'><strong>tuto</strong></span> <span class='ocrx_word' id='word_1_440' title='bbox 425 2795 461 2831; x_wconf 87' lang='lat' dir='ltr'><strong>id</strong></span> <span class='ocrx_word' id='word_1_441' title='bbox 484 2799 623 2841; x_wconf 83' lang='lat' dir='ltr'><strong>possent</strong></span> <span class='ocrx_word' id='word_1_442' title='bbox 645 2797 771 2837; x_wconf 86' lang='lat' dir='ltr'><strong>facere,</strong></span> <span class='ocrx_word' id='word_1_443' title='bbox 794 2798 918 2840; x_wconf 85' lang='lat' dir='ltr'><strong>pacta,</strong></span> <span class='ocrx_word' id='word_1_444' title='bbox 947 2794 1070 2839; x_wconf 84' lang='lat' dir='ltr'><strong>quibus</strong></span> <span class='ocrx_word' id='word_1_445' title='bbox 1092 2805 1130 2828; x_wconf 90' lang='lat' dir='ltr'><strong>se</strong></span> <span class='ocrx_word' id='word_1_446' title='bbox 1153 2795 1278 2828; x_wconf 81' lang='lat' dir='ltr'><strong>su&#39;mma</strong></span> <span class='ocrx_word' id='word_1_447' title='bbox 1300 2792 1336 2826; x_wconf 87' lang='lat' dir='ltr'><strong>vi</strong></span> <span class='ocrx_word' id='word_1_448' title='bbox 1359 2793 1472 2827; x_wconf 87' lang='lat' dir='ltr'><strong>adacti</strong></span> <span class='ocrx_word' id='word_1_449' title='bbox 1496 2797 1531 2827; x_wconf 88' lang='lat' dir='ltr'><strong>et</strong></span> <span class='ocrx_word' id='word_1_450' title='bbox 1554 2791 1679 2826; x_wconf 83' lang='lat' dir='ltr'><strong>ceden-</strong></span> 
     </span>
     <span class='ocr_line' id='line_1_47' title="bbox 204 2837 1680 2889; baseline -0.003 -14"><span class='ocrx_word' id='word_1_451' title='bbox 204 2846 260 2876; x_wconf 87' lang='lat' dir='ltr'><strong>tes</strong></span> <span class='ocrx_word' id='word_1_452' title='bbox 282 2842 428 2889; x_wconf 85' lang='lat' dir='ltr'><strong>tempori</strong></span> <span class='ocrx_word' id='word_1_453' title='bbox 451 2845 570 2877; x_wconf 86' lang='lat' dir='ltr'><strong>contra</strong></span> <span class='ocrx_word' id='word_1_454' title='bbox 591 2844 800 2877; x_wconf 85' lang='lat' dir='ltr'><strong>voluntatem</strong></span> <span class='ocrx_word' id='word_1_455' title='bbox 822 2839 1077 2876; x_wconf 83' lang='lat' dir='ltr'><strong>obstrinxerant</strong></span> <span class='ocrx_word' id='word_1_456' title='bbox 1097 2840 1265 2885; x_wconf 83' lang='lat' dir='ltr'><strong>barbaris,</strong></span> <span class='ocrx_word' id='word_1_457' title='bbox 1291 2839 1509 2882; x_wconf 82' lang='lat' dir='ltr'><strong>rescissuros,</strong></span> <span class='ocrx_word' id='word_1_458' title='bbox 1533 2842 1570 2874; x_wconf 92' lang='lat' dir='ltr'><strong>et</strong></span> <span class='ocrx_word' id='word_1_459' title='bbox 1589 2837 1680 2872; x_wconf 76' lang='lat' dir='ltr'><strong>sicut</strong></span> 
     </span>
    </p>
   </div>
  </div>
 </body>
</html>
