1820 3112
213 152 277 198 78
631 154 870 198 GEORGII
901 155 1256 201 PACHYMERIS

155 268 187 304 B
211 268 358 310 νίαισιν
384 264 622 322 ὑποκρέκει,
667 268 769 324 φησὶ
796 267 1022 324 Πίνδαρος.
1090 269 1180 322 ἐμοὶ
1204 268 1252 312 δ’
1274 267 1386 322 ἅπαξ
1405 271 1584 327 ἐμαυτὸν
1603 291 1682 317 κα-

209 333 366 379 θεικότι
396 337 451 384 εἷς
484 334 670 390 ἀγγελίαν
695 340 779 379 τῶν
803 337 1054 392 γενομένων,
1099 337 1150 393 ἤν
1175 355 1255 380 που
1282 340 1350 381 καὶ
1376 340 1491 398 παρὰ
1511 341 1558 384 τὸ
1577 341 1682 392 εἰκὸς

207 404 361 460 γε’γονεν
375 437 386 456 ‚
423 402 471 445 οὗ
492 403 659 453 δικαίως
682 403 733 447 ἂν
755 407 822 447 καὶ
842 406 1114 461 παραιτητέον
1134 406 1196 462 εἴη
1224 405 1246 449 ὅ
1268 424 1308 450 τι
1336 407 1501 464 λέγοιμι.
1571 409 1681 464 νέμει

207 472 285 528 γὰρ
307 472 354 515 τὸ
378 475 552 527 θαρρεῖν
574 470 599 527 ἦ
621 472 819 528 ἇτρὲκεια.
889 476 955 516 καὶ
985 474 1105 517 οὐδὲν
1125 482 1287 531 χεῖρον,
1326 474 1462 531 οἶμαι,
1499 475 1580 521 {sm}
1596 482 1680 522 τῶν

209 538 472 583 ἀκουσάντων
496 539 547 582 ἂν
567 539 744 596 πάθοιμι
764 542 890 597 λέγων
911 537 967 586 ὧν
997 544 1178 597 ἐμαυτὸν
1202 544 1302 594 ἴσως
1329 541 1528 602 δράσαιμι
1548 546 1607 602 μὴ
1622 548 1712 590 εῖ-5

208 607 312 655 πῶν,
380 608 535 651 ἐκεῖθεν
551 610 625 662 μὲν
647 610 725 666 γὰρ
752 609 878 661 δόξαν
898 611 1109 655 ἆποίσαιτ’
1131 611 1182 655 ἄν
1206 630 1265 662 τις
1282 617 1356 656 τοῦ
1377 611 1505 657 πάντ’
1531 614 1682 670 ἐπέχειν

156 685 186 718 C
210 679 254 721 ἐκ
283 678 502 735 φιλαυτίας
532 685 617 728 τοῖς
643 677 734 721 τότε
768 682 971 734 ξυμβᾶσι,
1019 682 1091 723 καί
1117 680 1160 736 γ’
1191 680 1352 738 ἀνάγειν
1381 683 1485 738 πρὸς
1514 682 1555 726 ἓν
1576 683 1679 727 τιτὸ

208 747 267 801 μὴ
304 745 409 789 κατὰ
437 743 590 802 τρόπον
621 747 750 790 ἐκεῖνα
785 750 852 790 καὶ
883 748 1092 806 τάσφαλὲς
1120 755 1380 806 πεπρᾶχθαι·
1418 752 1612 795 ἐντεῦθεν
1635 752 1681 795 δὲ

208 815 310 857 ἀλλ’
333 815 368 856 εἶ
385 812 444 869 μή
465 815 509 856 τί
526 832 567 870 γε
588 816 733 868 πλέον,
771 821 830 875 τῷ
857 822 956 872 γοῦν
991 816 1136 861 ἑκόντα
1160 818 1427 875 παρατρέχειν
1456 819 1503 863 τὸ
1526 823 1680 874 ξυμπε-

209 883 283 927 σόν
315 884 359 925 ἐκ
388 885 602 938 δαιμονίου
637 882 749 938 οἶμαι
767 887 962 938 προνοίας
990 886 1227 943 ῥυπαίνοιτ’
1253 885 1348 943 ἂνῆ
1368 888 1474 931 καθ’
1494 889 1679 946 ἱστορίαν
1692 893 1735 928 10

208 950 398 1006 ἀλήθεια.
467 956 526 1010 τῷ
559 970 623 994 τοι
650 955 717 995 καὶ
746 958 868 995 τοῦτο
902 955 1004 1010 πρὸς
1031 962 1116 1005 τοῖς
1145 955 1284 1006 ἄλλοις
1310 957 1518 1012 λεγέσθω,
1557 959 1679 1012 δεῖμα

208 1023 282 1076 μὲν
303 1021 427 1078 φέρον
448 1024 551 1063 θεοῦ
575 1023 782 1077 προνοίας,
819 1023 922 1079 πρὸς
943 1023 965 1066 ὅ
989 1041 1027 1067 τι
1046 1025 1090 1066 δὲ
1111 1025 1228 1082 φέροι
1249 1023 1275 1080 ἢ
1299 1025 1512 1083 παρελθὸν
1534 1024 1560 1082 ἢ
1584 1023 1679 1070 ἐσό-

209 1107 332 1145 μενον
352 1087 408 1137 ὥς
426 1088 529 1138 εἰκὸς
552 1088 837 1145 ἀγνοούμενον.

91 1165 120 1199 P
144 1165 189 1200 49
345 1155 504 1212 εΗμὲρα
534 1159 608 1211 μὲν
634 1154 706 1201 οὖν
737 1164 812 1213 τῆς
842 1163 1005 1215 τυρινῆς
1039 1158 1295 1217 κυριώνυμος
1325 1158 1421 1204 τότ’
1463 1161 1675 1219 ἐφίστατο,

209 1224 338 1269 ἐκάλει
364 1227 408 1268 δὲ
434 1226 504 1268 τὸν
536 1226 605 1268 ἐπ’
637 1229 850 1282 ἐκκλησίας
880 1228 1169 1284 ἱερουργοῦντα
1187 1229 1234 1271 τὸ
1254 1227 1456 1285 σύνηθες·
1487 1229 1536 1273 τὸ
1560 1229 1603 1272 δ’
1626 1225 1677 1285 ἦν
1688 1242 1732 1278 15

205 1295 253 1338 τὸ
290 1294 633 1351 προηγιασμέναις
662 1295 892 1353 ἀναφοραῖς
918 1297 964 1340 τὸ
993 1297 1100 1352 ἱερὸν
1130 1299 1273 1348 πυξίον
1300 1298 1342 1348 ἐς
1374 1297 1397 1342 ὅ
1427 1315 1466 1341 τι
1496 1295 1678 1353 μάλιστα

207 1365 413 1418 ἐμπιπλᾶν
444 1364 550 1405 κατὰ
578 1365 719 1421 χρείαν
740 1369 824 1408 τῶν
853 1366 1106 1421 τεταγμένων
1128 1370 1402 1424 λειτουργιῶν.
1474 1367 1559 1410 ἐπεὶ
1578 1371 1677 1424 γοῦν

295 1473 330 1508 9.
353 1472 429 1519 τῷ]
455 1470 498 1508 τό
522 1472 562 1506 Ρ.

205 1575 319 1620 gentis
351 1574 618 1621 providentiam,
652 1575 728 1609 fieri
763 1576 923 1622 cernique
947 1577 1061 1622 qualia
1083 1589 1159 1612 mox
1181 1579 1327 1613 referam
1359 1577 1417 1624 qui
1449 1578 1581 1612 diceret
1615 1582 1678 1613 aut

207 1621 430 1663 existimaret,
456 1621 555 1655 huius
579 1622 732 1666 equidem
755 1623 808 1656 vel
833 1623 1090 1657 affirmationem
1114 1624 1167 1657 vel
1189 1624 1390 1659 sententiam
1417 1624 1526 1658 ausim
1548 1624 1677 1667 dicere,

205 1667 304 1701 iuxta
327 1667 524 1708 Pindarum,
546 1668 636 1701 haud
659 1668 759 1712 longe
782 1680 803 1702 a
825 1670 941 1702 furore
963 1670 1170 1714 discrepare.
1215 1671 1297 1704 mihi
1318 1674 1500 1716 utcumque
1522 1670 1677 1705 insuavis

207 1713 334 1748 accidit
355 1713 625 1747 commemoratio
655 1713 843 1748 istiusmodi
873 1718 1099 1748 monstrorum
1128 1715 1361 1761 inauspicatae
1383 1715 1578 1758 mentionis,
1608 1727 1676 1751 non

207 1764 262 1793 est
284 1764 396 1793 tamen
419 1759 571 1800 liberum,
596 1770 638 1792 ex
661 1771 728 1804 quo
751 1760 851 1794 istam
884 1761 974 1794 ultro
997 1753 1232 1795 necessitatem
1256 1761 1365 1806 subii,
1400 1767 1562 1807 suscepta
1593 1773 1677 1807 pro-

205 1805 353 1840 fessione
376 1804 634 1850 qualescumque
657 1817 713 1839 res
737 1810 852 1850 gestas
867 1806 1065 1851 exponendi,
1089 1808 1132 1840 ab
1157 1808 1209 1841 his
1219 1807 1348 1852 scripto
1372 1807 1571 1842 mandandis
1594 1808 1676 1842 abs-

205 1851 324 1885 tinere.
375 1850 410 1884 in
441 1862 507 1896 quo
540 1850 710 1895 intrepide
743 1851 933 1885 affirmandi
965 1853 1051 1886 facit
1084 1852 1210 1887 animos
1234 1853 1404 1888 evidentia
1433 1853 1676 1888 testatissimae

205 1896 383 1939 veritatis3
419 1908 481 1930 nec
503 1896 658 1931 deterret
679 1898 912 1931 verisimiliter
933 1902 1138 1943 excepturus
1160 1899 1387 1933 narrationem
1411 1911 1517 1934 meam
1539 1900 1676 1946 quidam

199 1943 327 1977 ‘horror
351 1942 580 1976 auditurorum
604 1955 647 1977 ex
670 1954 723 1977 me
745 1955 860 1977 casum
892 1944 985 1977 dictu
1017 1945 1172 1987 foedum3
1205 1945 1318 1990 qualia
1350 1945 1484 1979 delicati
1506 1945 1599 1990 genii
1626 1945 1676 1980 le-

207 1994 320 2022 ctores
343 1989 433 2022 haud
457 1989 530 2022 fere
553 1988 642 2023 citra
664 1989 789 2023 indicia
811 1989 939 2023 fastidii
962 1995 998 2024 et
1015 1991 1112 2036 quasi
1135 1991 1393 2025 abominabundi
1414 1991 1674 2026 transmiserint.

204 2035 329 2068 etenim
354 2035 431 2068 dum
454 2038 574 2079 reputo
598 2046 668 2068 rem
699 2035 883 2078 attentius,
913 2036 1016 2070 facile
1050 2037 1158 2071 sentio
1188 2036 1317 2082 impelli
1338 2048 1392 2071 me
1414 2037 1458 2071 ad
1481 2038 1570 2072 idem
1593 2049 1676 2072 con-

205 2080 415 2125 spirantibus
439 2080 472 2113 in
496 2092 617 2122 unum,
638 2081 715 2114 hinc
739 2088 895 2127 respectu
917 2081 1114 2116 iudiciorum
1137 2082 1341 2124 alienorum,
1369 2082 1447 2117 hinc
1469 2083 1607 2129 proprii·
1620 2085 1676 2118 of-

205 2126 276 2159 ficii
300 2125 533 2170 praescripto,
557 2138 632 2160 cum
656 2139 719 2161 nec
744 2128 863 2172 utique
886 2139 938 2161 me
961 2127 1072 2172 fugiat
1095 2128 1226 2174 culpari
1249 2129 1292 2163 ab
1316 2129 1461 2163 eruditis
1483 2129 1674 2173 historicos,

203 2171 235 2206 si
262 2182 347 2216 quos
374 2172 658 2216 deprehenderint
679 2173 854 2218 indulgere
885 2173 1020 2218 privato
1053 2175 1189 2218 gustui,
1215 2174 1336 2209 damno
1357 2175 1539 2209 memoriae
1560 2174 1675 2220 publi-

204 2229 276 2259 cae,
301 2218 584 2252 accommodanda
607 2219 801 2253 narratione
819 2219 862 2253 ad
887 2226 1014 2254 certam
1032 2221 1224 2255 adamatam
1246 2221 1330 2266 ipsis
1352 2219 1589 2255 concinnitatis
1613 2221 1669 2254 su-

204 2274 305 2297 cosae
327 2263 494 2308 speciem,
532 2275 630 2308 quam
654 2266 765 2309 quoad
789 2265 1018 2310 confecerint,
1050 2266 1131 2301 nihil
1165 2266 1261 2312 pensi
1291 2267 1442 2300 habeant
1462 2265 1673 2300 dissimulare

203 2320 246 2343 ac
270 2309 472 2353 detorquere
493 2308 528 2342 in
551 2310 703 2343 subiecto
728 2317 946 2355 argumento,
977 2312 1008 2346 si
1031 2313 1113 2358 quid
1135 2313 1196 2346 isti
1217 2313 1347 2346 formae
1369 2311 1531 2345 reluctari
1553 2314 1672 2346 contu-

203 2354 331 2389 macius
353 2354 518 2396 viderint3
543 2366 606 2388 nec
628 2355 838 2390 dissimulare
863 2358 988 2401 possim
1014 2358 1167 2392 convicia
1191 2357 1428 2399 conscientiae,
1453 2356 1535 2402 quid
1561 2368 1671 2391 meum

203 2411 225 2435 a
247 2412 301 2434 me
324 2411 442 2434 munus
465 2400 602 2445 exigat,
635 2402 812 2444 monentis,
837 2403 1070 2449 edicentisque
1099 2404 1244 2449 quadam
1265 2401 1465 2437 inexorabili
1485 2402 1672 2437 severitate

203 2458 368 2480 censurae
392 2458 463 2488 me,
497 2447 526 2480 si
551 2446 682 2480 conscio
716 2447 848 2481 silentio
879 2448 1072 2483 involverim
1096 2449 1187 2494 quod
1206 2459 1294 2482 nunc
1317 2447 1432 2481 divino
1454 2447 1544 2482 haud
1567 2447 1671 2483 dubie

202 2496 287 2526 nutu
312 2492 469 2536 contigit,
492 2493 669 2535 maculam,
692 2492 722 2526 si
745 2492 827 2526 nihil
849 2493 958 2535 aliud,
990 2495 1180 2528 inusturum
1203 2494 1379 2539 quamdam
1403 2493 1586 2528 historIcae
1607 2505 1670 2529 ve-

201 2537 307 2572 ritati.
354 2549 462 2584 quare
482 2538 562 2571 illud
586 2543 666 2572 ante
687 2539 798 2572 omnia
820 2538 974 2582 dicatur,
1009 2540 1143 2573 divinae
1169 2540 1303 2585 quidem
1326 2539 1556 2574 characterem
1586 2550 1670 2586 pro-

202 2583 376 2618 videntiae
428 2585 620 2626 raeferen83
653 2584 696 2618 de
730 2596 796 2629 quo
826 2589 940 2618 tamen
970 2585 1155 2630 prudenter
1184 2585 1383 2620 aestimetur
1414 2584 1567 2630 ignorari
1587 2585 1670 2631 quid

203 2630 340 2664 tandem
363 2641 406 2663 ve
441 2630 599 2673 respiciat
622 2631 844 2674 praeteritum
868 2630 922 2664 vel
959 2635 1144 2675 augur-etur
1176 2643 1216 2665 ac
1244 2631 1426 2676 portendat
1459 2635 1669 2665 eventurum.

295 2675 470 2710 Dominica
491 2676 652 2710 illuxerat
674 2675 814 2721 proprio
844 2677 1007 2711 vocabulo
1031 2677 1122 2711 dicta
1145 2677 1275 2721 Tyrine
1297 2688 1318 2711 a
1342 2676 1433 2710 casei
1454 2681 1536 2711 tunc
1558 2676 1670 2711 adhuc

203 2733 267 2756 usu
289 2722 474 2767 permisso3
507 2733 576 2767 qua
609 2721 694 2755 ritus
727 2725 908 2755 consuetus
941 2724 1088 2757 vocabat
1110 2723 1318 2757 sacerdotem
1350 2722 1393 2756 ad
1416 2723 1670 2768 praeparandas

203 2767 239 2801 in
262 2779 362 2802 sacra
384 2767 511 2813 pyxide
531 2770 584 2802 tot
605 2767 792 2802 oblationes
814 2768 1004 2802 consecrati
1026 2768 1134 2815 panis,
1158 2774 1242 2814 quot
1265 2769 1309 2803 ad
1327 2768 1551 2803 celebrandas
1571 2768 1671 2804 iuxta

202 2825 328 2849 morem
350 2814 517 2849 instantes
538 2813 696 2859 liturgias
717 2824 761 2849 ex
782 2814 1088 2859 praesanctificatis
1103 2816 1296 2861 oportebat.
1341 2814 1400 2849 ubi
1418 2825 1500 2859 ergo
1524 2819 1590 2859 est,
1612 2812 1670 2849 in-
