1858 3126
227 168 325 214 294
649 165 887 210 GEORGII
926 165 1283 211 P'ACHYMERIS

227 288 312 327 τῶν
349 283 394 325 δὲ
426 279 734 336 σκυλευομένων
761 278 1050 334 ἀναποδότως,
1097 282 1165 324 καὶ
1193 280 1477 337 αἲχμαλωσίας
1493 279 1701 340 τοσαύτης

228 370 271 395 τε
294 353 361 395 καὶ
379 348 576 405 τοιαύτης
595 347 715 404 χάριν
734 354 868 393 ταῦτα
890 348 1065 408 πράττοι
1097 351 1164 393 καὶ
1185 350 1299 405 παρὰ
1317 349 1482 408 γνώμην
1498 354 1568 395 καὶ
1585 353 1699 410 παρὰ

175 429 206 462 Ι)
232 422 403 475 θέλησιν
418 432 430 444 ·
463 418 598 462 πολλὰ
614 419 692 476 γὰρ
711 421 779 461 καὶ
800 417 962 476 εἰρήνην
983 417 1144 462 ἀνύτειν
1163 417 1243 462 ὅσα
1265 421 1435 477 σίδηρος
1457 419 1534 464 οὐκ
1553 419 1696 476 ἰσχύει,

225 492 292 533 καὶ
313 487 497 539 σπονδὰς
529 486 858 548 καταπράττειν,
885 491 952 531 καὶ
971 486 1091 543 μόλις
1115 488 1192 540 τὰς
1213 489 1258 532 ἐκ
1277 493 1362 532 τῶν
1381 487 1523 545 γάμων
1542 506 1698 534 συντα-

225 555 478 608 κτικωτάτας
503 557 634 608 οὔσας
660 559 728 601 καὶ
758 557 982 615 ἀσφαλεῖς,
1017 556 1095 601 ὅσα
1113 557 1172 613 μὴ
1192 556 1323 613 μάχαι
1340 559 1407 601 καὶ
1426 555 1604 612 πόλεμος
1624 557 1732 602 οὕ-5

225 645 377 681 μενουν
394 625 718 683 κατεπράξαντο.
791 626 840 670 οὐ
869 627 953 683 μὴν
972 628 996 669 δ
1008 626 1020 643 ²
1045 622 1172 677 αὖθις
1192 629 1259 670 καὶ
1278 625 1418 682 νόμων
1436 629 1478 678 ἐς
1499 626 1612 670 ἅπαν
1632 628 1700 671 ἐκ-

223 695 316 750 τός,
355 694 411 747 ὥς
433 695 560 739 αὐτὸν
589 695 753 740 οἴεσθαι
765 729 778 748 ,
816 695 1026 754 πράττειν.
1098 698 1225 752 δῆλον
1251 697 1331 754 γὰρ
1352 695 1452 740 εἷναι
1469 698 1538 740 καὶ
1557 693 1701 740 κανόσι

225 769 293 810 καὶ
311 763 453 820 νόμοις
475 765 843 822 προστεταγμένον,
868 765 927 822 μὴ
952 764 1003 809 ἂν
1021 766 1294 823 ἕκχωρεΐσθαι
1312 765 1384 810 τὸν
1402 763 1576 822 νόμιμον
1596 765 1701 822 ἄγα-

221 833 393 891 γόμενον
412 831 568 889 ταύτην
587 835 662 888 μὲν
682 834 845 892 ἀφεῖναι
862 835 977 892 παρὰ
997 836 1202 891 μηδεμίαν
1220 835 1356 878 αἰτίαν
1372 834 1554 891 εὔλογον,
1590 851 1701 890 συμ-

223 904 448 948 πλέκεσθαι
469 903 515 946 ‹5'
540 903 669 961 ἄλλῃ·
706 906 742 946 εἷ
761 903 809 947 δέ
822 921 884 954 τις
903 902 1087 962 τολμώῃ,
1122 905 1258 948 αἰτίαν
1274 905 1349 958 μὲν
1375 905 1558 959 μοιχείας
1581 902 1701 948 ἀποί-
1713 908 1758 943 10
1793 918 1801 924 -

173 978 205 1012 Ε
233 978 384 1017 σεσθαι
408 972 483 1016 τὸν
504 976 737 1026 τολμῶντα,
764 972 840 1028 τὴν
865 974 910 1016 δὲ
927 975 1161 1029 συνοίκησιν
1181 972 1282 1017 εἶναι
1300 971 1558 1031 παράνομον,
1597 971 1704 1018 ὥστε

224 1047 298 1098 τῆς
319 1038 485 1099 πρώτης
503 1041 762 1098 ἠθετημένης
786 1043 854 1085 καὶ
875 1040 1028 1098 ζώσης,
1072 1041 1229 1093 ὁπόσας
1246 1043 1493 1086 τούντεῦθεν
1511 1039 1702 1099 ἠγάγετο,

225 1112 284 1167 μὴ
303 1110 582 1168 ἓγκεκριμένας
606 1118 692 1161 τοῖς
709 1110 852 1166 νόμοις
870 1111 975 1167 μηδ’
1002 1113 1044 1154 ἓν
1063 1114 1220 1167 γυναιξὶ
1246 1114 1434 1167 νομίμοις
1459 1109 1703 1156 τάττεσθαι.

228 1180 283 1236 ’ζῆ
305 1179 354 1223 οὗ
373 1179 509 1223 ταῦθ’
539 1178 649 1224 οὕτω
669 1182 738 1223 καὶ
755 1181 796 1223 ἒν
817 1179 915 1236 ἡμῖν
936 1181 1013 1236 ἕχει
1023 1181 1067 1236 ;”
1103 1184 1229 1239 φησὶν
1257 1179 1278 1224 ὃ
1304 1184 1480 1238 κρατῶν.
1556 1184 1587 1206 “
1597 1197 1702 1223 πυν-

227 1247 362 1292 θάνου
384 1253 604 1305 τοιγαροῦν
621 1253 706 1292 τῶν
725 1247 894 1294 εἰδότων
903 1284 917 1303 ,
954 1251 1021 1294 καὶ
1041 1255 1195 1301 πιστῶς
1225 1247 1415 1302 μάνθανε
1446 1247 1503 1299 ὥς
1530 1248 1606 1293 οὒκ
1625 1247 1702 1292 ἅλ-
1712 1253 1756 1290 15

226 1323 307 1369 λως
334 1316 432 1374 ἡμῖν
461 1318 614 1374 ἐγένετο
647 1319 961 1370 καταδέξασθαι
986 1319 1035 1362 τὸ
1067 1318 1361 1376 συνάλλαγμα,
1394 1318 1507 1374 εἰμὴ
1537 1319 1605 1362 καὶ
1629 1316 1703 1376 ὅρ-

85 1393 112 1425 Ρ
136 1395 206 1430 203
228 1405 328 1438 κους
356 1387 454 1438 τοὺς
483 1388 673 1444 πρέσβεις
699 1386 1079 1446 προσαπῃτήσαμεν
1105 1393 1327 1444 βεβαιοῦν,
1371 1383 1399 1444 ἦ
1427 1387 1512 1443 μὴν
1546 1389 1615 1431 καὶ
1644 1387 1704 1432 ἔτι

227 1463 421 1514 περιεῖναι
441 1456 516 1512 τὴν
537 1455 713 1511 νόμιμον
736 1455 803 1500 ὅτε
824 1462 876 1516 τῇ
895 1462 971 1502 τοῦ
995 1462 1180 1515 Τερτερῆ
1201 1457 1479 1510 συνεπλέκετο,
1518 1459 1587 1500 καὶ
1607 1455 1704 1514 ἄρτι

317 1603 351 1636 4.
374 1602 515 1646 μᾶλλον
527 1602 546 1635 ?

226 1739 300 1761 rum
324 1727 497 1762 Romanae
519 1727 659 1762 ditionis
682 1731 829 1770 statum,
861 1739 951 1773 quae
971 1727 1217 1762 incursionibus
1240 1727 1503 1768 desolabantur,
1536 1737 1704 1761 annonam

228 1773 375 1819 denique
398 1785 440 1808 ac
463 1774 586 1809 vict-um
612 1774 788 1809 subiectae
810 1774 876 1809 sibi
902 1774 1031 1820 plebis,
1053 1774 1336 1819 irreparabilibus
1357 1774 1526 1808 latronum
1546 1773 1704 1818 rapacis-

227 1820 385 1854 simorum
408 1820 729 1866 depraedationibus
752 1820 892 1867 spoliari
914 1825 1014 1855 antea
1035 1820 1167 1855 solitae.
1213 1824 1281 1854 tam
1306 1820 1451 1854 acerbae
1472 1817 1704 1864 oppressionis

228 1866 444 1901 miseratione
467 1872 594 1902 motum
617 1878 705 1909 sese,
729 1866 963 1901 invitissimum
986 1866 1120 1912 quidem
1143 1870 1179 1901 et
1197 1866 1408 1901 inclinationi
1430 1864 1590 1912 propriae
1611 1875 1703 1899 sum-

227 1924 283 1946 ma
306 1912 341 1946 vi
366 1913 613 1958 obluctantem,
651 1914 742 1960 quod
765 1913 941 1948 habuisset
963 1913 1171 1947 carissimum
1193 1912 1396 1958 impendisse
1417 1912 1454 1947 in
1475 1913 1703 1946 levamentum

229 1959 298 1992 alia
328 1959 419 1994 nulla
451 1961 586 1995 ratione
616 1961 823 1994 avertendae
854 1959 1081 2002 calamitatis,
1116 1971 1257 2004 guarum
1286 1958 1393 1993 multa
1424 1957 1703 1992 conventionibus

230 2004 336 2047 effici,
366 2017 455 2051 quae
477 2007 566 2041 bello
590 2017 632 2041 ac
655 2007 748 2041 ferro
771 2008 901 2041 frustra
922 2009 1108 2047 tententur,
1131 2006 1376 2051 foederumque
1397 2004 1578 2047 beneficio,
1598 2015 1703 2050 prae—

229 2050 346 2084 sertim
377 2052 419 2086 ad
451 2053 672 2088 stabilitatem
695 2053 932 2087 roboratorum
963 2052 1213 2086 necessitudine
1234 2051 1380 2097 nuptiali
1415 2051 1511 2095 (uam
1538 2050 1608 2084 isto
1639 2050 1704 2084 de-

230 2106 318 2130 mum
341 2097 468 2141 glutine
490 2099 680 2133 firmissime
703 2099 871 2133 hominum
893 2098 1084 2133 voluntates
1109 2099 1271 2143 coeunt),
1304 2099 1339 2133 in
1363 2108 1537 2132 commune
1557 2095 1704 2142 plurima.

231 2145 267 2175 et
286 2143 451 2188 maxima,
479 2145 585 2191 idque
607 2146 791 2192 tranquille
823 2157 865 2180 ac
887 2156 1030 2187 secure,
1063 2145 1248 2190 provenire
1269 2144 1497 2187 commodum,
1529 2153 1619 2188 quae
1639 2153 1704 2176 nee

231 2187 411 2224 sudoribus
455 2202 497 2225 ac
527 2192 690 2237 periculis
730 2191 939 2237 gravissimis
971 2191 1310 2226 laboriosissimamm
1349 2189 1599 2236 expeditionum
1638 2198 1703 2221 nec

232 2245 354 2268 cruore
387 2235 549 2271 immenso
582 2239 787 2283 praeliorum
809 2238 927 2284 parari
949 2249 1097 2283 unquam
1119 2237 1316 2272 valuissent.
1362 2247 1426 2270 neo
1446 2239 1580 2276 tamen,
1610 2233 1704 2278 quod

229 2279 318 2314 falso
342 2290 557 2326 argueretur,
579 2287 699 2319 tantae
722 2295 764 2319 ac
786 2289 857 2319 tam
879 2283 1047 2318 evidentis
1068 2283 1225 2318 utilitatis
1246 2283 1359 2328 gratia
1377 2280 1560 2328 quidquam
1582 2282 1704 2314 contra

229 2324 323 2370 leges
345 2331 545 2363 attentasse.
592 2341 668 2364 esse
689 2342 832 2375 namque
855 2331 1071 2364 manifestum
1086 2329 1182 2364 iuxta
1203 2329 1292 2364 scita
1315 2337 1478 2363 canonum
1501 2329 1537 2359 et
1557 2324 1704 2360 civilium

230 2372 332 2406 etiam
357 2374 590 2419 sanctionum,
622 2387 685 2409 nec
707 2377 835 2411 licitum
858 2387 922 2410 nec
943 2377 1113 2421 integrum
1146 2376 1220 2410 viro
1249 2385 1343 2416 esse,
1375 2372 1436 2418 qui
1457 2371 1528 2406 ritu
1549 2370 1703 2416 legitimo

232 2429 370 2453 uxorem
394 2419 551 2461 duxerit,
575 2432 616 2455 ea
639 2421 712 2455 sine
733 2423 804 2455 ulla
827 2433 929 2456 causa
961 2422 1083 2456 idonea
1113 2421 1244 2455 reiecta
1275 2418 1426 2465 copulari
1449 2417 1566 2460 alteri,
1595 2429 1638 2452 ac
1669 2417 1702 2452 si

233 2464 312 2509 quis
333 2465 367 2499 id
392 2466 623 2508 attentaverit,
646 2467 805 2502 adulterii
826 2467 949 2510 teneri,
972 2467 1227 2512 coniugiumque
1249 2466 1314 2500 hoc
1337 2463 1522 2499 secundum
1543 2474 1605 2509 pro
1628 2463 1705 2498 ille-

229 2509 347 2554 gitimo
370 2511 572 2554 habendum,
595 2511 646 2547 ita
668 2517 707 2547 ut
730 2512 891 2558 quamdiu
913 2513 1021 2558 prima
1047 2513 1119 2548 sola
1140 2524 1225 2546 vera
1246 2511 1368 2546 coniux
1389 2514 1565 2556 superstes
1586 2509 1704 2552 fuerit,

231 2559 400 2604 quotquot
431 2558 512 2593 inde
544 2558 702 2601 duxerit,
731 2558 928 2603 illegitimas
960 2563 996 2593 et·
1027 2558 1168 2604 pellices
1189 2557 1302 2603 potius
1323 2568 1424 2603 quam
1447 2557 1557 2591 iustas
1578 2565 1706 2590 uxores

230 2604 319 2638 fore.
363 2607 440 2639 “an
463 2616 548 2640 vero
571 2616 638 2639 non
660 2605 710 2639 ita
731 2605 817 2639 haec
836 2604 872 2638 in
895 2608 1012 2638 nostro
1035 2615 1117 2638 casu
1140 2615 1178 2639 se
1198 2602 1405 2638 habuere&
1429 2603 1574 2637 subiecit
1594 2601 1704 2648 impe-

231 2651 340 2684 rator.
386 2650 595 2696 “interroga
623 2651 730 2696 igitur
762 2662 822 2685 eos
845 2650 903 2696 qui
925 2654 1068 2692 norunt,
1103 2653 1140 2684 et
1161 2661 1206 2684 ex
1228 2661 1310 2684 vero
1332 2660 1406 2683 rem
1428 2660 1606 2694 cognosce.
1651 2647 1708 2682 di-

234 2706 310 2729 sces
333 2696 424 2732 haud
446 2697 543 2744 prius
566 2707 628 2731 nos
650 2708 807 2732 assensos
838 2696 875 2730 in
906 2695 1153 2730 matrimonium
1174 2696 1269 2730 filiae
1291 2707 1367 2730 cum
1390 2695 1503 2738 orale,
1531 2705 1631 2740 quam
1653 2693 1706 2728 le-

231 2746 399 2787 gatorum,
423 2747 528 2790 prout
550 2755 781 2788 exegeramus,
793 2742 872 2777 inde
894 2742 939 2777 ad
962 2753 1025 2776 nos
1047 2742 1224 2777 missorum
1245 2742 1365 2776 iuratis
1388 2740 1590 2776 testimoniis
1614 2750 1707 2774 com-

230 2787 383 2829 perimus
407 2794 443 2824 et
465 2790 570 2825 fuisse
593 2790 704 2824 adhuc
724 2789 760 2824 in
782 2788 875 2823 vivis
896 2788 1078 2834 legitimam
1102 2787 1205 2823 cralis
1229 2799 1369 2823 uxorem
1392 2787 1527 2833 quando
1550 2787 1580 2821 is
1600 2785 1704 2820 filiam

231 2832 391 2870 Terteris
413 2836 447 2871 in
469 2835 724 2872 contubernium
750 2835 910 2879 adscivit,
933 2838 968 2870 et
990 2835 1132 2871 eandem
1153 2834 1218 2870 iam
1239 2834 1357 2871 vivere
1379 2833 1543 2876 desiisse,
1567 2831 1704 2879 quando
