1858 3126
293 123 401 171 ,610
492 168 496 172 ,
619 167 624 171 .
715 120 951 166 GEORGII
981 122 1330 168 PAGHYMERIS

303 241 361 296 τῷ
389 230 771 292 προβεβασιλευκῦτι
793 238 853 293 τῷ
871 231 1084 292 Λάσκαρι.
1150 233 1172 278 ὃ
1195 234 1235 278 δ’
1256 236 1404 282 ἐκεῖνον
1423 237 1491 280 καὶ
1509 235 1747 291 ὑποδέχεται

303 305 582 360 προσενεχθεὶς
613 300 917 359 φιλανθρώπως
941 305 1008 346 καὶ
1035 306 1134 362 τιμᾷ
1162 309 1246 353 τοῖς
1267 301 1562 359 προσήκουσιν,
1596 304 1645 348 οὐ
1662 305 1746 358 μὴν

303 373 348 414 δὲ
369 370 471 414 ὥστε
491 373 557 413 καὶ
575 371 864 426 παρακατέχειν
882 373 964 414 δεῖν
983 371 1131 427 ἔκρινεν
1144 403 1158 423 ,
1188 370 1370 427 ἀγωνιῶν
1390 372 1478 426 περὶ
1507 375 1585 425 τῆς,
1600 372 1746 427 σφετέ-

305 456 403 496 ρας,
429 436 486 493 μή
507 456 592 488 πως
609 445 697 488 ταῖς
719 439 820 494 πρὸς
840 437 1208 494 τὸνῬουκρατίνην
1225 440 1474 492 συμμαχίαις
1493 439 1532 482 οἷ
1551 438 1746 488 τέωςᾶλ-

170 517 197 551 Ρ
219 518 286 553 426
310 509 480 564 λοτρίως
495 511 578 556 τοῖς
601 506 779 562 Πέρσαις
798 507 954 561 ἔχοντες
978 504 1157 562 Τόχαροι
1175 506 1522 556 κατοικειωθέντες
1547 507 1779 563 {ymas-&2535

303 576 378 630 μὲν
406 574 542 618 αὐτῶν
567 574 782 630 γένωνται,
818 582 903 624 τοῖς
932 573 1139 628 Ῥωμαίων
1169 576 1213 617 δέ
1242 572 1452 630 πράγμασι
1477 571 1747 629 προσβάλλειν

305 644 429 698 ἔχοιεν
463 644 505 693 ἐξ
532 643 717 698 ἐγγίονος.
786 641 916 700 ταύτῃ
944 659 1008 685 τοι
1038 644 1105 685 καὶ
1137 642 1209 697 τὴν
1231 645 1320 697 περὶ
1341 641 1466 685 αὐτὸν
1492 642 1748 696 συγκαθίσας

304 711 458 766 βουλὴν
486 709 671 766 ἕπήγγελε
702 709 975 764 βουλεύεσθαι
1003 712 1092 764 περὶ
1118 714 1198 753 τῶν
1219 709 1508 766 προκειμένων,
1541 707 1629 758 ἑνὸς
1650 708 1748 751 ἀπι-

305 779 524 834 σχομένους
554 779 620 820 καὶ
649 775 800 832 μόνου,
834 782 907 821 τοῦ
930 779 1001 820 τὸν
1024 778 1228 832 Ἀζατίνην
1260 777 1637 832 παρακατέχεσθαι·
1671 776 1747 830 τὴν

304 847 384 903 γὰρ
401 846 555 900 βουλὴν
577 844 675 888 εἶναι
693 843 846 899 ταύτην
865 845 1038 888 ἀπίστου
1054 846 1128 900 μὲν
1149 846 1251 901 πρὸς
1269 846 1462 899 βασιλέα,
1498 845 1562 886 ἐπὶ
1581 841 1747 903 πονῆρῳ
1758 852 1801 886 10

306 915 351 957 δὲ
382 916 449 956 καὶ
488 918 569 956 τῶν
604 910 837 968 Ῥωμαϊκῶν
877 911 1124 969 πραγμάτων
1162 911 1369 967 βουλεύειν
1407 911 1744 968 προαιρουμένου,

258 990 287 1024 Β
310 981 451 1036 ὅμοιον
476 975 559 1037 ἄρα
585 986 797 1030 ποιοῦντος
816 983 882 1023 καὶ
900 981 1083 1036 λέγοντος
1100 979 1234 1037 ὥσπερ
1253 982 1293 1024 εἶ’
1309 998 1369 1031 τις
1390 981 1460 1023 τὸν
1482 979 1650 1035 θριγγόν
1671 997 1746 1022 κα-

305 1047 466 1092 ταλύειν
487 1046 673 1102 ἐβούλευε
700 1054 781 1091 τῶν
809 1047 1083 1105 ὀχυρωμάτων
1112 1051 1178 1091 καὶ
1207 1049 1341 1091 θέλων
1371 1053 1502 1091 ταῦτα
1527 1050 1741 1102 διατηρεῖν.

307 1116 363 1168 ὥς
379 1122 475 1174 γοῦν
493 1115 622 1168 οὕτως
642 1117 834 1172 ἀπείρητο
851 1121 1013 1171 βασιλεῖ
1023 1116 1081 1171 μὴ
1103 1117 1213 1172 παρὰ
1229 1115 1439 1171 Ῥωμαίοις
1456 1114 1525 1158 τὸν
1539 1114 1744 1168 Ἀζατίνην

396 1259 450 1295 11.
474 1254 676 1304 βασιλεύειν
697 1257 735 1291 Ρ.

307 1384 457 1416 verteret
478 1393 516 1416 se
537 1379 791 1426 insequentium,
814 1380 1086 1427 effugere-aliter
1107 1382 1263 1428 nequiret
1284 1391 1384 1427 quam
1407 1391 1445 1416 se
1466 1380 1657 1427 recipiendo
1680 1380 1743 1426 sub

307 1428 446 1461 tutelam
468 1427 662 1471 imperantis
688 1432 768 1461 tunc
790 1427 945 1462 Romanis
968 1427 1135 1461 Lascaris.
1182 1427 1314 1472 excepit
1337 1427 1390 1460 hic
1413 1438 1486 1462 eum
1510 1426 1680 1468 benevole,
1703 1437 1743 1460 ac

305 1473 443 1517 quantis
466 1484 528 1516 par
551 1472 616 1505 suit
636 1472 855 1506 humanitatis
877 1479 913 1507 et
934 1473 1070 1507 honoris
1092 1472 1390 1517 significationibus
1415 1472 1528 1514 coluit,
1550 1483 1615 1506 nou
1631 1476 1742 1506 tamen

309 1522 345 1551 ut
376 1521 511 1561 putaret
542 1517 632 1549 illuni
663 1518 753 1562 apud
785 1528 860 1552 sese
890 1518 1120 1559 retinendum,
1154 1519 1283 1551 veritus
1306 1518 1486 1562 periculum
1509 1529 1551 1562 ex
1573 1529 1614 1551 eo
1635 1515 1744 1551 immi-

307 1572 388 1595 nens
419 1561 469 1595 rei
504 1562 680 1595 Romanae.
728 1565 909 1606 reputabat
940 1563 1026 1596 enim
1049 1563 1123 1596 fieri
1146 1563 1245 1597 facile
1275 1573 1374 1606 posse
1397 1570 1435 1596 ut
1457 1563 1521 1596 iam
1543 1566 1621 1596 ante
1643 1573 1745 1606 prae-

305 1607 415 1641 valida
437 1607 470 1640 in
493 1605 631 1640 Perside
652 1607 881 1641 Tocharorum
905 1609 1027 1649 factio,
1062 1608 1235 1642 societatis
1258 1609 1355 1641 inodo
1378 1619 1451 1640 cum
1474 1607 1656 1640 Rucratine
1678 1607 1744 1640 ini-

306 1658 364 1687 tae
385 1652 483 1686 illicio
506 1651 620 1685 Persis
642 1652 804 1686 hactenus
829 1653 863 1688 ei
886 1653 1022 1686 fortiter
1045 1653 1284 1687 obsistentibus
1315 1654 1426 1686 sucum
1456 1652 1604 1694 faciem,
1634 1651 1677 1686 ad
1698 1653 1743 1686 fi-

308 1701 395 1732 ctam
424 1697 497 1730 illos
528 1697 792 1731 conciliationem
822 1698 1024 1739 attraheret,
1060 1698 1152 1731 cuius
1180 1698 1298 1730 deinde
1330 1697 1474 1731 fiduciae
1505 1697 1743 1731 indormientes

307 1743 398 1788 ipsos
421 1743 519 1788 plane
540 1742 735 1787 subigeret3
770 1753 811 1776 ac
833 1745 902 1777 tum
924 1743 1153 1788 conspirantes
1175 1743 1300 1776 Persae
1326 1752 1399 1776 cum
1422 1743 1608 1784 Tocharis,
1641 1754 1743 1788 prae-

307 1795 405 1822 textu
426 1787 622 1822 Ructatinis
643 1788 759 1822 iurium
793 1792 828 1822 et
855 1789 967 1833 specie
991 1789 1252 1822 ulciscendorum
1273 1787 1329 1831 qui
1350 1788 1423 1822 eius
1446 1788 1607 1822 aemulum
1629 1787 1742 1832 hospi-

306 1834 356 1868 tio
379 1834 550 1874 foverent,
579 1833 763 1868 Romanum
794 1845 814 1867 e
843 1833 953 1868 vicino
985 1834 1210 1878 irrumperent
1230 1833 1383 1874 limitem,
1417 1834 1536 1867 bellum
1558 1832 1743 1873 internecie

305 1890 382 1913 num
413 1878 550 1923 imperio
587 1883 768 1913 moventes.
813 1879 961 1913 adhibito
992 1891 1072 1923 ergo
1103 1879 1286 1924 imperator
1320 1879 1566 1923 perhumaniter
1601 1878 1743 1913 Azatine

308 1936 380 1958 cum
413 1925 504 1963 suis,
531 1924 684 1958 hortatus
716 1935 774 1958 eos
810 1930 862 1958 est
894 1925 936 1958 ad
968 1924 1216 1969 disquirendum
1238 1924 1326 1958 inter
1349 1935 1424 1957 sese
1447 1924 1526 1969 quid
1548 1923 1609 1957 tali
1630 1934 1742 1962 rerum

308 1969 442 2004 cardine
464 1969 541 2002 iniri
563 1969 693 2004 consilii
715 1970 807 2004 utilis
830 1970 873 2004 ad
895 1971 1063 2004 fortunam
1095 1970 1253 2003 afflictam
1278 1969 1423 2003 extorris
1444 1968 1604 2014 principis
1629 1969 1742 2003 suble-

308 2015 449 2048 vandam
465 2017 589 2058 posset.
632 2014 668 2048 in
690 2027 754 2059 quo
779 2014 891 2049 aiebat
913 2026 978 2049 non
999 2021 1229 2049 recusaturum
1253 2027 1290 2048 se
1312 2026 1537 2060 quascumque
1558 2013 1624 2048 sibi
1645 2013 1744 2048 auxi-

306 2060 343 2093 lii
365 2059 532 2104 officiique
554 2059 597 2093 ad
624 2060 715 2094 istud
737 2060 930 2104 delegarent
952 2066 1077 2106 partes.
1123 2071 1222 2094 unum
1245 2063 1340 2095 modo
1362 2056 1553 2094 necessaria
1574 2070 1617 2092 ex
1640 2069 1743 2097 causa

307 2105 500 2148 deprecari,
534 2117 576 2138 ne
605 2116 626 2139 a
656 2117 693 2140 se
723 2107 902 2150 petendum
932 2107 1158 2140 existimarent
1187 2109 1226 2138 ut
1256 2105 1403 2138 residere
1429 2104 1603 2138 Azatinem
1625 2104 1658 2138 in
1679 2114 1741 2137 suo

307 2149 466 2183 comitatu
489 2155 674 2194 pateretur.
719 2151 851 2186 exitiale
873 2151 908 2186 id
931 2152 1100 2196 utrisque,
1122 2149 1204 2196 ipsis
1226 2150 1382 2184 videlicet
1402 2153 1438 2183 et
1459 2149 1543 2191 sibi,
1567 2148 1741 2183 consilium

308 2196 476 2235 futurum,
512 2195 635 2240 quippe
663 2196 751 2231 unde
788 2202 944 2231 secutura
984 2196 1218 2241 provideretur
1249 2195 1367 2239 ingens
1400 2195 1572 2229 calamitas
1598 2191 1741 2237 imperii,

308 2240 402 2272 cuius
425 2240 543 2284 opibus
566 2240 632 2285 ipsi
654 2242 770 2286 utique
792 2243 901 2276 iuvari
925 2243 1120 2286 nequirent,
1150 2241 1214 2274 nisi
1235 2241 1362 2274 salvum
1384 2240 1490 2284 ipsum
1511 2237 1740 2280 incolumequo

308 2288 485 2328 perstaret.
531 2284 584 2318 his
614 2287 719 2330 locis,
753 2290 791 2320 ut
813 2292 881 2321 tum
905 2292 1003 2320 erant
1033 2293 1208 2331 tempora,
1238 2285 1339 2319 fateri
1361 2295 1435 2318 sese
1457 2283 1560 2328 ipsis,
1590 2282 1739 2316 exterius

307 2328 402 2372 quasi
425 2329 547 2362 vallum
570 2341 644 2364 esse
667 2332 836 2365 Romanae
859 2332 1048 2366 securitatis
1071 2332 1186 2365 foedus
1215 2331 1336 2363 dudum
1363 2331 1588 2368 contractum,
1623 2327 1740 2361 hacte-

309 2384 371 2407 nus
402 2373 567 2414 illaesum,
598 2386 671 2409 cum
702 2377 843 2410 finitima
879 2378 1028 2410 Perside.
1075 2377 1170 2409 huius
1199 2373 1399 2417 infringendi
1429 2373 1637 2406 manifestum
1663 2384 1739 2407 esse

326 2417 514 2463 vluusibilem
537 2420 706 2454 obtentum
732 2422 846 2455 datum
868 2422 912 2455 iri
933 2421 1107 2454 Rucratini
1129 2428 1164 2454 et
1186 2418 1366 2460 Tocharis‚
1402 2429 1501 2452 exoso
1532 2417 1616 2462 ipsis
1648 2417 1739 2462 apud

307 2431 474 2497 ¹[iomanes
497 2463 645 2509 principe
667 2467 843 2499 servando.
889 2468 976 2499 unde
999 2467 1088 2499 clare
1112 2464 1257 2509 perspici
1280 2475 1379 2508 quarn
1401 2464 1487 2496 foret
1509 2463 1591 2496 haec
1612 2463 1739 2508 impru-

307 2508 390 2543 dens
411 2509 595 2555 sententia3
619 2510 711 2543 cuius
735 2516 889 2544 auctores
910 2522 1039 2551 arcem,
1063 2521 1161 2554 quum
1183 2509 1335 2542 invictam
1359 2511 1394 2541 et
1416 2515 1586 2542 aeternum
1608 2509 1738 2542 firmam

308 2563 390 2599 prae
413 2564 451 2587 se
473 2554 600 2587 ferrent
624 2566 757 2599 cupere,
780 2557 958 2589 suaderent
980 2562 1090 2588 tamen
1113 2555 1229 2588 nudari
1251 2553 1337 2587 omni
1357 2553 1515 2586 exteriori
1529 2553 1737 2593 munimento,

308 2604 344 2632 et
366 2598 453 2644 septi
474 2610 514 2633 ac
537 2599 737 2633 clathrorum
759 2607 927 2634 accessum
956 2600 1138 2634 arcentium
1161 2599 1288 2632 cunctis
1310 2599 1490 2632 obstaculis
1509 2597 1628 2635 amotis
1647 2597 1738 2632 viam

307 2645 352 2678 ab
375 2643 457 2688 ipsis
475 2644 546 2678 eius
568 2645 796 2679 defensoribus
823 2646 911 2679 hosti
943 2646 1030 2678 ultro
1055 2644 1155 2689 pandi
1176 2655 1317 2689 aequum
1341 2644 1500 2678 ducerent
1521 2643 1564 2678 ad
1585 2642 1737 2677 intimum

306 2694 496 2724 contactum
519 2690 678 2732 extremi,
711 2702 777 2736 quo
799 2691 895 2724 unice
917 2690 1063 2734 tegitur,
1097 2689 1192 2724 muri.
1238 2689 1297 2722 tali
1321 2689 1472 2723 oratione
1492 2690 1548 2722 vel
1568 2687 1738 2733 persuasit

307 2734 363 2769 vel
385 2734 531 2780 perpulit
551 2736 724 2772 Azatinem
747 2739 918 2781 Augustus
939 2735 1098 2771 Lascaris
1121 2735 1164 2770 ad
1186 2734 1373 2781 perfugium
1395 2733 1477 2770 alibi
1498 2732 1736 2779 quaerendum.
