1820 3112
199 164 298 211 ‘244
625 157 861 205 GEORGII
896 159 1250 204 PACHYMERIS

148 284 179 319 E
206 279 363 322 ἐκείνων
384 276 470 320 ἔθει
492 275 588 324 τοὺς
617 275 788 322 οῗκείους
810 275 849 316 οἱ
871 273 1161 330 ἐχθραίνοντες
1177 273 1433 330 περιέβαλον.
1505 276 1557 319 τὰ
1576 275 1676 331 μέν·

197 366 261 392 τοι
280 363 322 403 γε
345 342 568 403 πράγματα
587 348 669 388 τῶν
688 345 913 386 Βενετικῶν
937 344 1004 385 καὶ
1025 340 1304 400 σφοδρότερον
1318 341 1580 401 ἀνταπῄτουν
1601 345 1674 405 (τὰ

199 417 243 460 δ’
262 411 369 469 ἦσαν
401 412 426 456 ἃ
449 410 622 471 φθάσας
652 408 673 454 ὃ
705 411 900 465 βασιλεῦς
927 411 1016 454 ἀντὶ
1046 415 1130 454 τῶν
1161 415 1509 470 πυρποληθεισῶν
1533 415 1672 458 ulmam

198 481 447 540 ἓνεχύραζεν)
467 477 523 529 ὥς
540 478 617 534 οὐχ
652 480 748 524 οἵων
778 497 821 524 τε
850 483 935 524 τῶν
963 483 1150 524 σπονδῶν
1182 478 1451 538 γενήσεσθαι,
1484 484 1541 533 εἷς
1567 482 1673 527 ἂνα-

198 554 342 598 νέωσιν
368 548 448 604 ἤδη
475 548 689 603 κειμένων,
734 548 1014 605 ἓξηνυσμένων
1055 553 1138 593 τῶν
1168 554 1243 606 τῆς
1280 550 1486 613 προτέρας
1511 548 1704 609 εῖρήνηςδ

198 622 370 676 καιρῶν,
407 619 441 660 εἰ
461 618 520 672 μὴ
543 621 677 660 ταῦτα
698 618 867 674 γίνοιτο.
936 618 1130 673 βασιλεὺς
1152 620 1196 662 δὲ
1219 621 1286 662 καὶ
1312 619 1371 663 ἔτι
1403 619 1526 678 ἀπρὶξ
1543 620 1671 676 εἴχετο

195 686 369 740 τούτων,
408 685 456 729 οὗ
483 686 589 729 κατὰ
605 687 747 743 χρείαν
768 691 927 743 μᾶλλον
951 686 976 742 ἢ
999 687 1074 742 τὴν
1095 678 1171 731 τοῦ
1192 689 1351 732 δικαίου
1370 686 1509 743 δόξαν,
1544 687 1672 747 ὕπερ-

55 771 81 803 Ρ
107 765 171 800 166
194 759 366 815 ηφανῶν
395 753 500 805 ὅλως
528 753 584 806 ὥς
615 756 774 800 ἐκείνων
800 758 867 799 καὶ
893 760 1054 811 μᾶλλον
1085 752 1211 808 αὖθις
1232 762 1306 814 τῆς
1327 757 1432 816 πρὸς
1443 756 1672 815 Ῥωμαίους

194 824 513 883 δεηθησομένων
533 822 709 882 εῗρήνης.

141 905 169 938 Β
333 895 412 939 22.
486 897 573 949 Τῆς
600 894 675 948 μὲν
700 897 775 937 τοῦ
803 892 1004 948 βασιλέως
1031 895 1122 951 περὶ
1153 895 1229 949 τὴν
1258 895 1474 951 ἐκκλησίαν
1492 897 1669 951 κηδεμο-
1682 905 1725 940 10

191 965 281 1014 νίας
312 962 445 1006 πολλὰ
476 964 542 1005 καὶ
576 961 683 1005 ἄλλα
713 959 774 1022 τὰῒ
792 963 1015 1018 δείγματα,
1054 963 1089 1005 εἰ
1119 964 1186 1005 καὶ
1207 963 1259 1006 τὰ
1282 964 1379 1006 κατ’
1403 963 1534 1019 αὐτὴν
1558 962 1669 1021 πρά-

192 1050 330 1091 γματα
350 1030 460 1089 ῧδρα
488 1048 550 1081 τις
577 1027 627 1086 ἦν
656 1029 683 1087 ἦ
711 1031 975 1087 μυθευομένη
995 1032 1062 1074 καὶ
1081 1031 1237 1081 πολλὰς
1258 1030 1499 1076 σκανδάλων
1519 1032 1669 1091 ἀνέφυε

194 1099 389 1160 κεφαλάς.
459 1099 538 1143 ἔδει
566 1101 611 1143 δὲ
637 1097 801 1151 πάντως
830 1105 889 1159 τῷ
909 1098 1108 1157 Ἡρακλεῖ
1129 1100 1316 1156 τέμνοντι
1337 1102 1405 1144 καὶ
1430 1099 1668 1152 ἔπικάοντος

187 1168 362 1215 Ἰολάου.
436 1167 533 1211 ἀλλ’
564 1167 586 1212 ὁ
612 1169 686 1225 μὲν
703 1168 914 1227 Ἡρακλῆς
930 1164 981 1224 ἦν
1005 1163 1148 1225 οὗτος,
1181 1167 1338 1219 Ἰόλαος
1358 1170 1403 1213 δὲ
1423 1167 1445 1213 ὅ
1466 1172 1534 1213 καὶ
1554 1169 1668 1222 ἄξιος

143 1272 145 1275 .
194 1239 385 1297 συνεργὸς
410 1239 584 1294 ἐζητεῖτο
608 1237 682 1293 μέν
694 1271 708 1291 ,
747 1238 822 1294 οὐχ
843 1236 1048 1296 εὑρίσκετο
1069 1238 1126 1282 δέ.
1198 1238 1267 1281 διὰ
1285 1243 1410 1282 τοῦτο
1432 1241 1500 1282 καὶ
1521 1238 1597 1283 οὐκ
1614 1235 1666 1296 ἦν
1679 1241 1722 1278 15

144 1317 172 1351 C
198 1309 303 1359 ὅλως
323 1305 450 1363 μόνον
468 1307 543 1357 τὰς
567 1307 698 1362 τομὰς
718 1306 870 1351 εὐοδεῖν
878 1340 892 1360 ,
931 1308 966 1350 εἰ
984 1308 1050 1350 καὶ
1067 1306 1126 1362 μὴ
1145 1306 1193 1350 τὸ
1219 1308 1336 1364 ξίφος
1351 1312 1428 1364 τῆς
1445 1309 1668 1366 φροντίδος

190 1374 436 1434 ἠμβλύνετο.
508 1377 574 1419 καὶ
602 1376 752 1434 ἀφίημι
780 1375 857 1426 τὰς
883 1375 996 1434 παρὰ
1028 1379 1112 1419 τῶν
1141 1376 1386 1431 σχιζομένων
1422 1376 1595 1434 ἀφανεῖς
1622 1394 1667 1421 τε

192 1449 260 1490 καὶ
289 1445 470 1504 φανερὰς
503 1443 852 1500 ἐπιτεχνιτεύσεις,
885 1449 1059 1503 ψυχρῶν
1077 1446 1257 1503 χαρίτων
1277 1445 1391 1503 παρὰ
1408 1449 1573 1490 πολλῶν
1589 1464 1665 1490 κα-

191 1590 265 1614 rum
288 1579 326 1612 et
348 1576 459 1612 civilis
480 1575 650 1611 institutio
674 1588 798 1622 capere
824 1588 865 1612 ac
894 1577 988 1611 ferre
1009 1588 1111 1622 posse
1132 1577 1353 1621 viderentur,
1386 1578 1559 1613 exercitae
1579 1577 1664 1624 ipsis

191 1624 379 1661 sinentibus
409 1623 445 1657 in
481 1623 650 1668 supplices
671 1623 843 1668 ipsorum,
877 1634 963 1668 quos
986 1628 1169 1668 protegere
1189 1623 1266 1658 iure
1287 1623 1427 1669 hospitii
1449 1628 1486 1659 et
1508 1624 1666 1670 promissi

192 1669 373 1718 patrocinii
406 1669 476 1703 fide
508 1670 720 1710 debuerant,
753 1670 951 1704 manifestos
975 1675 1010 1703 et
1033 1670 1126 1704 facto
1148 1669 1333 1714 gloriantes
1355 1675 1515 1705 auctores
1537 1670 1572 1705 in
1594 1671 1665 1706 suis

191 1717 342 1752 manibus
374 1726 415 1750 ac
450 1718 622 1760 potestate
643 1715 780 1760 impune
810 1715 930 1749 vivere
957 1715 1206 1761 permitterent.
1254 1716 1376 1751 deinde
1406 1716 1498 1751 bona.
1527 1728 1664 1752 suorum

190 1775 254 1810 pro
277 1762 384 1797 multa
414 1761 544 1795 indicta
572 1760 609 1795 in
641 1760 948 1806 compensationem
978 1761 1091 1795 damni
1113 1762 1360 1797 combustarum
1382 1762 1515 1797 aedium
1539 1773 1666 1808 seque—

191 1813 303 1844 strata
325 1818 542 1853 magnopere,
563 1810 603 1842 ut
624 1807 880 1850 relaxarentur,
902 1807 1111 1849 institerunt,
1134 1814 1310 1853 negantes,
1332 1807 1398 1842 nisi
1419 1808 1504 1842 haec
1525 1808 1663 1851 fierent,

191 1868 228 1890 se
251 1866 352 1901 posse
375 1853 568 1888 consentire
589 1853 625 1888 in
647 1854 898 1888 renovationem
922 1853 999 1888 olim
1022 1853 1084 1888 icti
1105 1865 1178 1888 cum
1198 1854 1353 1900 imperio,
1368 1853 1404 1888 in
1422 1858 1554 1889 certum
1577 1858 1665 1890 tem-

191 1912 256 1947 pus
289 1901 356 1936 iam
387 1910 528 1945 prorsus
550 1899 719 1945 elapsum,
750 1901 910 1935 foederis.
955 1900 1080 1946 quibus
1113 1899 1239 1935 auditis
1259 1901 1446 1946 imperator
1466 1901 1665 1937 ,obfirmavit

192 1959 230 1982 se
252 1947 287 1981 in
309 1946 447 1980 consilio
477 1946 623 1991 negandi
650 1946 741 1991 quod
771 1946 976 1991 petebatur,
1008 1957 1074 1980 non
1105 1947 1212 1990 magis
1243 1950 1458 1993 praesentem
1480 1946 1664 1983 utilitatem

191 2005 292 2039 quam
314 1992 367 2026 ius
390 1992 510 2037 ipsum,
534 2004 600 2038 quo
623 1992 684 2026 niti
707 2004 746 2027 se
765 1992 802 2027 in
825 1992 876 2027 his
898 1997 994 2028 certo
1016 1992 1245 2038 existimabat,
1267 2003 1425 2038 sequens,
1445 1995 1664 2028 contemnens

192 2043 306 2073 autem
328 2039 460 2073 omnino
483 2039 690 2074 Venetorum
712 2038 840 2081 minas;
876 2050 962 2084 quos
985 2039 1117 2083 priores
1140 2050 1226 2084 opus
1249 2039 1426 2074 habituros
1446 2050 1566 2074 rursus
1587 2042 1662 2074 sta-

190 2085 289 2119 bilita
311 2096 386 2118 cum
410 2085 570 2119 Romanis
600 2096 708 2130 pace,
739 2090 775 2120 et
807 2085 851 2119 ad
883 2085 919 2119 id
949 2084 1059 2130 ipsum
1083 2085 1267 2129 orandum,
1299 2084 1490 2120 rationibus
1509 2085 1662 2132 ipsorum

190 2130 419 2175 adigentibus,
441 2131 530 2165 ultro
552 2131 776 2166 descensuros
797 2130 1000 2166 confidebat.

283 2178 338 2211 22.
387 2177 499 2216 Quam
532 2177 628 2211 cordi
657 2181 770 2212 essent
800 2177 998 2222 imperatori
1029 2188 1087 2212 res
1119 2176 1308 2220 ecclesiae,
1339 2188 1381 2212 ac
1403 2187 1504 2222 quam
1524 2175 1658 2211 solicito

192 2221 250 2256 ille
282 2222 396 2256 studio
429 2234 547 2267 pacem
580 2222 653 2257 eius
683 2224 1031 2269 tranquillitatemque
1065 2227 1284 2268 procuraret,
1326 2222 1441 2257 multis
1468 2221 1565 2257 varie
1593 2233 1658 2267 per

193 2268 280 2302 hanc
303 2267 478 2302 historiam
501 2268 628 2313 sparsis
649 2269 791 2314 intelligi
813 2270 927 2316 potuit
949 2269 1123 2315 exemplis.
1169 2273 1342 2304 caeterum
1374 2278 1464 2313 quae
1493 2271 1575 2302 tunc
1598 2279 1658 2302 ee-

193 2313 328 2348 clesiam
360 2315 547 2349 turbabant
578 2315 758 2358 scandala,
792 2316 921 2359 hydrae
951 2315 1061 2350 instar
1090 2315 1182 2350 illius
1211 2317 1418 2349 memoratae
1445 2312 1481 2347 in
1518 2313 1656 2356 fabulis,

191 2359 336 2394 fecundo
358 2360 500 2394 subinde
523 2361 733 2396 nascentium
757 2362 905 2407 capitum
928 2361 1140 2407 pullulabant
1169 2361 1262 2403 fetu,
1292 2359 1414 2405 quibus
1434 2358 1556 2405 utique
1577 2359 1656 2395 vin-

192 2404 308 2440 cendis
340 2417 424 2451 opus
455 2406 588 2440 omnino
622 2411 696 2442 erat
728 2406 878 2442 Hercule
899 2412 1039 2443 secante
1061 2411 1096 2441 et
1118 2411 1239 2442 urente
1258 2406 1366 2440 Iolao.
1413 2404 1596 2440 Herculem
1618 2405 1656 2441 in

193 2451 401 2496 imperatore
422 2452 612 2487 Andronico
634 2464 889 2499 repereramus=
911 2453 972 2499 qui
995 2453 1027 2487 ei
1049 2456 1240 2498 opportune
1263 2455 1526 2496 cooperaretur,
1547 2463 1656 2498 quae-

195 2498 280 2532 situs
304 2497 363 2531 diu
387 2501 461 2540 est,
481 2499 625 2533 nondum
648 2503 761 2535 autem
782 2499 962 2541 inventus,
983 2499 1108 2533 Iolaus.
1158 2498 1240 2543 quid
1263 2509 1346 2542 ergo
1368 2497 1487 2532 mirum
1508 2496 1540 2532 si
1562 2497 1655 2533 solus

195 2543 290 2589 ipse,
320 2543 401 2576 licet
430 2555 556 2588 operae
587 2557 654 2579 non
686 2555 855 2590 parcens,
889 2544 1064 2590 negotium
1084 2554 1151 2578 non
1177 2544 1372 2579 absolveret
1401 2543 1572 2586 secando,
1609 2545 1654 2578 ad

195 2589 287 2634 qnod
312 2600 480 2634 nunquam
502 2590 607 2624 hebes
626 2591 857 2636 deprehensus
879 2595 932 2625 est
955 2590 1030 2625 eius
1050 2589 1204 2634 gladius3
1235 2589 1370 2635 gladius
1394 2589 1553 2635 inquam,
1582 2589 1654 2636 spi-

194 2634 305 2678 ritus,
338 2635 403 2668 hoc
424 2639 498 2676 est,
528 2636 618 2670 acris
641 2648 723 2672 cura
744 2637 781 2671 in
801 2648 932 2672 omnem
953 2636 1088 2670 intenta
1115 2635 1324 2670 occasionem
1346 2635 1511 2670 ecclesiae
1533 2635 1652 2681 quovis

193 2681 294 2715 modo
317 2680 511 2716 consulendi
530 2681 709 2717 laboranti.
756 2685 794 2718 at
815 2683 896 2730 quid
917 2693 1042 2729 queror
1062 2680 1249 2716 adiutorem
1272 2682 1338 2717 hoc
1361 2681 1479 2726 agenti
1502 2681 1653 2716 defuisse

193 2729 371 2771 Augusto,
396 2738 492 2769 eum,
514 2728 605 2773 quod
627 2732 682 2762 est
702 2728 890 2774 indignius,
921 2728 1042 2764 multos
1065 2726 1100 2762 in
1123 2739 1164 2762 eo
1186 2739 1308 2774 passus
1329 2728 1554 2763 adversantes
1576 2727 1652 2767 sit?

192 2772 288 2806 mitto
312 2772 529 2808 discissorum
549 2774 592 2808 ab
616 2774 762 2809 ecelesia
782 2775 907 2820 partim
929 2773 1191 2810 machinationes
1211 2774 1246 2809 in
1267 2785 1344 2809 eum
1369 2773 1546 2816 subdolas,
1569 2783 1652 2820 par-

191 2816 251 2853 tim
275 2819 472 2865 eruptiones
489 2819 601 2865 palam
621 2820 857 2857 vehementesz
883 2820 1054 2857 dissimulo
1084 2819 1227 2866 frigidas
1249 2819 1379 2867 gratias
1399 2820 1550 2867 ipsorum
1576 2818 1651 2854 eius
