1858 3126
222 182 320 230 422
645 180 882 225 GEORGII
914 179 1268 225 PACHYMERIS

221 297 377 354 ἡμέρας
400 293 545 351 ἕπε’στη
557 328 568 347 ,
606 295 734 351 ἐκείνη
754 296 829 350 μὲν
852 293 970 338 οὐδὲν
987 290 1040 350 ἦν
1059 299 1143 338 τῶν
1164 296 1205 345 ἐς
1227 291 1442 352 ἐξόρμησιν
1462 293 1693 341 συντεινόν-

223 385 306 411 των
329 364 426 419 ὅπερ
448 365 522 408 οὐκ
542 365 651 422 ἔλεγέ
665 382 708 408 τε
729 367 795 408 καὶ
817 364 1004 421 ἔπραττε,
1038 363 1187 407 Ἰταλοὶ
1208 365 1253 407 δὲ
1271 366 1337 407 καὶ
1359 361 1484 416 αὖθις
1503 366 1544 408 ἓν
1565 365 1693 422 ὕπερ-

225 436 410 491 ημεριάις
430 435 582 491 τρίβειν
603 434 796 484 θέλοντες
817 434 890 477 τὸν
907 433 1047 489 καιρὸν
1071 431 1208 488 μάχας
1229 434 1454 491 ἓμφυλίους
1474 435 1518 477 ἐκ
1540 439 1694 491 πολλῆς

177 515 207 549 C
231 509 306 560 τῆς
321 502 604 560 ὑπερηφανίας
622 505 855 555 καθίστων,
884 504 952 545 καὶ
970 502 1072 558 πρὸς
1084 503 1279 552 Ἀλανοὺς
1299 505 1355 553 εἲς
1374 502 1556 554 διενὲξεις
1575 503 1694 547 ἀκαί-

227 590 325 632 ρους
351 571 545 630 ἐχώρουν.
615 570 857 629 παρώτρυνε
876 572 954 628 γὰρ
980 570 1001 614 ὅ
1023 573 1143 627 ζῆλος
1169 569 1466 625 καὶἈλανούς,
1506 571 1572 616 ὅτ’
1595 574 1727 618 ἐκεί-5

226 661 307 687 νων
329 643 573 698 τριουγγίοις
595 643 662 684 καὶ
691 642 906 698 διουγγιόις
927 641 1055 696 μηνὸς
1078 639 1252 684 ἑκάστου
1280 641 1557 696 ἱκανουμένων
1578 642 1697 686 αῧτοὶ

227 714 270 755 ἓν
299 711 420 771 ὀλίγῳ
449 713 526 754 τινὶ
558 712 809 764 ἐμισθοῦντο
845 712 912 753 καὶ
942 714 1024 752 τῶν
1058 710 1369 767 ἀπερριμμένων
1399 710 1500 767 παρ’
1536 711 1698 762 ἐκείνοις

229 779 412 824 ἐδόκουν.
449 782 515 822 καὶ
534 780 636 836 πρὸς
657 783 792 823 ταῦτα
811 781 1033 836 διαφοραῖς
1051 781 1131 821 τισὶ
1154 781 1220 822 καὶ
1245 779 1482 834 ἀπεχθείαις
1498 779 1574 830 τὰς
1590 778 1697 836 γνώ-

226 867 310 905 μας
327 850 486 892 ἐκείνων
506 848 811 905 ἠλλοτριοῦντο.
849 846 905 898 ὥς
921 853 1020 904 γοῦν
1042 848 1184 903 ἴτυχον
1202 848 1277 903 μέν
1298 866 1404 900 τινες
1418 853 1502 893 τῶν
1514 849 1696 893 Ἀλανῶν

228 917 459 974 ἄλήθοντες
488 917 593 961 κατὰ
621 916 815 972 μύλωνα,
865 917 1008 972 ἔτυχον
1037 918 1081 960 δὲ
1109 917 1189 960 κάκ
1221 923 1304 961 τῶν
1331 917 1627 975 Ἀμογα-βοῖρων
1650 921 1697 970 ’ἐξ
1709 927 1752 961 10

179 994 210 1029 D
234 988 486 1044 ἀλαστορίας
518 986 604 1031 ὄντι
636 986 762 1044 ῥητῆς
793 990 844 1044 τῇ
877 986 1055 1042 ἀλετρίδι
1082 987 1375 1044 ἐπιχειροῦντες
1385 1020 1399 1041 ,
1433 988 1633 1043 ἐπέβαλον
1653 989 1699 1032 δὲ

227 1058 303 1108 τὰς
331 1063 470 1114 χεῖρας
497 1058 564 1099 καὶ
593 1063 679 1106 τοῖς
710 1053 921 1111 ἀλεύροις,
958 1055 1039 1111 ἶρις
1067 1057 1256 1099 ἐντεῦθεν
1284 1058 1352 1098 καὶ
1379 1058 1602 1113 φιλονεικία
1629 1058 1698 1101 διὰ

228 1124 359 1183 λόγων
382 1126 483 1176 τέως
504 1126 767 1178 συνίσταται,
805 1126 870 1167 καὶ
884 1123 1055 1175 Ἀλανός
1073 1142 1158 1178 τις,
1191 1123 1248 1175 ὥς
1267 1125 1447 1180 λέγεται,
1475 1127 1579 1183 πρὸς
1597 1127 1699 1170 ἐκεί-

229 1214 327 1245 νους
358 1194 506 1249 ἠπείλει
532 1199 665 1238 ταῦτα
693 1198 804 1250 σφᾶς
829 1192 927 1236 ὅσον
958 1193 1033 1236 οὐκ
1061 1193 1143 1249 ἤδη
1164 1196 1231 1236 καὶ
1256 1194 1329 1238 τὸν
1346 1194 1474 1250 μέγαν
1492 1196 1698 1239 διαθεῖναι

230 1267 359 1307 &oona
379 1263 484 1307 ἅττα
507 1265 572 1306 καὶ
589 1263 660 1306 τὸν
677 1263 804 1318 μέγαν
825 1263 1063 1317 ὃομέστικον
1085 1261 1277 1319 ἔδρασαν.
1349 1267 1473 1306 τοῦτο
1492 1263 1623 1321 ῥηθὲν
1641 1266 1698 1308 εἶ-
1710 1269 1754 1306 15

231 1335 355 1383 καίως
380 1333 455 1377 οὐκ
479 1333 627 1385 ἔλαθε,
666 1333 732 1374 καὶ
754 1330 779 1387 ἦ
804 1330 968 1386 ὑποψία
986 1336 1062 1374 τοῦ
1082 1330 1203 1388 λόγου
1222 1331 1355 1387 δεινὴν
1375 1333 1536 1376 ἐνέτεινε
1558 1338 1696 1388 μῆνιν,

229 1404 297 1445 καὶ
317 1400 371 1452 ὥς
390 1401 470 1458 ἤδη
494 1401 646 1445 παθὼν
668 1398 851 1451 ἀκούσας
870 1401 1017 1451 ἐκεῖνος
1035 1398 1225 1455 ἠμύνετο.
1297 1402 1542 1455 ἐμπίπτουσι
1559 1404 1699 1446 τοίνυν

179 1478 211 1513 Ε
234 1471 380 1521 νυκτὸς
404 1471 591 1520 Ἀλανοῖς
620 1470 770 1526 ὀλίγοις
788 1471 933 1513 πολλοὶ
954 1471 1020 1512 καὶ
1035 1469 1243 1526 ἐὐτρεπεῖς
1266 1469 1506 1524 ἀνετοίμοις.
1576 1471 1623 1515 οἳ
1646 1471 1699 1526 δὴ

230 1542 298 1581 καὶ
325 1541 366 1590 ἐξ
396 1538 525 1594 αὐτῆς
550 1539 623 1593 τὴν
652 1537 788 1593 μάχην
820 1538 1182 1594 ἀναρριπίσαντες,
1220 1539 1496 1595 πεφραγμένοι
1517 1545 1697 1592 πελταΐς,

230 1613 289 1668 τῷ
312 1607 418 1650 καθ’
443 1605 595 1656 αὖτοὺς
614 1606 796 1664 ἀσφαλεῖ
812 1608 988 1660 πίσυνοι,
1013 1607 1051 1649 οἱ
1066 1607 1140 1661 μὲν
1157 1607 1262 1650 κατὰ
1282 1606 1420 1664 θύρας
1439 1612 1522 1651 τῶν
1541 1610 1692 1663 οἶκιῶν,
1707 1614 1755 1649 20

232 1753 363 1778 causas.
409 1740 553 1786 appulsa
579 1740 661 1774 illuc
693 1743 770 1785 post
801 1739 876 1774 dies
907 1739 1039 1785 aliquot
1061 1742 1215 1774 matrona
1238 1739 1322 1774 nihil
1346 1739 1458 1774 omisit
1479 1740 1540 1774 illa
1562 1740 1696 1786 quidem

230 1787 317 1821 artis
353 1799 395 1821 ac
425 1787 652 1821 contentionis
677 1787 712 1820 in
736 1786 907 1820 suadendo
931 1786 1020 1831 quod
1044 1797 1101 1820 res
1123 1787 1288 1831 poscebat
1310 1790 1346 1820 et
1369 1787 1530 1832 cupiebat
1550 1786 1699 1832 impera-

230 1840 303 1867 tor:
338 1844 454 1868 verum
486 1833 566 1868 Itali
600 1843 720 1867 rursus
752 1837 955 1878 quaerentes
987 1835 1187 1878 praetextus
1211 1832 1372 1866 haerendi
1394 1837 1494 1877 grato
1515 1832 1600 1878 ipsis
1621 1833 1698 1867 loco

231 1879 326 1914 rixas
351 1891 425 1914 cum
450 1880 565 1914 Alanis
589 1880 772 1922 serebant,
795 1879 973 1913 irritantes
995 1878 1089 1923 ipsos
1113 1882 1307 1923 contemptu
1331 1882 1367 1912 et
1389 1878 1619 1920 contumeliis,
1642 1879 1698 1913 id-

231 1937 298 1971 que
331 1925 571 1971 intempestive
600 1937 683 1960 sane
715 1928 855 1969 agentes
885 1929 926 1958 ut
957 1925 1045 1959 bello
1076 1925 1169 1959 civili
1197 1925 1289 1959 vires
1312 1925 1528 1959 absumerent
1553 1924 1698 1970 nequid-

230 1983 331 2016 quam
363 1972 528 2006 adversus
559 1972 690 2006 hostem
721 1976 947 2017 comparatas.
994 1975 1093 2005 erant
1121 1983 1223 2016 porro
1247 1971 1345 2005 Alani
1366 1975 1506 2016 praeter
1528 1976 1699 2006 caeteram

231 2017 480 2063 impatientiam
511 2018 708 2052 iniuriarum
739 2017 889 2051 innatam
919 2020 1070 2051 armatae
1094 2018 1190 2061 genti
1222 2017 1323 2051 etiam
1345 2017 1479 2052 efferati
1502 2016 1568 2051 iam
1591 2017 1700 2052 livore

233 2064 398 2097 adversus
429 2063 535 2098 Italos
569 2065 613 2098 ob
646 2064 794 2110 iniquum
829 2063 1006 2097 discrimen
1029 2075 1095 2109 quo
1118 2063 1206 2109 ipsis
1236 2065 1374 2098 fuerant
1396 2063 1432 2098 in
1455 2063 1699 2109 stipendiorum

233 2109 474 2143 distributione
515 2109 714 2155 posthabiti.
770 2110 1041 2144 obversabantur
1080 2109 1167 2143 enim
1198 2109 1328 2143 illorum
1361 2109 1481 2144 animis
1509 2109 1588 2143 illae
1622 2109 1698 2144 auri

233 2154 322 2188 duae
351 2159 467 2189 tresve
497 2156 618 2190 unciae
648 2159 842 2190 menstruae
874 2155 1041 2190 mercedis
1072 2155 1263 2190 cumulatae
1286 2155 1323 2189 in
1346 2155 1475 2197 Italos,
1514 2155 1590 2188 dum
1613 2154 1701 2200 ipsis

232 2204 329 2234 tanto
365 2201 474 2234 minor
503 2203 618 2236 fuerat
650 2202 767 2247 pensio
799 2207 930 2238 taxata.
977 2213 1019 2236 ea
1049 2202 1141 2247 pleni
1174 2201 1272 2236 rabie
1300 2203 1400 2246 longe
1430 2201 1561 2235 scilicet
1583 2199 1697 2234 acrius

233 2246 447 2288 sentiebant,
480 2259 569 2292 quae
601 2249 637 2282 in
669 2248 757 2282 omni
789 2259 932 2282 occursu
955 2248 1152 2282 Latinorum
1183 2247 1332 2281 ludibria
1354 2248 1397 2281 ab
1419 2247 1462 2280 iis
1485 2250 1522 2279 et
1543 2245 1698 2290 superci-

230 2292 319 2326 liosa
352 2292 534 2337 despectus
563 2294 662 2339 signa
696 2294 970 2338 experiebantur.
1018 2294 1080 2328 tali
1102 2305 1214 2328 rerum
1239 2293 1384 2327 articulo
1407 2290 1551 2335 contigit
1569 2291 1698 2324 Alanos

233 2338 408 2383 quospiam
443 2338 580 2373 deferre
609 2341 814 2374 frumentum
837 2341 879 2374 ad
908 2340 1118 2374 moletrinam
1140 2340 1307 2385 quandam
1334 2342 1370 2372 et
1391 2338 1537 2378 molere;
1571 2337 1607 2371 in
1629 2348 1697 2382 quo

235 2383 313 2417 dum
335 2387 437 2425 sunt,
476 2385 718 2429 superveniunt
741 2387 1027 2430 Amogabarorum
1051 2385 1175 2430 aliqui,
1201 2389 1237 2419 et
1260 2386 1420 2418 consueta
1443 2382 1604 2426 superbia
1626 2394 1698 2416 mo-

234 2430 289 2463 lae
311 2441 408 2463 usum
430 2428 496 2464 sibi
519 2431 714 2473 vindicant,
750 2431 834 2476 quin
864 2435 900 2465 ct
930 2432 1062 2466 farinae
1093 2432 1273 2465 Alanorum
1301 2427 1558 2463 insolentissime
1580 2439 1698 2462 manus

233 2475 396 2509 iniiciunt.
443 2475 587 2519 iurgium
611 2476 687 2510 hinc
709 2477 816 2522 primo
839 2477 951 2511 verbis
977 2477 1194 2511 commissum.
1240 2486 1307 2520 quo
1330 2474 1537 2520 procedente
1559 2474 1698 2508 auditae

235 2522 416 2556 Alanorum
450 2521 560 2555 minae
591 2526 690 2563 sunt,
724 2523 876 2556 facturos
902 2533 940 2556 se
970 2521 1067 2556 brevi
1096 2533 1217 2566 magno
1245 2520 1323 2554 duci
1351 2520 1439 2554 idem
1464 2519 1554 2565 quod
1576 2531 1696 2564 magno

236 2566 421 2601 domestico
444 2567 616 2602 fecissent.
660 2572 805 2613 excepta
828 2572 864 2601 et
885 2568 1023 2612 vulgata
1047 2578 1089 2601 ca
1111 2578 1180 2601 vox
1203 2576 1342 2610 magnas
1362 2565 1591 2611 suspiciones.
1623 2577 1697 2600 ma-

237 2625 304 2658 gna
328 2613 408 2647 odia
430 2612 622 2647 commovit.
669 2624 810 2657 magnus
832 2613 1016 2658 praecipue
1038 2613 1126 2654 dux,
1150 2618 1322 2657 tamquam
1344 2611 1412 2645 iam
1435 2612 1524 2657 quod
1546 2611 1697 2646 intenta-

236 2659 339 2693 batur
361 2659 488 2693 sentire
510 2658 680 2704 coepisset
701 2660 843 2703 malum,
865 2658 919 2692 ira
942 2663 978 2692 et
995 2659 1181 2693 ulciscendi
1203 2657 1371 2692 desiderio
1393 2657 1577 2702 flagrabat.
1614 2669 1697 2704 ergo

237 2711 404 2739 nocturna
435 2705 469 2739 in
500 2705 625 2739 Alanos
657 2704 819 2739 meditato
850 2706 1045 2749 comparata
1076 2705 1169 2740 facta
1190 2703 1368 2749 impressio
1391 2707 1444 2738 est
1466 2704 1700 2748 Amogabaro-

235 2762 327 2791 rum,
351 2762 421 2796 qua
441 2751 477 2785 in
499 2761 625 2796 paucos
646 2750 803 2795 plurimi,
825 2750 861 2785 in
882 2750 1067 2795 imparatos
1089 2750 1198 2784 otiose
1219 2749 1395 2793 instructi,
1418 2749 1562 2795 denique
1580 2749 1698 2784 muniti

234 2796 335 2840 peltis
358 2801 394 2831 et
417 2800 553 2831 caetera
577 2796 789 2842 cataphracti
811 2801 1004 2838 armatum,
1036 2796 1215 2843 securique
1239 2796 1402 2838 telorum,
1427 2807 1567 2841 quorum
1589 2807 1699 2841 quan-

234 2847 414 2889 tacumque
436 2843 471 2878 vi
492 2842 787 2890 intorquendorum
809 2842 979 2878 innoxiam
1001 2842 1066 2878 sibi
1086 2844 1162 2878 fore
1183 2842 1290 2878 aciem
1314 2841 1518 2886 credebant,
1544 2851 1699 2888 perrum-
