1858 3126
219 176 318 221 360
637 171 874 216 GEORGII
907 171 1258 216 PACHYMERIS

170 293 199 327 B
225 291 300 344 δῆς
329 286 457 339 ἄξιον.
525 286 593 329 καὶ
622 286 828 340 εἰσαχθεὶς
859 281 987 340 μόνος
1025 280 1141 343 μόνῳ
1181 286 1240 343 τῷ
1274 288 1439 338 βασιλεῖ
1475 279 1689 328 “Mauorti

220 376 301 414 μου
313 357 335 376 ”
363 356 441 412 ἔφη
466 356 566 396 “nai
587 358 773 409 βασιλεῦ,
795 352 886 409 ἐμοὶ
903 354 978 410 μὲν
997 349 1179 409 σύνηθες
1198 351 1302 410 πρὸς
1313 352 1383 396 τὸν
1403 349 1542 408 κύριον
1556 353 1688 396 Ἀθα-

222 424 364 470 νάσιον
383 425 427 467 ἔκ
448 421 753 478 διαλειμμάτων
771 426 893 466 τινῶν
916 427 1138 478 καιριακῶν
1156 423 1472 478 παραγίνεσθαι.
1539 424 1608 465 καὶ
1636 421 1687 478 δὴ

222 496 290 538 καὶ
314 492 600 550 παραγεγονώς
623 492 699 546 τὴν
721 489 900 548 σήμερον
918 491 1142 549 κατηφείας
1160 484 1279 548 εὗρον
1297 490 1370 534 τὸν
1387 489 1520 548 ἄνδρα
1538 490 1688 545 μεστὸν

221 564 288 606 καὶ
312 560 448 618 πλήρη
471 560 662 611 συννοίας
686 559 784 604 ὅσον
811 557 981 604 εἲκάσαι.
1064 558 1164 603 ὅθεν
1189 561 1258 602 καὶ
1286 556 1389 616 πρός
1413 576 1466 614 με
1495 559 1621 616 λέγων
1640 559 1723 606 τὸὄ

221 635 366 675 ποιοῦν
397 630 472 686 τὴν
502 627 728 687 κατήφειαν
758 630 803 673 ἐκ
832 626 1023 686 θάρρους
1050 623 1100 671 οῦ
1131 628 1233 686 πρὸς
1265 629 1413 672 ἐκεῖνον
1432 627 1535 684 ἔχω,
1566 625 1692 685 ὀργήν

222 717 326 758 φησι
353 699 474 744 θείαν
502 699 713 756 ἓφειμένην
745 704 833 748 τοῖς
866 695 1016 741 ἐνθάδε
1042 691 1256 741 κατανοῶ·
1294 699 1362 741 καὶ
1385 697 1482 740 αἴθ’
1505 697 1619 748 εἴτις
1637 696 1694 741 ἴοι

222 771 290 813 καὶ
335 772 500 823 βασιλεῖ
534 767 722 823 ἀγγείλειε
763 767 839 823 τὴν
882 766 982 822 ἓμῆν
1009 763 1274 822 συμβουλήν,
1328 772 1477 822 μοναῖς
1513 763 1695 816 ἁπάσαις

171 849 201 882 C
225 834 477 896 προστάξαι,
515 836 620 891 πλὴν
644 837 688 879 ἐκ
708 840 782 892 τῆς
800 833 994 893 σήμερον,
1027 834 1262 891 παννύχους
1281 835 1379 886 τούς
1398 836 1441 878 ἔν
1461 834 1608 886 αὐταῖς
1626 836 1694 878 καὶ

222 908 391 956 ἐκτενεῖς
420 906 588 956 ἱκετείας
618 905 833 959 ἐπιτελεῖν,
871 905 1063 961 λέγοντας
1092 906 1159 948 καὶ
1181 903 1311 959 αὐτὴν
1342 903 1418 961 ’τὴν
1439 905 1576 960 ἐκτενῆ
1596 903 1691 960 δίη·
1706 910 1749 945 10

222 993 312 1029 σιν,
349 973 452 1032 ὑπὲρ
485 978 560 1018 τοῦ
593 976 934 1032 διαφυλαχθῆναι
959 977 1098 1017 πᾶσαν
1128 972 1248 1017 πόλιν
1271 973 1339 1016 καὶ
1361 969 1506 1031 χώραν
1527 973 1609 1017 ἀπὸ
1631 976 1695 1016 λι-

222 1049 304 1100 μοῦ
336 1047 482 1099 λοιμοῦ
512 1047 682 1098 σεισμοῦ
714 1046 1049 1098 καταποντισμοῦ
1067 1075 1080 1096 ,
1136 1044 1204 1086 καὶ
1235 1046 1370 1086 ταῦτα
1401 1039 1594 1098 πράττειν
1626 1043 1695 1085 καὶ

221 1114 297 1168 τὴν
315 1110 493 1170 σήμερον
514 1113 582 1155 καὶ
604 1112 679 1168 τὴν
698 1111 842 1170 αῦριον
862 1113 930 1155 καὶ
950 1112 1025 1168 τὴν
1041 1111 1136 1167 μετ’
1158 1111 1333 1167 ἐκείνην,
1369 1112 1436 1154 καὶ
1459 1111 1500 1161 ἔς
1521 1110 1583 1154 ἀεὶ
1599 1101 1692 1166 σ’χε-

222 1182 295 1225 ὸὸν
318 1181 616 1236 ἔξιλεουμένους
633 1181 679 1224 τὸ
699 1185 815 1224 θεῖον
841 1181 910 1224 διὰ
934 1185 1009 1236 τῆς
1027 1184 1221 1236 συνεχοῦς
1239 1177 1547 1237 παρακλήσεως.
1585 1177 1696 1223 οὕτω

222 1248 329 1308 γάρ,
368 1249 480 1306 οἶμαι
491 1283 505 1303 ,
545 1251 612 1293 καὶ
646 1249 745 1300 θεὸς
779 1249 887 1301 ἀνεὶς
922 1249 998 1305 τὴν
1025 1249 1149 1306 ὀργὴν
1185 1248 1355 1305 εὐμενὴς
1388 1246 1486 1304 ἡμῖν
1522 1248 1690 1305 γένοιτο.
1705 1255 1749 1292 15

171 1330 204 1363 Ι)
229 1319 350 1363 ταῦτ’
375 1316 557 1369 ἀκούσας
577 1318 654 1374 ἐγὼ
675 1318 811 1362 ἐλθών
837 1323 896 1379 τῷ
912 1317 1155 1376 Ἡρακλείας
1174 1319 1458 1375 μητροπολίτῃ
1477 1316 1549 1360 τὸν
1573 1314 1696 1374 λόγον
1713 1326 1717 1330 ’

223 1386 526 1444 ἔκοινωσάμην,
559 1389 626 1430 καὶ
660 1387 706 1438 ὃς
733 1387 948 1446 παρευθῦς
981 1388 1122 1444 ἐπείγει
1150 1404 1221 1443 μοι
1249 1387 1324 1442 τὴν
1345 1385 1448 1444 πρὸς
1475 1385 1551 1441 τὴν
1571 1390 1697 1440 βασι-

223 1458 335 1500 λείαν
362 1475 438 1501 σου
472 1456 608 1514 ἄφιξιν
637 1456 707 1514 ἐφ’
750 1451 861 1516 ᾧπερ
890 1457 1109 1513 ἀνενεγκεῖν
1144 1455 1242 1500 ὅσον
1279 1455 1392 1513 παρὰ
1430 1459 1506 1499 τοῦ
1546 1454 1699 1512 ἀνδρὸς

224 1526 397 1582 ἤκουσα.
469 1523 635 1582 πάρειμι
660 1525 797 1568 τοίνυν
818 1527 884 1568 καὶ
907 1525 1032 1582 λέγω,
1070 1526 1138 1568 καὶ
1159 1523 1215 1576 ὥς
1235 1522 1342 1576 δόξει
1359 1529 1410 1582 τῇ
1429 1524 1474 1567 ἐκ
1494 1527 1599 1568 θεοῦ
1613 1528 1699 1579 βα-

228 1596 356 1655 σιλεία
389 1612 465 1638 σου
476 1626 489 1647 ,
536 1593 728 1636 κελευέτω
757 1610 802 1637 τε
831 1596 899 1637 καὶ
932 1593 1161 1652 πραττέτω.
1228 1593 1335 1648 πλὴν
1364 1595 1400 1636 εἲ
1433 1593 1476 1635 ἓν
1508 1592 1755 1649 φροντίδιρο

226 1671 353 1714 ποιεῖς
372 1663 444 1706 τὸν
463 1659 583 1719 λόγον
604 1666 655 1721 τῇ
677 1660 964 1721 προσηκούσῃ,
1005 1659 1186 1706 αὐτόθεν
1207 1661 1412 1720 ἄρχεσθαι
1429 1659 1478 1704 τὸ
1498 1659 1613 1719 ἔργον
1631 1660 1699 1704 κέ-

227 1817 307 1852 stim
338 1817 551 1852 introductus
582 1816 644 1852 soli
677 1817 769 1852 solus
791 1818 945 1862 Augusto
967 1816 1056 1851 hanc
1078 1815 1263 1851 orationem
1285 1814 1415 1850 habuit.
1461 1813 1626 1849 “domine
1654 1813 1700 1848 mi

227 1865 434 1909 imperator,
467 1863 548 1898 mihi
578 1868 773 1898 consuetum
804 1870 858 1898 est
887 1863 931 1898 ad
954 1863 1119 1897 dominum
1143 1862 1360 1897 Athanasium
1385 1860 1490 1896 certis
1511 1863 1700 1906 temporum

227 1910 418 1944 intervallis
440 1909 531 1944 itare
553 1910 682 1945 visendi
706 1921 819 1947 causa.
865 1921 906 1944 eo
927 1920 1018 1944 more
1040 1909 1083 1944 ad
1106 1909 1194 1943 hunc
1217 1908 1317 1942 hodie
1340 1909 1513 1954 profectus
1535 1909 1702 1941 moestum

228 1962 265 1990 et
288 1956 548 2001 cogitabundum
573 1960 711 2002 praeter
733 1956 880 1997 solitum,
895 1967 937 1990 ac
959 1958 1119 2001 quantum
1143 1955 1345 2000 apparebat,
1368 1953 1465 1999 gravi
1487 1952 1703 1987 solicitudine

229 2003 362 2036 anxium
385 2002 476 2036 illum
500 2002 622 2048 reperi.
667 2002 757 2036 unde
781 2013 842 2047 pro
863 2013 926 2036 usu
941 2001 1182 2036 familiaritatis
1205 2005 1240 2035 et
1262 2000 1388 2035 fiducia
1434 2010 1500 2033 uae
1523 1998 1603 2033 mihi
1627 2009 1702 2032 cum

229 2059 270 2081 eo
305 2052 379 2090 est,
410 2048 573 2083 tristitiae
595 2059 731 2083 causam
755 2052 993 2094 percontatus,
1017 2048 1102 2082 haec
1125 2048 1169 2082 ab
1193 2059 1233 2082 eo
1258 2046 1391 2081 audivi:
1422 2056 1508 2080 iram
1539 2045 1595 2079 dei
1626 2043 1704 2078 urbi

229 2093 310 2127 huic
341 2105 382 2128 ac
414 2095 538 2140 populo
571 2094 746 2129 imminere
776 2094 959 2140 proximam
981 2093 1093 2129 video.
1138 2099 1242 2139 atque
1271 2094 1399 2128 utinam
1429 2091 1495 2126 iret
1524 2090 1704 2136 quispiam,

228 2139 467 2185 nuntiaretque
490 2152 597 2175 meum
621 2140 793 2175 consilium
815 2142 987 2185 Augusto,
1012 2151 1152 2175 censere
1167 2151 1228 2174 me
1249 2139 1379 2174 scilicet
1399 2136 1625 2172 necessarium
1649 2136 1705 2169 fa-

230 2189 288 2218 ctu
312 2184 400 2219 mitti
425 2186 468 2219 ab
491 2198 531 2221 eo
556 2187 744 2228 confestim,
768 2198 811 2221 ex
834 2187 909 2229 hac,
930 2186 1066 2232 inquam
1080 2213 1090 2231 ‚
1114 2186 1190 2232 ipsa
1213 2186 1280 2228 die,
1304 2196 1366 2230 per
1389 2188 1512 2218 cuncta
1533 2185 1702 2216 monaste-

229 2230 283 2264 ria
306 2230 362 2276 qui
386 2230 524 2266 iubeant
547 2233 745 2277 pervigilari
768 2237 862 2267 totas
893 2236 926 2267 in
951 2232 994 2267 iis
1017 2238 1134 2267 noctes
1157 2244 1178 2267 a
1201 2231 1376 2266 sodalibus
1396 2229 1549 2270 illorum,
1571 2225 1703 2272 suppli-

230 2275 450 2321 cationesque
474 2278 651 2312 continuas
673 2279 770 2320 fieri,
803 2279 869 2313 hae
891 2290 1053 2324 expresse
1075 2279 1118 2313 de
1142 2290 1244 2313 causa
1266 2281 1305 2311 ut
1337 2276 1496 2320 dignetur
1521 2273 1604 2307 deus
1627 2271 1703 2306 uni-

230 2333 365 2356 versam
389 2323 475 2357 hanc
499 2324 616 2357 urbem
641 2329 677 2358 et
699 2324 869 2368 regionem
892 2336 1117 2371 praeservare
1146 2337 1168 2359 a
1190 2325 1279 2358 fame
1293 2348 1302 2366 ,
1326 2326 1440 2365 peste,
1463 2324 1580 2354 terrae
1597 2323 1704 2360 motu,

231 2368 485 2410 submersione3
525 2369 627 2414 idque
658 2370 775 2404 sedulo
808 2381 912 2415 agere
942 2371 1044 2405 hodie
1074 2382 1152 2405 cras
1187 2373 1224 2404 et
1254 2366 1439 2414 perendie,
1478 2363 1704 2407 continenter,

231 2416 393 2459 quantum
423 2414 499 2448 fieri
523 2415 671 2460 poterit,
703 2420 776 2450 toto
806 2417 863 2450 illo
893 2416 1005 2461 spatio
1038 2428 1102 2461 per
1125 2425 1296 2460 nunquam
1318 2411 1543 2447 intermissam
1569 2410 1705 2445 divinae

233 2459 307 2504 opis
328 2459 596 2504 implorationem
628 2460 786 2495 instando
819 2461 862 2495 ad
885 2462 1086 2506 placandum
1109 2461 1165 2495 dei
1187 2470 1320 2495 numen.
1366 2457 1395 2492 si
1417 2457 1482 2491 hoc
1508 2456 1595 2491 enim
1619 2467 1705 2501 age-

232 2509 330 2539 retur
352 2505 442 2539 haud
463 2505 625 2550 segniter,
651 2517 825 2552 sperarem
847 2507 1003 2551 equidem
1026 2509 1100 2541 fore
1122 2511 1162 2541 ut
1184 2506 1288 2547 deus,
1314 2503 1367 2538 ira
1389 2503 1553 2547 remissa,
1585 2502 1705 2549 propi-

233 2551 302 2585 tius
324 2551 422 2586 nobis
444 2551 557 2585 fleret.
603 2551 656 2586 his
687 2563 751 2597 ego
776 2551 904 2586 auditis
926 2553 1050 2597 raptim
1079 2561 1260 2587 accurrens
1283 2550 1326 2584 ad
1350 2549 1612 2584 Heracleensem
1632 2559 1706 2582 me-

232 2597 428 2642 tropolitam
450 2608 521 2631 rem
545 2596 575 2631 ei
600 2598 852 2632 communicavi.
899 2608 967 2643 qua
998 2598 1055 2632 ille
1083 2597 1220 2642 cognita
1242 2597 1461 2630 vehementer
1482 2595 1596 2630 statim
1619 2593 1707 2628 ursit

232 2653 344 2677 meum
367 2643 411 2678 ad
434 2646 526 2678 tuam
549 2643 760 2677 maiestatem
783 2654 975 2685 accessum,
1001 2649 1039 2677 ut
1061 2643 1105 2677 ad
1128 2655 1201 2678 eam
1224 2642 1393 2676 deferrem
1414 2646 1576 2687 quantum
1600 2651 1622 2674 a
1642 2639 1706 2674 tali

233 2689 310 2722 viro
333 2688 459 2724 audivi.
506 2689 623 2724 adsum
658 2689 765 2734 igitur
797 2692 833 2723 et
860 2689 989 2723 defero.
1034 2689 1180 2734 imperet
1210 2688 1254 2722 de
1283 2693 1422 2723 caetero
1446 2699 1488 2722 ac
1515 2686 1622 2721 saciat
1643 2690 1704 2720 tua.

233 2734 394 2770 divinitus
417 2735 528 2769 electa
550 2735 735 2777 maiestas,
761 2739 864 2781 prout
885 2734 954 2780 ipsi
976 2734 1157 2770 videbitur.
1204 2745 1304 2768 unum
1327 2734 1510 2768 admoneo:
1542 2733 1573 2767 si
1595 2743 1704 2779 quan-

232 2785 305 2814 tum
328 2781 428 2815 huius
449 2781 562 2816 indicii
585 2786 787 2816 momentum
811 2786 876 2826 est,
890 2785 1021 2816 tantum
1045 2781 1078 2815 ei
1101 2792 1203 2816 curae
1226 2780 1378 2825 dignaris
1398 2779 1604 2825 impendere,
1622 2777 1704 2815 iube

233 2825 299 2860 iam
324 2838 366 2861 ex
390 2828 455 2863 hac
477 2827 553 2875 ipsa
576 2827 732 2875 protinus
755 2831 855 2863 nocte
877 2827 1160 2875 supplicationum
1187 2826 1318 2862 initium
1352 2825 1455 2870 duci,
1490 2829 1614 2873 prout,
1644 2822 1704 2870 qui
