1820 3112
191 153 285 200 158
608 155 845 201 GEORGII
878 157 1231 202 PACHYMERIS

187 269 320 319 αἲτίας
339 263 458 325 χάριν
480 270 872 325 παρακεκνισμὲνος,
907 272 1182 329 διενυκτέρευε
1205 289 1249 316 τε
1267 272 1371 327 μετὰ
1393 278 1468 318 τοῦ
1491 292 1655 331 πρωτο-

133 342 165 377 D
189 340 424 394 βεστιαρίου
442 338 483 379 ἒν
512 336 620 395 νόσῳ
642 341 888 399 πολυημέρῳ
919 342 1102 395 κειμένου
1116 356 1128 366 ·
1163 342 1222 385 τὼ
1242 343 1378 399 νεφρὼ
1397 344 1475 399 γὰρ
1494 349 1656 388 πολυω-

186 405 323 457 δύνοις
341 405 479 456 πόνοις
500 406 695 459 ἐβάλλετο
707 441 721 462 ,
757 412 824 453 καὶ
844 411 962 454 οὐδὲν
987 406 1038 465 ’ἦν
1059 411 1106 454 τὸ
1127 413 1184 461 εἷς
1201 414 1426 467 θεραπείαν
1449 411 1657 470 προσαγό-

184 493 307 529 μενον
341 474 440 530 ὅπερ
475 476 522 518 οὐ
556 480 830 533 προσεζημίου
861 480 932 522 τὸν
962 477 1189 535 πάσχοντα.
1260 482 1327 523 καὶ
1361 480 1428 524 διὰ
1451 486 1574 526 τοῦτο
1597 482 1656 538 μὴ

186 546 259 602 οἵῳ
294 544 335 587 τ’
367 544 454 588 ὄντι
491 545 604 604 αὐτῷ
638 551 696 605 τῷ
727 554 945 603 κρατοῦντι
974 549 1049 599 τὰς
1075 547 1308 604 προσόδους
1337 557 1486 603 ποιεῖν,
1521 549 1690 610 τούτῳῦ

187 614 370 669 προσιὼν
386 615 579 667 βασιλεὺς
599 614 799 672 ὁσημέραι
823 620 912 672 περὶ
935 623 1025 660 τῶν
1039 623 1183 661 κοινῶν
1213 617 1511 674 συνεφρόντιζε.
1565 618 1659 664 τότε

187 685 327 726 τοίνυν
343 684 479 740 ἐκείνῳ
499 684 634 728 συνὼν
657 687 876 729 διεπονεῖτο
899 687 972 742 τὴν
994 687 1202 744 τάδελφοῦ
1221 689 1287 728 καὶ
1310 685 1414 742 ὖπέρ
1433 688 1487 730 τὰ
1505 689 1660 743 ἐσκαμ-

189 752 292 808 μένα
321 750 543 807 ὗπέραλσιν
562 786 575 806 ,
623 756 691 796 καὶ
727 761 945 798 ταπεινοῦν
980 757 1192 813 συμφέρον
1236 755 1491 812 ἀμφοτέροις’
1517 755 1658 802 ἐδόκει.

140 828 173 863 Ε
196 822 244 864 τὸ
278 821 320 864 δ’
351 817 400 875 ἦν
430 821 531 871 τέως
564 822 941 879 ἁποπροσποιήσεσι
973 827 1038 866 καὶ
1069 825 1354 882 ἀποστροφαῖς
1372 828 1514 884 καὶτῷ
1530 828 1660 881 μηδὲν

193 895 276 934 τῶν
305 892 456 933 ἐκείνου
490 894 738 947 φροντίζειν,
772 893 986 951 κᾶν,παρῇ
1016 893 1092 936 κᾶν
1115 893 1199 951 ἀπῇ
1218 908 1227 917 ·
1266 893 1375 937 οὕτω
1395 894 1475 950 γὰρ
1495 893 1659 949 ὖπομα-
1671 901 1716 937 10

194 958 360 1003 λάσσειν
394 959 447 1002 τὰ
480 960 567 1014 ’ἤθη
601 963 667 1003 καὶ
700 962 804 1018 πρὸς
833 963 878 1005 τὸ
912 962 1207 1017 δουλικώτερον
1246 961 1474 1007 ὖποκλίνειν
1515 964 1662 1023 ᾤοντο.

193 1030 342 1078 ἐκεῖνος
361 1030 406 1070 δὲ
426 1029 558 1072 ταῦθ’
586 1028 692 1086 ὁρῶν
714 1032 916 1085 βασιλέως
937 1030 1214 1088 πράττοντος,
1247 1040 1414 1087 συχναῖς
1443 1050 1487 1076 τε
1506 1031 1663 1085 προσό-

194 1100 282 1148 δοις
314 1102 472 1151 μᾶλλον
491 1098 594 1153 πρὸς
626 1101 799 1151 βασιλέα
826 1099 852 1155 ἢ
876 1099 1073 1155 πρότερον
1095 1099 1339 1155 θεραπεύειν
1366 1109 1661 1156 προσεποιεῖτο,

193 1169 261 1210 καὶ
279 1171 330 1223 τῇ
355 1165 562 1209 παιδεύσει
579 1172 960 1212 καθυποκλίνεσθαι
980 1172 1112 1213 δοκεῖν
1133 1170 1292 1224 ἤθελεν.
1356 1169 1456 1213 ὅθεν
1475 1173 1544 1214 καὶ
1559 1171 1664 1227 πρὸς

50 1242 80 1277 Ρ
105 1241 170 1277 106
193 1236 264 1279 τὸν
282 1234 656 1293 πρωτοβεστιάριον
685 1238 855 1292 πέμπων
889 1238 1005 1294 ἠξίου
1037 1241 1104 1280 καὶ
1127 1239 1254 1282 αὐτὸν
1272 1243 1564 1295 προσλιπαρεῖν
1577 1246 1658 1294 βοι-
1672 1244 1716 1282 15

193 1305 308 1348 caua
340 1304 398 1359 μὴ
417 1309 571 1359 χολᾶν,
610 1305 685 1348 κᾶν
712 1324 751 1349 τι
772 1309 839 1350 καὶ
860 1308 903 1349 ἐκ
920 1313 1186 1363 συναρπαγῆς
1208 1306 1398 1364 ἐπράχθη
1419 1307 1662 1364 νικήσαντος

191 1378 269 1417 τοῦ
302 1378 473 1428 θυμοῦ,
512 1380 749 1429 συμπαθεῖν
784 1393 827 1419 τε
854 1378 919 1418 καὶ
949 1376 1005 1431 μὴ
1031 1376 1278 1431 ὀργίζεσθαι.
1348 1378 1391 1420 ἐν
1409 1376 1572 1427 τούτοις
1588 1374 1663 1421 οὖν

191 1447 266 1486 τοῦ
287 1447 430 1498 καιροῦ
453 1444 710 1498 τριβομένου,
747 1447 814 1487 καὶ
837 1450 912 1488 τοῦ
933 1444 1305 1500 πατριαρχεύοντος
1319 1446 1500 1501 μοναχός
1519 1445 1664 1501 Σάβας

192 1513 276 1555 ἐκεῖ
293 1516 453 1567 παρῆν,
492 1515 559 1555 καὶ
589 1513 641 1556 τὰ
664 1511 828 1570 συνήθη
856 1518 930 1569 τῆς
951 1514 1214 1565 ἀτασθαλίας
1237 1514 1335 1571 ἔργα
1360 1514 1664 1572 διαπραττόμε-

197 1665 348 1711 agitatus
379 1666 567 1711 imperator
598 1677 662 1712 per
693 1669 808 1701 noctes
841 1666 1015 1701 assidebat
1045 1667 1307 1713 protovestiario
1339 1669 1440 1710 longo
1470 1671 1542 1702 tum
1572 1669 1664 1704 forte

197 1724 316 1746 renum
340 1713 456 1747 dolore
478 1712 713 1754 decumbenti3
747 1725 814 1758 quo
836 1714 953 1746 morbo
976 1725 1058 1747 sane
1082 1714 1213 1748 difficili
1242 1718 1278 1748 et
1299 1715 1460 1748 remediis
1483 1715 1556 1749 viso
1578 1715 1664 1760 ipsis

198 1770 400 1802 aegrescere
423 1770 499 1792 cum
520 1759 577 1791 ille
602 1758 840 1803 prohiberetur
863 1761 1050 1802 Augustum
1076 1760 1172 1795 adire
1195 1761 1343 1795 consiliis
1365 1761 1440 1796 eius
1461 1761 1663 1796 tribuentem

197 1805 397 1850 plurimum,
420 1805 494 1849 ipse
516 1807 607 1838 ultro
631 1805 674 1838 ad
697 1817 772 1839 eum
796 1806 946 1850 quotidie
968 1807 1161 1841 ventitabat
1181 1807 1386 1852 imperator,
1418 1818 1494 1841 cum
1517 1808 1584 1841 alia
1605 1818 1664 1841 re-

198 1852 325 1892 ferens,
348 1863 490 1896 quorum
514 1850 684 1895 expeditio
707 1853 873 1895 urgebat,
904 1852 1042 1896 negotia
1065 1853 1222 1897 publica,
1253 1860 1324 1888 tum
1346 1865 1436 1899 quae
1457 1853 1600 1888 maxime
1621 1853 1666 1888 il·-

198 1897 269 1930 lum
291 1897 460 1931 solicitum
483 1897 643 1938 habebat,
668 1898 769 1932 istam
792 1897 991 1932 efferentem
1011 1910 1088 1932 sese
1111 1899 1352 1934 immodestiam
1373 1901 1524 1943 germani
1547 1904 1584 1934 et
1605 1910 1666 1934 su·-

198 1954 264 1987 pra
287 1944 453 1978 cancellos
475 1943 668 1978 exilientem
696 1945 832 1978 fastum.
881 1944 924 1977 de
945 1945 1008 1978 hoc
1035 1945 1263 1980 deliberantes
1286 1947 1387 1981 facile
1406 1946 1440 1980 in
1463 1958 1563 1981 unam
1586 1956 1666 1980 sen-

199 1989 339 2023 tentiam
363 1990 460 2023 ambo
485 1994 736 2032 convenerant,
769 1989 979 2035 deprimendi
1010 1991 1151 2026 hominis
1182 1999 1221 2026 et
1239 1991 1311 2026 eius
1333 1998 1500 2027 tumorem
1521 1997 1667 2027 contun-

202 2035 305 2068 dendi
328 2035 483 2080 repulsis,
500 2035 737 2070 reiectionibus
758 2048 779 2070 a
802 2047 986 2080 congressu
1007 2042 1044 2070 et
1066 2038 1242 2072 aversione
1263 2041 1375 2073 vultus
1396 2039 1431 2072 in
1454 2039 1666 2081 occursibus,

202 2081 359 2124 neglectu
378 2093 460 2125 prae
471 2094 509 2116 se
525 2083 666 2116 ferendo
683 2083 757 2116 eius
775 2087 810 2116 et
826 2083 869 2116 ad
886 2094 961 2116 eum
975 2083 1201 2126 attinentium,
1212 2097 1276 2118 nec
1291 2089 1502 2129 praesentem
1517 2085 1667 2119 curando

203 2137 268 2159 nec
283 2127 485 2171 requirendo
501 2129 686 2170 absentem,
698 2141 739 2163 ac
747 2129 823 2174 pari
839 2134 1033 2174 contemptu
1041 2129 1115 2163 sive
1127 2131 1264 2165 adesset
1273 2132 1345 2165 sive
1360 2133 1498 2165 abesset
1510 2134 1669 2166 eunom

203 2171 278 2206 eius
296 2172 499 2207 mentionem
521 2175 793 2209 transmittendo.
839 2175 891 2208 his
912 2186 979 2209 uno
1003 2181 1123 2210 tenore
1151 2177 1346 2222 aliquandiu
1368 2177 1570 2211 continuatis
1591 2175 1668 2231 opi-
1700 2192 1703 2194 ·

203 2218 373 2252 nabantur
395 2230 496 2264 posse
518 2220 664 2264 mitigari
687 2221 848 2255 ferociam
875 2221 1010 2256 iuvenis
1032 2227 1069 2256 et
1092 2223 1135 2256 ad
1159 2224 1357 2268 patientiam
1378 2222 1593 2257 subiectionis
1613 2233 1670 2255 m-

203 2263 311 2297 fiecti.
358 2264 408 2298 sic
431 2269 585 2309 agentem
607 2278 722 2301 secum
743 2268 983 2312 imperatorem
1005 2269 1151 2313 quodam
1180 2275 1333 2314 tempore
1354 2267 1669 2312 Porphyrogenitnt

204 2312 387 2354 expertus,
419 2311 550 2344 studuit
573 2315 645 2346 eius
668 2316 752 2346 iram
775 2315 912 2358 placare
935 2314 1064 2348 crebris
1087 2320 1124 2348 et
1145 2314 1376 2349 humilioribus
1398 2313 1498 2348 solito
1521 2313 1566 2347 ad
1588 2325 1669 2348 enm

203 2356 410 2398 accessibus,
428 2356 635 2402 egregiaque
652 2359 866 2394 simulatione
882 2360 1046 2404 obsequii,
1059 2373 1147 2405 quae
1162 2361 1337 2405 poenitere
1349 2361 1461 2405 ipsum
1472 2359 1670 2394 declararet

205 2401 327 2446 eulpae
348 2403 391 2436 ob
401 2413 498 2447 quam
519 2404 632 2447 gratia
650 2405 834 2449 exciderat,
851 2410 886 2439 et
903 2406 1112 2449 profundiori
1129 2406 1328 2440 demissione
1339 2406 1518 2440 emendare
1528 2405 1615 2439 velle
1631 2405 1670 2440 ixl

204 2448 296 2493 quod
319 2447 386 2482 isto
409 2460 493 2492 erga
516 2460 554 2482 se
575 2449 705 2492 frigore
728 2452 911 2494 castigaret
939 2452 1135 2496 imperator.
1185 2464 1226 2485 ac
1251 2464 1318 2496 qno
1349 2452 1394 2486 ad
1422 2462 1560 2496 scopum
1581 2463 1670 2486 eun·-

205 2495 282 2527 dem
314 2493 547 2539 impetrandae
577 2507 598 2529 a
626 2497 736 2530 fratre
770 2499 922 2541 Angusto
955 2497 1076 2531 veniae
1107 2498 1233 2531 certius
1262 2497 1478 2542 perveniret,
1507 2496 1599 2531 misit
1620 2497 1668 2531 ad.

204 2541 500 2585 protovestiarium
522 2541 580 2585 qui
603 2553 677 2575 eum
704 2554 725 2576 a
757 2554 795 2576 se
825 2547 986 2586 rogarent
1015 2555 1058 2576 ne
1081 2549 1284 2586 gravaretur
1304 2544 1545 2588 imperatorem
1567 2554 1673 2577 orare

206 2590 248 2620 ut
278 2586 331 2620 ira
353 2587 494 2621 remissa
525 2587 588 2620 sibi
619 2587 829 2632 ignosceret,
864 2589 893 2622 si
916 2589 998 2633 quid
1020 2590 1131 2622 subito
1155 2590 1317 2633 abreptus
1340 2588 1583 2633 indignationis
1603 2589 1668 2623 in-

205 2636 290 2677 petu
312 2633 449 2667 fecisset
470 2633 669 2674 inconsulte,
692 2634 871 2668 miseratus
894 2635 1070 2668 humanum
1090 2635 1336 2679 imprudentiae
1357 2636 1511 2680 lapsum⁷
1531 2646 1595 2669 nec
1613 2635 1672 2669 in·-

207 2678 424 2713 exorabiliter
444 2679 482 2713 in
502 2679 731 2724 poenitentem
754 2681 860 2714 errati
880 2680 1015 2714 saevire
1030 2691 1187 2725 pergens.
1232 2682 1311 2715 dum
1328 2682 1378 2715 his
1395 2681 1564 2726 utrimque
1583 2681 1673 2715 acti-

205 2724 327 2758 tandis·
343 2729 476 2770 tempus
497 2726 632 2767 teritur,
656 2727 860 2760 versabatur
883 2726 1076 2770 Nymphaei
1098 2727 1316 2771 patriarchae
1337 2728 1520 2762 monachus
1542 2727 1674 2770 Sabas,

207 2775 244 2804 et
267 2771 438 2806 consuetis
459 2773 649 2818 obsequens
670 2772 880 2819 intemperiis
902 2773 991 2807 haud
1015 2773 1174 2807 cessabat
1202 2775 1308 2808 multa
1330 2773 1442 2808 multis
1463 2773 1584 2818 gravia
1604 2772 1673 2807 in·-

206 2821 351 2861 portuno
373 2829 416 2852 ac
437 2829 618 2864 perperam
639 2829 765 2864 agere,
797 2818 1002 2855 connivente
1022 2819 1068 2854 ad
1089 2819 1229 2866 quidvis
1250 2822 1404 2865 Augusto
1416 2845 1427 2864 ‚
1458 2819 1551 2866 quod
1580 2820 1676 2854 fonte
