1858 3126
323 143 399 185 DE
432 139 762 184 ANDRONICO
798 138 1169 183 PALAEOLOGO
1206 140 1251 182 L.
1272 138 1349 182 lv.
1488 141 1582 186 321

123 259 280 314 ὅρασιν.
351 253 446 298 ἀλλ’
482 252 735 307 ἑκατέρωθεν
775 253 843 295 καὶ
870 252 910 294 οἱ
937 251 1045 309 ἀμφὶ
1072 252 1144 295 τόν
1169 253 1296 308 με’γαν
1327 252 1581 307 δομὲστικον,

122 323 313 374 θέλοντές
341 341 379 366 τι
408 325 559 378 πρᾶξαι
593 323 666 364 καί
687 320 732 377 γ’
763 320 930 374 ἀτιμίαν
950 323 1018 363 καὶ
1042 320 1159 363 αὐτοὶ
1184 322 1367 377 ἐκφυγεῖν
1386 321 1460 377 τὴν
1484 320 1584 381 δόξῃ

122 394 270 443 δειλίας
291 391 575 447 ἔπιτρίβεσθαι
593 390 709 446 σφίσι
726 388 956 443 μέλλουσαν
970 421 985 441 ,
1022 387 1245 441 ὡπλίζοντό
1263 407 1305 432 τε
1326 391 1392 432 καὶ
1412 395 1495 434 τῶν
1511 393 1583 434 ἵπ-

121 479 211 506 πων
227 459 452 513 ἐπέβαινον.
514 459 736 515 φιλονεικία
754 459 820 500 καὶ
837 455 950 512 μάχη
968 473 1030 506 τις
1048 458 1243 513 φυλετικὴ
1262 456 1558 515 συνερρήγνυτο
1571 475 1583 486 ·

87 532 158 575 5εἵ
178 529 259 586 γὰρ
286 529 354 570 καὶ
381 526 482 583 γε’νει
514 526 699 583 διέφερον
728 525 782 569 τὰ
810 523 1124 580 στρατεύματα,
1163 525 1259 568 ἀλλ’
1285 522 1358 569 οὖν
1385 526 1465 570 ὑπὸ
1482 531 1582 582 μιάν

120 597 250 653 ἆρχὴν
277 595 353 652 τὴν
382 595 599 651 βασιλικὴν
623 594 799 651 ἤγοντο,
836 596 904 637 καὶ
934 590 984 649 ἦν
1017 592 1215 650 ἐμφύλιος
1235 592 1256 637 ὅ
1279 592 1455 649 πόλεμος
1486 595 1583 640 ὅσον

119 663 298 718 εἷκάζειν.
368 662 469 707 ὅθεν
499 665 565 706 καὶ
591 662 907 719 ἀκροβολισμοῖς
929 660 1116 716 ἀλλήλων
1134 663 1375 719 ἐπειρῶντο,
1414 666 1481 706 καὶ
1504 682 1582 708 σα-
1609 676 1640 712 1)

119 735 276 791 ρίτταις
313 732 489 786 ἔβαλλον
518 729 779 782 ὄϊστεύοντες.
850 730 872 775 ὅ
902 733 1038 774 τοίνυν
1064 731 1192 787 με’γας
1220 731 1457 785 δομέστικος
1490 732 1582 784 ἴσας

117 801 268 860 ὕσμίνῃ
298 800 605 855 καθισταμένας
634 800 710 850 τὰς
734 798 899 856 πράξεις
928 804 1164 853 κατανοῶν,
1197 798 1474 856 ὖβριοπαθῶν
1494 800 1581 845 οἷον

65 883 109 916 10
120 874 154 915 εἲ
173 871 301 915 αὐτοῦ
319 866 520 926 παρόντος
536 870 579 911 ἔκ
599 868 822 922 βασιλέως,
862 868 980 919 ὄντος
997 866 1186 912 τοιούτου
1197 901 1212 921 ,
1248 869 1374 912 αὐτὸν
1392 875 1581 925 πολεμεῖν

117 944 335 997 πειρῶνται
364 939 432 980 καὶ
463 937 692 980 ἀντιτείνειν
713 941 895 991 τολμῶσι
917 937 1019 994 πρὸς
1040 937 1257 993 βασιλικὴν
1278 938 1479 992 κε’λευσιν,
1510 940 1582 983 τὸν

117 1007 260 1052 κοντὸν
288 1005 367 1049 ἆνὰ
396 1013 535 1061 χεῖρας
566 1006 669 1060 ἔχων
689 1004 843 1062 θυρεόν
866 1023 908 1049 τε
927 1006 1062 1063 φέρων
1082 1011 1225 1063 φορῶν
1243 1023 1286 1048 τε
1306 1004 1484 1064 θώρακα
1505 1009 1580 1062 ἔμ-

115 1077 250 1120 πίπτει
269 1081 358 1126 τοῖς
374 1073 557 1124 Ἀλανοῖς
580 1073 635 1124 ὥς
655 1075 808 1132 ἓφέξων
824 1071 952 1129 μόνον
971 1076 1124 1132 φανείς.
1170 1074 1352 1125 κάκεῖνος
1371 1077 1446 1130 μὲν
1468 1075 1599 1121 οὗτω“

114 1145 191 1201 τὴν
210 1147 285 1200 τῆς
304 1141 440 1198 μάχης
457 1140 695 1202 ὃιῳκονόμει
713 1141 971 1199 καταστολήν
983 1177 996 1196 ,
1034 1142 1090 1194 εἷς
1112 1143 1156 1186 δ’
1182 1145 1341 1186 ἐκείνων
1361 1143 1403 1187 ἓν
1424 1144 1576 1202 ἀφανεῖ
1596 1154 1628 1189 Ε

63 1223 104 1257 15
115 1219 296 1269 μιμεῖται
314 1210 542 1268 Πάνδαρον
565 1213 632 1255 καὶ
658 1211 782 1271 ὀϊστῷ
808 1210 974 1266 βάλλει,
1006 1214 1073 1255 καὶ
1094 1214 1254 1267 καιρίαν
1283 1211 1332 1255 οὔ
1355 1213 1452 1255 κατ’
1478 1215 1580 1258 ἐκεῖ·

114 1300 187 1326 νον
208 1281 283 1336 τὴν
302 1280 460 1336 πληγὴν
481 1282 637 1324 δίδωσι.
707 1279 857 1324 τούτου
879 1282 924 1324 δὲ
941 1278 1150 1336 γεγονότος
1172 1279 1218 1323 τό
1236 1297 1280 1323 τε
1298 1285 1463 1337 πλῆθος
1486 1282 1577 1326 ἆνε-

115 1348 247 1405 ordin
273 1351 339 1392 καὶ
368 1349 665 1406 ἀμφοτέρωθεν
691 1357 778 1399 τοῖς
802 1350 877 1403 μὲν
895 1347 1020 1404 ὀδύνη
1039 1356 1125 1398 τοῖς
1144 1350 1189 1391 δὲ
1206 1349 1297 1400 δέος
1317 1351 1573 1406 περιίστατο·

114 1420 182 1462 καὶ
207 1424 294 1469 τοῖς
322 1418 398 1473 μὲν
423 1417 612 1473 μετέμελε
640 1422 714 1472 τῆς
743 1419 808 1461 ἐπὶ
836 1418 1042 1476 θατέρους
1067 1416 1198 1476 ὁρμῆς
1207 1451 1222 1473 ,
1251 1418 1290 1461 οἱ
1314 1419 1358 1462 δὲ
1381 1419 1577 1471 ξυνιέντες

114 1561 195 1606 pars
216 1550 252 1585 in
274 1549 376 1585 armis
398 1545 442 1584 se'
457 1549 672 1592 ostentabat,
705 1562 769 1586 nou
801 1551 912 1586 animo
942 1550 1058 1598 (quod
1092 1550 1227 1598 quidem
1250 1561 1334 1597 prae
1356 1561 1395 1586 se
1415 1552 1573 1596 ferrent)

113 1609 149 1632 m
179 1601 331 1642 apertum
362 1600 532 1630 certamen
560 1597 739 1641 veniendi,
777 1598 838 1632 sed
872 1603 910 1632 ut
944 1599 1087 1632 obtentu
1116 1598 1172 1632 illo
1196 1609 1237 1631 ac
1259 1598 1374 1643 specie
1396 1597 1433 1631 in
1455 1599 1575 1634 ordine

114 1643 276 1678 stantium
309 1647 467 1687 tegerent
494 1642 707 1687 ignominiam
736 1655 860 1678 arcano
892 1650 1131 1690 praesumptae
1163 1643 1316 1678 furtivae
1346 1643 1574 1680 discessionis.

114 1700 233 1723 verum
255 1688 390 1723 aliunde
411 1687 662 1732 indignantibus
683 1689 727 1722 iis
750 1689 806 1735 qui
830 1701 903 1724 cnm
927 1701 1047 1734 magno
1067 1690 1253 1723 domestico
1276 1695 1396 1731 erant,
1418 1694 1454 1723 et
1474 1690 1571 1734 igna-

114 1734 191 1769 viae
211 1733 426 1780 turpissimae
450 1734 598 1780 ipsorum
620 1734 819 1780 imputatum
842 1735 886 1769 iri
909 1736 1166 1781 reputantibus,
1187 1736 1219 1769 si
1242 1735 1341 1770 otiosi
1363 1739 1469 1769 testes
1491 1747 1572 1780 per·

114 1779 216 1814 fidiae
236 1781 458 1814 barbarorum
481 1780 672 1814 assiderent
694 1785 729 1814 et
750 1781 845 1815 illudi
868 1781 935 1815 sibi
958 1793 1071 1815 coram
1094 1786 1209 1815 tantus
1232 1781 1403 1815 exercitus
1426 1792 1448 1814 a
1470 1792 1571 1815 manu

113 1825 333 1870 fugitivorum
355 1831 547 1871 pateretur,
568 1826 738 1860 infamiam
752 1826 913 1871 inertiae,
937 1828 1068 1872 agendo
1092 1832 1230 1861 strenue
1252 1826 1342 1871 quod
1365 1836 1421 1859 res
1444 1837 1571 1870 posce-

114 1876 189 1914 ret,
213 1876 435 1916 praevertere
463 1876 667 1906 statuerunt.
714 1874 814 1907 armis
843 1873 950 1918 igitur
978 1873 1158 1917 assumptis
1190 1873 1355 1917 equisque
1378 1871 1572 1905 conscensis

115 1916 322 1950 committere
352 1916 454 1950 civile
484 1917 648 1962 praelium
671 1930 815 1963 coepere
846 1919 971 1963 (civile
993 1919 1029 1952 id
1051 1919 1176 1952 bellum
1198 1918 1358 1958 dixerim,
1390 1917 1479 1961 quod
1504 1917 1572 1951 etsi

115 1961 284 1995 Romanos
304 1961 395 1995 inter
417 1968 454 1996 et
474 1963 661 2007 barbaros,
682 1969 796 1998 tamen
819 1964 911 1998 inter
933 1976 991 1998 eos
1014 1964 1073 2010 qui
1096 1964 1266 2008 utrimque
1288 1963 1439 1996 Romano
1462 1962 1572 2008 impe-

115 2005 222 2040 ratori
242 2012 454 2041 sacramento
475 2007 640 2041 dixissent
661 2010 869 2054 gerebatur)
903 2010 964 2044 sed
996 2019 1207 2054 quocumque
1237 2007 1415 2041 dicendum
1437 2007 1486 2042 sit
1508 2020 1571 2042 no-

113 2051 220 2094 mine,
249 2054 419 2085 certamen
440 2056 521 2086 tuuc
541 2058 635 2087 certe
656 2059 863 2088 contractum
887 2060 960 2099 est,
992 2053 1244 2088 velitationibus
1276 2053 1384 2098 primo
1414 2054 1568 2097 libatum,

112 2101 149 2132 et
170 2096 370 2131 sarissarum
399 2097 526 2130 eminus
548 2099 718 2132 contrario
750 2100 827 2134 hinc
848 2100 927 2134 inde
948 2102 1051 2134 iactu.
1095 2100 1181 2133 haec
1203 2098 1320 2132 videns
1343 2110 1482 2144 magnus
1504 2100 1568 2134 do-

110 2143 291 2184 mesticus,
326 2147 363 2176 et
392 2142 630 2177 tractationem
663 2155 736 2179 cum
769 2146 933 2180 hactenus
955 2144 1100 2178 subditis
1122 2144 1339 2189 tranquillam
1361 2146 1567 2190 processisse

109 2188 301 2233 intelligens
323 2199 432 2233 usqne
452 2188 489 2222 in
512 2189 755 2224 contentionem
776 2189 919 2224 invicem
941 2190 1110 2231 infestam,
1131 2189 1215 2223 nihil
1236 2189 1301 2224 iam
1324 2191 1431 2224 minus
1446 2203 1468 2226 a
1483 2203 1565 2226 vero

110 2233 226 2269 hostili
246 2234 386 2268 discidio
407 2235 597 2275 habentem,
620 2236 851 2270 contumeliam
876 2236 1118 2282 interpretatus
1141 2235 1310 2281 propriam
1334 2237 1422 2281 quod
1445 2247 1483 2271 se
1506 2249 1567 2272 co-

110 2291 202 2323 ram,
223 2280 318 2314 vices
338 2279 407 2314 illic
429 2280 643 2326 imperatoris
665 2287 824 2327 gerente,
846 2286 943 2316 tauta
966 2281 1065 2315 etiam
1090 2281 1222 2315 aliunde
1244 2282 1408 2326 dignitate
1430 2283 1567 2327 conspi-

113 2337 200 2368 cuo,
230 2325 305 2360 ausi
337 2325 436 2360 Alani
467 2331 583 2360 esseut
615 2338 682 2361 non
713 2327 810 2362 modo
837 2327 1029 2362 detrectare
1051 2326 1223 2372 imperium
1245 2327 1411 2373 Augusti,
1445 2329 1505 2363 sed
1528 2333 1565 2363 et

112 2371 319 2417 repugnandi
349 2376 506 2407 conatum
536 2372 787 2418 expedivissent
808 2373 887 2407 telis
909 2373 1019 2419 palam
1042 2372 1288 2418 intorquendis,
1317 2374 1492 2418 galeatus,
1524 2382 1565 2409 ut

113 2422 208 2461 erat,
236 2417 466 2464 loricatusque
487 2429 529 2452 ac
550 2424 683 2453 contum
708 2431 808 2454 mauu
838 2424 957 2453 tenens
979 2418 1107 2453 obiecit
1128 2429 1167 2452 se
1189 2419 1325 2462 Alanis,
1357 2419 1457 2465 quasi
1479 2431 1562 2454 cou-

112 2470 233 2507 spectu
261 2475 321 2498 eos
351 2475 392 2497 ac
423 2468 509 2498 nutu
543 2464 615 2498 solo
645 2465 864 2501 cohibiturus.
909 2470 945 2499 et
966 2464 1024 2498 ille
1046 2464 1182 2509 quidem
1204 2464 1255 2499 sic
1276 2477 1315 2500 se
1337 2477 1483 2511 pugnam
1507 2466 1562 2499 di—

111 2515 316 2554 rempturum
345 2509 453 2543 animo
476 2521 518 2544 ac
540 2521 602 2556 spe
623 2522 841 2556 praesumens
868 2511 1089 2553 autumabat,
1120 2521 1206 2544 unus
1237 2514 1348 2546 autem
1379 2512 1562 2545 Alanorum

112 2552 149 2586 in
167 2554 300 2588 occulto
323 2554 473 2589 imitatur
492 2556 703 2599 Pandarum,
733 2557 957 2602 sagittamque
978 2556 1015 2590 in
1037 2566 1112 2590 eum
1134 2556 1236 2599 iacit,
1270 2557 1332 2591 sed
1361 2557 1427 2591 alio
1461 2568 1562 2602 quam

113 2597 170 2632 ille
199 2610 378 2634 successu:
413 2612 478 2635 non
501 2601 587 2636 enim
610 2614 767 2637 summam
792 2604 986 2643 dumtaxat,
1018 2606 1056 2635 ut
1087 2601 1261 2636 Pandarus
1282 2602 1449 2644 Menelai,
1482 2613 1561 2647 per-

113 2643 251 2679 strinxit
270 2647 338 2680 telo
361 2649 483 2691 cutem,
506 2647 567 2681 sed
589 2649 694 2682 altam
715 2653 752 2684 et
773 2649 906 2682 letalem
930 2646 1063 2693 penitus
1086 2646 1122 2680 in
1144 2647 1263 2681 Rafilis
1283 2647 1403 2682 vitalia
1426 2647 1560 2692 plagam

114 2689 262 2732 pertulit.
285 2702 351 2735 quo
371 2693 465 2726 facto
486 2694 641 2738 perculsa
663 2694 831 2740 utrimque
854 2704 1078 2738 repressaque
1100 2691 1276 2727 multitudo
1299 2697 1364 2736 est,
1387 2693 1462 2726 binc
1486 2692 1561 2737 qui-

112 2734 186 2767 dem
221 2734 375 2771 Romanis
407 2738 545 2780 dolore,
574 2739 653 2773 inde
676 2744 787 2774 autem
811 2740 927 2774 Alanis
950 2743 1040 2772 metu
1065 2738 1301 2773 consternatis.
1349 2743 1452 2783 atque
1483 2737 1561 2772 illos

111 2778 246 2823 quidem
274 2782 439 2825 poenituit
469 2783 684 2820 lacessivisse
705 2786 893 2821 barbaros:
917 2783 965 2818 illi
988 2789 1100 2819 antem
1121 2788 1318 2832 reputantes
1342 2789 1500 2830 quantam
1523 2783 1560 2818 iu

163 2831 335 2876 Georgius
364 2835 586 2880 Pachymeres
615 2837 664 2871 11.
1228 2835 1279 2874 21
