1858 3126
353 133 428 178 DE
459 123 786 174 ANDRONICO
816 114 1193 163 PALAEOLOGO
1224 114 1271 157 L.
1302 111 1377 155 lv.
1513 106 1611 154 319

145 252 299 311 ῥεῦμα,
333 245 355 290 ὃ
377 243 471 289 οὔτε
496 242 568 286 τὸν
587 239 692 283 ἴδιον
723 235 823 291 ἔχειν
845 230 974 277 τόπον
996 229 1112 288 παρὰ
1133 233 1216 272 τῶν
1234 223 1428 270 ἐπιόντων
1450 239 1612 280 συγχω-

147 326 294 378 ρεῖται,
329 316 397 358 καὶ
417 312 439 356 ὃ
458 312 559 360 τέως
578 308 809 363 κατείληφε,
845 301 1000 356 ταχέως
1020 299 1189 358 ἀφίησιν
1210 291 1510 349 ἐξωθούμενον,
1546 293 1614 335 καὶ

147 387 262 437 τέλος
294 383 503 427 ἄστατοῦν
535 379 603 422 καὶ
631 376 841 428 πανταχοῦ
877 370 1043 428 φέρεται
1074 369 1142 410 καὶ
1177 365 1364 420 οὐδαμοῦ
1401 362 1613 417 μεμένηκε,
1639 380 1643 386 f

148 460 274 499 πᾶσιν
295 449 516 504 ἐπιβάλλον
538 448 604 490 καὶ
627 443 725 488 ‹zi-«5⁶¹
738 458 819 486 τισι
835 435 1168 495 περικλειόμενον.
1223 431 1383 489 κτήσεις
1404 431 1447 475 δ’
1472 431 1615 474 ἐκεῖναι

117 526 218 569 5καὶ
237 522 360 566 οἰκίαι
372 553 384 572 ,
410 518 507 575 ἔργα
528 513 763 559 σπουδαίων
783 510 971 567 ἀνδρῶν,
1007 508 1064 555 εἷς
1083 505 1203 549 οὐδέν
1224 503 1448 558 ἐλογίζοντο
1459 534 1472 553 ,
1513 498 1614 543 ὅπου
1639 504 1669 539 Β
1698 512 1700 517 ’

149 610 192 649 γε
221 592 289 634 καὶ
321 588 458 632 αὐτῶν
486 589 569 628 τῶν
595 581 830 643 ἐπιτηδείων
862 579 931 621 καὶ
963 574 1069 619 κατὰ
1093 575 1234 631 χρείαν
1267 574 1371 627 ζωῆς
1395 570 1619 626 ἀναγκαίας

151 662 220 704 καὶ
246 655 404 703 τούτων
438 654 828 708 κατολιγωροῦντες,
874 646 1025 702 ἄποροι
1057 645 1124 686 καὶ
1153 643 1298 698 γυμνοὶ
1330 641 1396 682 καὶ
1426 638 1616 691 ἀνέστιοι,

48 735 100 773 G-
153 729 234 786 ὅπῃ
258 724 417 782 ἑκάστῳ
445 724 500 772 εἷς
524 721 730 776 σωτηρίαν
751 717 886 768 ἔδοξεν
908 712 1112 771 ἀσφαλές,
1151 711 1234 772 ὅλῳ
1255 711 1350 754 ποδὶ
1369 706 1615 765 ἀνεχώρουν,

150 795 292 853 μόνοις
307 794 483 850 ἄστρασι
500 790 552 833 τὰ
570 788 727 832 ἑαυτῶν
746 781 1066 840 ἓκμετρούμενοι.

101 881 144 915 10
292 863 371 908 22.
441 856 548 903 Τότε
577 859 643 902 καὶ
660 856 843 905 Ἀλανοῖς
870 852 1086 910 ἀφεμένοις
1103 853 1178 905 τῆς
1196 848 1284 904 περὶ
1304 846 1379 903 τὴν
1400 845 1617 903 στρατείαν
1642 846 1671 880 C

152 932 405 990 ὑπηρεσίας,
435 932 510 972 τοῦ
541 924 798 983 συγκειμένου
828 921 1124 970 διανυσθέντος
1150 921 1318 973 καιροῦ,
1358 917 1621 971 διαπεραιοῦ-

154 1007 260 1046 σθαι
278 999 351 1043 τὸν
371 997 477 1041 κατὰ
493 997 567 1051 τὴν
586 995 772 1040 Καλλίου
794 991 989 1049 πορθμὸν
1010 990 1123 1040 ἔδοξε
1133 1021 1147 1041 ,
1183 988 1314 1030 καίτοι
1333 985 1535 1039 βασιλέως
1552 984 1619 1026 ἓν-

153 1075 300 1114 τεῦθεν
324 1067 430 1111 κατὰ
458 1065 613 1120 πολλὴν
641 1062 826 1117 σπουδὴν
861 1062 929 1104 καὶ
969 1059 1202 1114 πέμποντος
1232 1055 1284 1099 τὰ
1311 1053 1621 1112 ᾳιλοτιμήματα

155 1141 223 1183 καὶ
252 1134 499 1194 πειρωμένου
539 1132 729 1189 ἐμποδὼν
754 1137 845 1181 ταῖς
870 1126 1205 1183 διαπεραιώσεσιν
1238 1126 1468 1177 ἵστασθαι,
1515 1123 1621 1168 ὥστε

104 1218 146 1254 15
159 1208 226 1252 καὶ
263 1205 401 1249 ἱκανὸν
437 1202 537 1247 λαὸν
577 1202 933 1259 προσαποστείλας
975 1197 1064 1253 ἅμα
1099 1200 1158 1255 τῷ
1190 1192 1355 1252 μεγάλῳ
1393 1196 1620 1251 δομεστίκῳ

151 1275 302 1320 Ῥαοὺλ
323 1273 509 1331 Ἀλεξίῳ,
551 1269 597 1315 ὃν
624 1273 666 1313 ἓν
697 1269 808 1327 α’κμῇ
834 1267 995 1324 ἡλικίας
1028 1266 1129 1310 ὄντα
1161 1263 1182 1308 ὃ
1217 1259 1418 1319 δεσπότης
1443 1263 1620 1319 Μιχαὴλ

158 1343 345 1401 γαμβρὸν
380 1339 572 1397 ἠγάγετο,
617 1343 693 1393 τῆς
729 1339 943 1392 δεσποίνης
972 1333 1195 1390 Θεοδώρας
1227 1332 1405 1387 ζηλωτὸν
1439 1331 1619 1382 ἐκτόπως
1641 1339 1674 1373 D

159 1409 356 1467 ποιούσης
373 1409 419 1453 τὸ
442 1410 588 1463 κῆδος,
622 1411 771 1450 τοῦτον
791 1407 1079 1457 ἐξαποστείλας
1102 1403 1123 1448 ὅ
1140 1403 1336 1459 βασιλεὺς
1355 1403 1431 1446 σὺν
1452 1399 1623 1456 δυνάμει

159 1482 328 1539 πλείστῃ
354 1482 517 1536 πρῶτον
546 1477 621 1532 μέν
647 1473 815 1520 κωλύειν
850 1474 1099 1532 προσέταττε
1128 1473 1204 1530 τὴν
1237 1474 1551 1529 διαπεραίωσιν,
1589 1471 1624 1513 εἶ

158 1588 341 1626 labentium
363 1586 472 1621 fluxui
497 1585 662 1623 amnium:
693 1597 833 1633 quorum
857 1586 968 1620 undae
989 1585 1145 1632 priores,
1169 1595 1267 1630 quem
1290 1583 1478 1628 attigerunt
1500 1583 1625 1626 locum,

157 1640 277 1671 tenere
297 1633 468 1680 proprium
490 1635 680 1678 nequeunt,
711 1634 894 1678 propulsae
913 1633 993 1667 inde
1015 1638 1223 1678 superventu
1245 1631 1387 1665 aliarum
1410 1642 1498 1676 pone
1521 1642 1625 1664 ruen-

158 1683 253 1716 tium.
299 1680 416 1725 sicque
442 1689 557 1712 omnes
587 1678 774 1724 irrequiete
801 1680 995 1720 iactantur,
1026 1690 1160 1724 semper
1182 1677 1262 1713 inde
1285 1678 1444 1722 repulsae
1466 1689 1533 1722 quo
1559 1688 1624 1719 ap-

160 1726 330 1772 pulerint,
354 1737 395 1759 eo
414 1725 578 1770 impulsae
599 1724 689 1758 unde
711 1736 787 1759 mox
809 1725 942 1759 reflecti
964 1725 1010 1759 sit
1031 1736 1192 1766 necesse;
1215 1724 1327 1758 omnia
1345 1727 1545 1766 tangentes,
1568 1722 1625 1756 ni-

160 1771 211 1807 hil
231 1776 398 1814 tenentes,
421 1771 512 1805 nullo
536 1770 673 1805 clausae
694 1770 814 1811 limite,
836 1771 925 1805 nullo
948 1772 983 1806 in
1006 1771 1106 1806 litore
1128 1782 1239 1816 vagae
1261 1769 1496 1804 instabilitatis
1519 1769 1622 1802 finem

160 1819 383 1864 reperientes.
427 1816 659 1862 possessiones
689 1829 770 1852 vero
804 1817 883 1852 illae
915 1829 958 1852 ac
990 1818 1107 1852 domus
1131 1818 1292 1862 claraque
1314 1826 1420 1860 opera
1443 1817 1626 1859 praestan-

162 1863 248 1898 tium
269 1863 436 1898 artificum
459 1861 550 1896 nihili
571 1864 830 1908 reputabantur.
875 1864 968 1909 quod
989 1864 1097 1898 minus
1117 1869 1192 1898 erat
1216 1862 1353 1903 mirum,
1376 1872 1448 1894 cum
1472 1860 1548 1905 ipsa
1570 1858 1625 1892 vi-

164 1909 238 1943 ctni
265 1908 458 1943 necessaria
489 1907 591 1953 copia
619 1909 753 1954 frugum
777 1915 814 1944 et
834 1921 946 1944 rerum
969 1915 1155 1955 apparatus
1177 1908 1254 1943 usui
1276 1906 1427 1952 corporis
1458 1909 1625 1950 opportu-

164 1965 247 1996 nus,
279 1958 461 1998 utcumque
482 1964 519 1987 se
541 1965 728 1998 oggerens,
760 1962 979 2001 respueretur
1000 1968 1023 1990 a
1046 1955 1273 1990 consternatis
1295 1957 1427 1986 terrore
1450 1952 1542 1986 neeis
1561 1954 1623 1986 aut

164 1999 334 2034 barbarici
356 1997 510 2040 servitii3
538 2010 623 2044 quos
644 2000 784 2046 inopes,
815 2002 943 2044 nudos,
973 2003 1045 2036 sine
1066 2002 1140 2035 lare
1163 2013 1204 2035 ac
1227 2005 1318 2034 tecto
1342 2003 1515 2040 errantes,
1539 2008 1623 2043 pas-

165 2045 230 2080 sim
263 2043 400 2078 videres
430 2043 694 2079 concitatissimo
724 2058 828 2091 passu
859 2059 998 2082 currere
1020 2059 1088 2093 quo
1109 2047 1229 2081 salutis
1249 2046 1284 2079 in
1307 2050 1381 2079 tuto
1408 2044 1623 2079 collocandae

165 2101 247 2137 spes
268 2100 434 2134 quemque
454 2089 635 2133 invitaret,
660 2098 799 2126 caetera
820 2094 959 2128 coelesti
980 2095 1215 2139 permittentes
1237 2091 1484 2136 providentiae.

257 2136 313 2171 22.
358 2135 459 2188 Tupc
485 2134 581 2168 Alani
603 2136 705 2170 soluti
726 2138 840 2172 officio
863 2140 1023 2183 militiae,
1053 2141 1143 2185 quod
1167 2139 1279 2186 spatio
1302 2144 1424 2184 pactae
1446 2139 1480 2174 in
1501 2139 1621 2174 trime-

164 2184 239 2218 stre
261 2191 375 2216 morae
399 2192 470 2214 sme
489 2181 726 2226 promissorum
751 2184 954 2220 exhibitione
988 2187 1174 2231 praeterito
1205 2186 1382 2220 liberatam
1402 2186 1504 2220 fidem
1526 2198 1622 2221 suam

165 2227 439 2281 arbitrabantur,
470 2226 596 2280 fretum
625 2228 670 2262 ad
693 2228 880 2275 Callipolim
915 2232 1076 2266 traiicere
1094 2232 1328 2268 decreverunt.
1375 2238 1494 2267 contra
1514 2233 1623 2278 impe-

165 2278 262 2328 rator
293 2279 456 2327 retinere·
470 2272 545 2307 illos
560 2275 781 2328 senabatur,
815 2276 935 2311 ‘missis
969 2278 1258 2323 Constantinopoli
1288 2278 1470 2314 sedulitate
1501 2290 1624 2324 magna

166 2322 328 2355 ministris
347 2318 489 2360 1done1s,
512 2331 572 2364 qm
595 2325 631 2354 et
651 2320 823 2356 blanditiis
845 2324 1025 2358 verborum
1045 2330 1081 2358 et
1102 2325 1325 2360 delinimentis
1347 2336 1518 2360 munerum
1541 2326 1624 2360 bar-

166 2366 289 2419 baros,
310 2369 471 2418 quantum
494 2371 654 2409 possent,
677 2378 698 2401 a
720 2370 962 2405 transfretandi
986 2370 1126 2405 consilio
1147 2375 1358 2406 revocarent.
1404 2384 1447 2406 ac
1468 2377 1559 2406 metu
1581 2383 1626 2405 ne

167 2423 236 2465 nou
265 2410 303 2445 1d
333 2415 418 2464 satis
447 2411 571 2465 efficax
604 2413 814 2448 obstaculum
835 2415 968 2450 invisae
990 2429 1031 2451 ac
1053 2417 1256 2453 formidatae
1281 2417 1345 2452 sibi
1367 2419 1462 2452 abire
1484 2418 1626 2463 cupien-

167 2462 253 2492 tium
284 2459 479 2511 traiection!
510 2458 619 2500 foret,
653 2459 838 2495 destinavit
863 2463 1002 2504 eodem,
1038 2475 1105 2508 quo
1127 2465 1195 2499 vim
1218 2464 1432 2499 suasionibus
1455 2464 1624 2504 misceret,

170 2506 241 2557 sat·
254 2513 375 2547 magno
405 2514 519 2547 copias
549 2515 709 2548 numero,
742 2506 900 2552 imposito
930 2509 1013 2554 ipsis
1045 2510 1131 2544 duce
1158 2522 1279 2555 magno
1301 2510 1484 2545 domestico
1507 2508 1626 2544 Alexio

170 2547 297 2591 RauIe,
323 2559 421 2593 quem
443 2549 660 2602 constitutum
681 2551 716 2586 in
738 2554 863 2588 aetatis
883 2554 971 2589 flore
993 2555 1142 2590 Michael
1162 2556 1306 2602 despota
1328 2568 1488 2602 generum
1512 2554 1627 2590 adsci-

170 2597 290 2635 verat,
304 2593 520 2650 .⁸.¹‘¹⁸¹¹t.¹b'!⁸
542 2597 586 2630 ad
608 2597 645 2631 id
666 2597 828 2644 impulsus
848 2601 971 2636 studiis
996 2602 1190 2648 officiisque
1210 2604 1385 2649 Augustae
1407 2602 1627 2642 Theodorae,

172 2649 260 2683 quae
281 2638 469 2692 nihil-artis
489 2642 744 2691 industriaeque
777 2645 938 2681 omiserat
958 2647 992 2681 in
1015 2659 1057 2682 ea
1079 2648 1145 2682 sibi
1166 2649 1460 2684 vehementissime
1490 2646 1627 2681 deside-

171 2687 262 2736 ratq·
281 2683 450 2738 tffim-tute
480 2690 686 2733 peragenda.
733 2692 811 2726 huic
842 2693 943 2727 misso
976 2694 1160 2740 imperator
1193 2707 1268 2730 cum
1302 2696 1472 2742 plerisque
1493 2691 1628 2738 imperii

173 2738 281 2774 copus
302 2729 398 2764 dedit
413 2741 453 2784 jn
473 2734 659 2778 mandatis,
690 2737 834 2782 primum
863 2739 999 2784 quidem
1022 2744 1060 2774 ut
1080 2740 1236 2786 allegatis
1257 2742 1302 2776 ad
1324 2742 1449 2776 Alanos
1482 2737 1626 2773 homiui-

172 2774 236 2808 b¹¹⁸
256 2775 426 2810 tm&
445 2782 590 2826 peritis,
619 2784 828 2828 argumentis
846 2786 1074 2833 precibusque
1104 2793 1286 2823 conaretur
1306 2798 1423 2822 eorum
1445 2783 1626 2819 transitum
