1858 3126
217 177 316 224 408
641 177 878 221 GEORGII
911 177 1264 223 PACHYMERIS

218 290 319 349 γόου
340 290 408 334 διὰ
427 290 502 344 τὴν
519 290 786 347 καταδρομὴν
809 295 894 334 τῶν
912 294 1089 346 Περσῶν
1109 291 1255 342 αὐταῖς
1272 294 1427 349 γυναιξὶ
1445 296 1512 338 καὶ
1533 293 1688 347 τέκνοις

218 361 347 415 ἤλυον
377 358 482 402 κατὰ
513 355 656 412 δύσιν,
693 357 762 402 δίιί
797 377 906 410 τινος
937 358 1028 410 ἑνὸς
1058 361 1216 404 ἐκείνων
1241 365 1318 404 τοῦ
1341 362 1547 420 Κοτέρτζη
1567 365 1686 421 μέχρι

221 431 287 471 καὶ
310 430 350 478 ἐς
372 426 516 479 ἑκατὸν
534 434 822 484 προσεκαλεῖτο
836 462 849 482 ,
887 431 955 472 καὶ
982 429 1230 486 προσιόντας
1254 428 1468 485 δεχόμενος
1486 433 1591 476 κατὰ
1606 432 1684 477 πό-

172 503 202 537 D
228 503 289 539 λιν
315 496 370 539 ὢν
399 495 546 553 ὅρκους
573 495 718 554 ἀπῄτει
747 502 893 553 πιστῆς
921 500 1168 554 προσεδρίας
1197 501 1264 542 καὶ
1294 501 1585 554 ξυναυλίσεως,
1631 501 1688 553 ὥς

219 571 331 622 σφᾶς
361 564 462 608 εἶναι
492 566 672 622 ἐχθροὺς
693 567 856 622 ἐχθρῶν
881 571 963 610 τῶν
995 569 1145 611 ἐκείνου
1173 570 1240 611 καὶ
1263 570 1409 625 φίλους
1429 570 1581 626 φίλων,
1611 570 1718 614 ’καὶὸ

218 635 432 678 ἀντεδίδου
462 634 514 676 τὰ
541 633 663 687 ὅμοια
689 635 792 691 πρὸς
817 637 1014 689 ἐκείνους,
1049 638 1124 692 τὴν
1142 635 1365 692 ὅμαιχμίαν
1384 637 1686 694 προκαθιστάς,

219 702 341 746 πόλλ’
363 702 469 746 ἅττα
491 703 631 752 διδοὺς
651 706 718 746 καὶ
737 703 895 761 μεγάλα
914 703 1334 761 καθυπισχνούμενος.
1403 709 1471 750 καὶ
1495 707 1616 750 ταῦτ’
1644 710 1688 751 ἐ-

219 770 422 827 πράττετο
441 771 545 827 παρ’
569 771 767 828 αἴσθησιν
787 778 952 827 πᾶσαν,
989 774 1045 830 μὴ
1065 774 1127 818 ὅτι
1152 792 1194 831 γε
1216 775 1441 830 βασιλέως,
1480 776 1585 819 ἀλλὰ
1608 777 1687 820 αὗ-

219 846 302 884 τῶν
321 841 372 896 δὴ
395 845 478 883 τῶν
496 839 691 896 συνήθων
710 843 777 884 καὶ
799 842 1059 901 ᾠκειωμένων
1079 843 1207 903 αὐτῷ.
1254 844 1360 887 ἀλλὰ
1381 847 1688 902 προσαγγελθὲν

75 923 103 956 ι’
128 925 195 960 284
219 910 331 966 παρὰ
354 913 438 952 τῶν
459 909 566 967 ἀμφὶ
586 909 657 952 τὸν
678 910 912 968 Κοτέρτζην
923 944 937 965 ,
971 913 1104 968 δεινὴν
1125 913 1318 967 βασιλεὺς
1337 911 1496 956 ὑπενόει
1515 914 1686 971 μελέτην
1699 924 1742 958 1ο

219 981 286 1022 καὶ
315 978 508 1028 ἀπιστίας
537 978 665 1022 ὠδῖνα
693 978 929 1033 ὑπώπτευε,
967 984 1034 1024 καὶ
1056 985 1215 1036 μᾶλλον
1235 981 1298 1026 ὅτι
1317 986 1391 1037 τῆς
1412 981 1594 1040 ἀδελφῆς
1619 1001 1690 1028 τε-

218 1045 475 1103 λευτησάσης
506 1052 557 1105 τῇ
589 1052 663 1090 τοῦ
693 1053 874 1105 Τερτερῆ
903 1056 1127 1104 συνοικῶν,
1161 1049 1250 1105 ἣτις
1275 1053 1342 1093 καὶ
1369 1049 1585 1107 ἀλλότριον
1607 1051 1687 1108 εἶχε

219 1117 323 1172 πρὸς
359 1116 431 1158 τὸν
467 1122 699 1174 κρατοῦντα
725 1118 772 1161 τὸ
804 1119 931 1174 γένος.
1002 1117 1071 1162 διά
1092 1137 1156 1162 τοι
1176 1124 1310 1162 ταῦτα
1332 1121 1399 1163 καὶ
1418 1121 1548 1175 μηνὸς
1565 1118 1688 1164 Ἑκα-

218 1190 479 1239 τομβαιῶνος
508 1190 583 1246 μιᾷ
612 1191 837 1243 προσκαλεῖ
852 1188 927 1242 μὲν
947 1185 1202 1244 πατριάρχην
1225 1192 1515 1245 προσκαλεῖται
1541 1189 1584 1232 δ’
1608 1189 1685 1247 ἀρ-

214 1261 360 1310 χιερεῖς
391 1256 457 1296 καὶ
485 1258 660 1310 κλῆρον,
699 1253 916 1313 παρόντων
949 1259 1017 1300 καὶ
1043 1262 1126 1300 τῶν
1148 1261 1223 1312 τῆς
1245 1254 1501 1314 συγκλήτου,
1541 1263 1682 1301 συνελ-
1699 1262 1740 1298 15

215 1321 381 1366 &dnm
406 1341 448 1366 τε
466 1326 532 1366 καὶ
547 1329 739 1380 μοναχῶν
757 1327 824 1368 καὶ
841 1330 924 1369 τῶν
943 1330 1017 1381 τῆς
1035 1327 1253 1379 πολιτείας,
1290 1328 1357 1369 καὶ
1381 1328 1437 1376 εἷς
1453 1327 1583 1381 κρίσιν
1600 1332 1690 1382 βα·-

168 1402 196 1435 Β
221 1392 352 1442 σιλεῦς
381 1397 564 1453 καθιστζι
592 1393 664 1436 τὸν
692 1391 917 1450 δεσπότην·
953 1394 1057 1451 πρὸς
1076 1394 1122 1440 ὃν
1146 1397 1213 1438 καὶ
1235 1397 1291 1445 εἷς
1310 1395 1533 1451 ἀπολογίαν
1554 1413 1686 1439 κατα-

219 1461 323 1511 στὰς
349 1462 522 1514 ἐκεῖνος,
561 1462 693 1506 πολλὰ
723 1462 847 1518 λέγων
869 1465 937 1506 καὶ
957 1463 1061 1507 κατὰ
1084 1469 1159 1520 τῆς
1178 1465 1426 1520 κατηγορίας
1456 1462 1686 1520 ἀποδιδρά-

218 1547 327 1572 σκειν
357 1528 628 1586 πειρώμενος,
664 1531 779 1582 τέλος
809 1535 1127 1583 καταδικασθεὶς
1147 1537 1206 1592 τῷ
1227 1530 1388 1592 μεγάλῳ
1409 1534 1598 1592 παλατίῳ
1618 1535 1688 1590 ἔγ-

217 1599 388 1640 κλείετιιι
419 1597 730 1656 τρισκαιδεκάτῃ
761 1602 941 1656 Κρονίου
969 1601 1094 1652 αὐτὸς
1116 1603 1182 1644 καὶ
1201 1601 1298 1657 γυνὴ
1316 1603 1383 1643 καὶ
1406 1601 1458 1643 τὰ
1476 1601 1618 1654 τέκνα,
1656 1600 1740 1644 ἃΞΟ

219 1666 270 1722 δὴ
289 1666 369 1710 ἀπὸ
393 1671 466 1721 τῆς
490 1671 563 1710 τοῦ
587 1671 768 1726 Τερτερῆ
793 1668 1071 1726 ἀπεγέννησεν.
1122 1669 1269 1726 ἀγέλας
1289 1669 1332 1712 δ’
1353 1670 1489 1713 ἵππων
1510 1671 1579 1711 καὶ
1601 1674 1684 1713 πᾶ-

218 1820 391 1855 Orientali
421 1820 614 1856 continente
643 1822 822 1868 coactique
852 1822 1102 1857 incursionibus
1131 1822 1313 1857 Persarum
1347 1822 1426 1858 inde
1454 1825 1576 1869 fugere
1608 1835 1683 1860 cum

218 1867 377 1901 uxoribus
401 1873 437 1901 et
458 1868 584 1912 liberis,
606 1869 768 1903 errabant
793 1880 855 1914 per
878 1869 1051 1903 Occiduas
1073 1869 1241 1913 regiones.
1279 1880 1324 1903 ex
1347 1869 1398 1904 his
1423 1870 1579 1911 michael,
1600 1882 1684 1905 usus

216 1914 259 1946 ad
284 1912 320 1947 id
344 1925 450 1959 opera
472 1914 572 1948 unius
595 1925 732 1956 eorum,
763 1914 951 1949 Cotertzae
984 1915 1136 1956 nomine,
1168 1915 1211 1949 ad
1245 1919 1378 1949 centum
1401 1917 1446 1950 ad
1469 1927 1507 1951 se
1528 1923 1683 1959 vocatos,

218 1971 292 1992 cum
323 1959 360 1993 in
392 1961 477 1994 urbe
511 1966 622 2002 esset,
655 1961 800 2005 benigne
829 1961 1000 2007 supplices
1031 1961 1202 2005 excipiens
1232 1962 1423 1996 adduxerat
1446 1963 1487 1996 ad
1511 1962 1577 1998 sibi
1597 1963 1683 1998 clam

215 2005 390 2039 iurand-am
425 2006 614 2040 clientelam
646 2007 950 2052 adhaesionemque
982 2012 1200 2053 perpetuam,
1233 2007 1362 2042 diserte
1383 2009 1447 2043 deo
1474 2013 1564 2043 teste
1586 2009 1684 2055 polli-

218 2051 324 2084 cendo
349 2063 387 2085 se
410 2053 484 2086 sore
505 2052 577 2086 sine
600 2053 790 2087 discrimine
812 2054 927 2087 hostes
951 2053 1095 2087 hostium
1109 2078 1119 2095 ,
1149 2053 1274 2088 amicos
1296 2054 1477 2089 amicorum
1501 2056 1584 2089 eius.
1630 2055 1684 2088 vi-

217 2096 399 2142 cissimque
428 2109 521 2132 suam
550 2099 615 2132 illis
647 2099 748 2134 fidem
774 2099 907 2144 pariter
929 2100 1162 2144 obligaverat,
1197 2100 1383 2134 constituta
1405 2100 1604 2135 immutabili
1624 2112 1683 2135 so·-

217 2142 352 2177 cietate.
399 2142 500 2188 idque
529 2145 648 2179 foedus
679 2145 792 2180 multis
815 2145 971 2191 protinus
994 2147 1113 2187 donis,
1143 2146 1328 2180 maioribus
1351 2146 1385 2180 in
1407 2152 1579 2191 posterum
1600 2158 1683 2192 pro-

215 2188 329 2222 missis
351 2194 524 2224 sanxerat.
572 2196 694 2235 egerat
715 2193 801 2226 haec
822 2203 947 2226 arcano
971 2192 1128 2236 despota,
1158 2192 1267 2226 vitata
1289 2191 1473 2236 diligenter
1493 2204 1559 2226 non
1582 2192 1682 2226 modo

216 2234 363 2278 Augusti
394 2235 623 2278 conscientia,
656 2238 716 2272 sed
749 2242 786 2272 et
811 2249 948 2272 suorum
981 2238 1090 2283 ipsius
1112 2238 1324 2272 familiarium
1347 2250 1389 2272 ac
1411 2237 1680 2278 domesticorum.

217 2291 336 2314 verum
364 2292 406 2315 ea
430 2282 486 2315 vel
508 2282 688 2317 Cotertzes
710 2284 767 2317 vel
790 2295 832 2318 ex
856 2284 928 2318 eius
957 2284 1117 2318 comitatu
1149 2284 1315 2329 quispiam
1340 2295 1414 2318 cum
1437 2283 1522 2317 clam
1545 2282 1680 2316 Andro-

217 2325 292 2360 nico
323 2326 528 2368 indicasset,
561 2339 701 2371 gravem
732 2329 764 2363 ei
793 2329 1018 2375 suspicionem
1051 2329 1156 2364 movit
1186 2330 1348 2364 adversus
1379 2329 1554 2372 despotam
1584 2327 1681 2361 velut

217 2372 321 2405 rebus
344 2372 436 2407 novis
458 2373 642 2407 inhiantem
666 2380 909 2420 parantemque
933 2387 954 2409 a
979 2387 1017 2410 se
1039 2375 1197 2411 deficere.
1245 2375 1459 2408 coniecturae
1489 2373 1681 2408 verisimili-

217 2416 367 2451 tudinem
400 2418 547 2452 addebat
581 2431 755 2463 magnam,
789 2421 878 2466 quod
909 2421 997 2455 idem
1026 2421 1172 2455 Michael
1201 2420 1309 2466 priori
1333 2430 1457 2460 uxore,
1495 2419 1680 2453 Andronici

217 2463 362 2508 Augusti
383 2475 556 2508 germana,
583 2470 716 2500 mortua
738 2466 842 2500 filiam
865 2467 1022 2500 Terteris
1045 2466 1202 2507 duxerat,
1225 2465 1396 2499 mulierem
1418 2464 1543 2498 infensi
1565 2464 1679 2498 domui

215 2511 393 2553 Augustae
426 2510 570 2554 generis.
617 2511 659 2544 ob
689 2512 774 2544 haec
806 2512 950 2557 quadam
973 2512 1030 2546 die
1052 2512 1173 2546 mensis
1194 2510 1342 2545 Ianuarii
1373 2515 1474 2544 vocat
1494 2510 1681 2556 imperator

215 2555 463 2600 patriarcham,
492 2555 643 2590 -adhibet
675 2557 793 2590 eodem
830 2557 1001 2591 antistites
1031 2562 1069 2591 et
1098 2558 1246 2598 clerum,
1291 2557 1506 2590 senatoribus
1543 2568 1680 2602 quoque

218 2602 470 2646 praesentibuS.
517 2606 747 2635 convenerant
778 2606 814 2635 et
846 2603 1017 2644 monachi,
1052 2614 1115 2636 nec
1145 2614 1213 2636 non
1245 2613 1265 2636 e
1298 2602 1420 2636 civium
1453 2602 1570 2636 ordine
1599 2613 1680 2647 per-

219 2647 327 2682 multi.
373 2648 463 2694 apud
487 2647 575 2682 hunc
598 2654 730 2682 coetum
755 2659 834 2682 reus
857 2648 987 2682 sistitur
1011 2648 1157 2682 Michael
1172 2648 1376 2693 imperatore
1391 2648 1523 2690 iudice3
1546 2649 1679 2683 iussus-

218 2705 285 2738 que
315 2694 522 2740 respondere
555 2695 661 2727 multa
683 2694 769 2728 dixit
792 2694 827 2727 in
850 2694 1079 2728 defensionem
1102 2694 1171 2735 sui,
1203 2706 1266 2727 nec
1294 2694 1407 2728 vitare
1432 2698 1544 2728 tamen
1566 2695 1680 2739 potuit

215 2740 299 2783 quin
332 2741 468 2775 tandem
499 2740 676 2774 damnatus
707 2744 874 2785 perpetuo
909 2739 1036 2774 carceri
1067 2740 1294 2774 addiceretur.
1341 2740 1397 2774 die
1427 2740 1680 2785 itaque-tertia

215 2785 348 2821 decima
370 2783 495 2821 mensis
517 2785 638 2821 Martii
662 2785 810 2820 michail
831 2786 984 2831 despota,
1008 2797 1082 2820 cum
1105 2797 1212 2820 uxore
1231 2786 1388 2820 Terteris
1411 2786 1482 2820 filia
1506 2791 1541 2820 et
1563 2797 1679 2820 susce-

215 2830 283 2876 ptis
307 2843 348 2867 ex
373 2833 438 2868 hac
460 2831 600 2874 liberis,
624 2830 660 2866 in
682 2831 869 2868 custodiam
893 2833 983 2878 apud
1008 2843 1162 2878 magnum
1186 2832 1348 2878 palatium
1371 2831 1472 2867 datus
1495 2836 1559 2867 est.
1606 2832 1678 2866 eius
