1858 3126
474 176 578 220 LlB.
606 175 678 222 ΠΙ.
746 174 1225 219 GHRONOLOGIGUS.
1467 173 1562 222 843

157 283 236 313 ⁸¹¹¹
275 283 423 312 m*
452 279 616 342 tuabi-20-
662 297 749 324 eum
781 283 832 323 ad
865 297 907 323 se
934 283 1151 336 supplicem
1178 283 1399 323 venientem
1433 297 1564 324 eoram

576 380 586 388 ,
605 379 614 388 ,
659 339 785 440 ἓηῖἰὲε
813 339 896 379 filio
915 339 986 380 Ale
1009 340 1224 380 crudeliter
1248 340 1435 381 trucidat.
1488 341 1518 382 l.
1537 341 1564 382 4

537 521 545 529 ¹
581 509 614 529 ι.
713 472 947 512 Athanasius
1002 474 1227 525 patriarcha
1281 474 1568 516 Alexandrinus

658 527 798 567 Rhodo
818 529 1198 583 Constantinopolim
1214 530 1330 572 redit.
1385 531 1413 572 1.
1430 534 1458 574 8
1474 545 1507 572 c.
1526 532 1567 574 5.

712 606 957 658 Nicephorus
975 607 1147 658 Angelus
1167 608 1342 661 despota,
1371 609 1567 648 occiduo-

657 674 747 761 ἓιιιῖ
786 668 982 702 tractuum
1015 663 1203 716 dynasta,
1251 664 1430 705 moritur.
1484 666 1512 704 1.
1540 669 1567 707 8

713 851 900 890 Kalendis
935 851 1126 890 Ianuariis
1166 853 1293 904 prima
1323 853 1441 891 huius
1470 854 1564 891 anni

658 905 722 944 die
752 907 931 956 Coeum,
966 908 1034 958 qui
1058 914 1097 946 et
1118 908 1283 947 Ioannes
1308 909 1385 947 alio
1407 910 1565 947 nomine

658 962 875 1000 vocabatur
888 991 899 1011 ,
929 963 1005 1002 rite
1026 969 1138 1002 antea
1159 964 1303 1002 electus
1316 994 1326 1013 ,
1356 978 1565 1004 consecra-

657 1022 724 1055 tur
743 1018 963 1069 patriarcha
980 1019 1447 1072 constantinopolitanus.
1492 1021 1520 1061 l.
1537 1024 1564 1062 2

658 1085 690 1111 c.
709 1077 775 1115 28.
795 1088 797 1090 ¹

711 1151 837 1188 Tzaca
868 1151 1000 1201 Nogae
1028 1151 1134 1190 filius
1166 1152 1372 1203 Bulgariae
1402 1165 1565 1203 regnum

657 1205 831 1255 invadit,
860 1207 1032 1258 fugiente
1051 1208 1222 1247 Tertere.
1270 1209 1298 1246 l.
1317 1211 1344 1250 3
1364 1222 1397 1246 c.
1414 1212 1482 1252 26.

711 1282 931 1334 Imperator
959 1285 1032 1322 sub
1058 1285 1213 1323 initium
1243 1285 1375 1323 Martii
1396 1300 1566 1326 conven-

657 1343 742 1376 tum
763 1340 806 1376 in
823 1339 1007 1378 Alexiaco
1023 1340 1196 1378 triclinio
1217 1341 1397 1391 celebrat,
1426 1342 1466 1379 in
1486 1357 1566 1393 quo

658 1407 790 1432 causas
812 1394 986 1432 damnati
1004 1409 1026 1432 a
1046 1410 1086 1433 se
1108 1396 1354 1434 Constantini
1383 1397 1567 1450 despotae

657 1449 789 1486 fratris
821 1450 883 1487 sui
912 1457 952 1488 et
979 1464 1067 1488 cum
1089 1465 1134 1489 eo
1155 1453 1420 1503 Strategopuli
1441 1466 1567 1506 expo-

656 1504 735 1553 nit,
763 1510 802 1542 et
825 1505 1024 1557 plerisque
1047 1507 1249 1558 approbat.
1308 1521 1342 1545 c.
1362 1512 1428 1550 29.
1500 1508 1502 1510 ’

712 1581 882 1629 Quidam
913 1582 1115 1622 Lachanae
1142 1584 1291 1623 dudum
1315 1598 1337 1621 a
1356 1585 1462 1636 Noga
1488 1600 1566 1624 oc-

656 1636 726 1674 cisi
742 1651 883 1676 nomen
902 1651 1095 1691 usurpans
1114 1639 1161 1677 ab
1182 1641 1418 1692 imperatore
1432 1642 1567 1679 conii-

657 1691 760 1731 citur
777 1693 820 1730 in
836 1693 1009 1732 vincula.
1066 1708 1102 1734 c.
1120 1698 1187 1737 30.

709 1769 940 1809 Theodorus
961 1771 1112 1811 Muzalo
1134 1771 1454 1824 protovestiarius
1478 1785 1564 1811 mo-

654 1825 769 1863 ritur.
823 1839 858 1864 c.
877 1829 941 1868 31.

710 1900 757 1938 Ei
783 1901 979 1939 sufficitur
1007 1903 1050 1939 in
1080 1915 1172 1939 cura
1197 1900 1382 1951 primaria
1402 1902 1562 1953 princi-

654 1955 801 2006 palium
826 1956 1070 2006 negotiorum
1096 1956 1340 2007 Nicephorus
1359 1957 1559 1997 Chumnus

658 2011 831 2048 canicleo
850 2012 1079 2062 praefectus.
1136 2024 1169 2048 c.
1190 2014 1258 2053 32.

712 2086 783 2125 Die
801 2087 826 2129 5
844 2087 986 2126 mensis
1006 2087 1097 2125 Iulii
1113 2087 1268 2137 eligitur
1285 2088 1327 2127 in
1343 2090 1454 2128 Rom.
1466 2104 1564 2142 pon-

658 2141 802 2179 tificem
822 2155 844 2178 a
864 2143 1130 2180 cardinalibus
1154 2143 1302 2182 Perusii
1322 2147 1563 2195 congregatis

658 2196 795 2234 Petrus
817 2197 864 2234 de
884 2198 1112 2246 Murrhone,
1148 2199 1215 2248 qui
1240 2212 1351 2248 aegre
1371 2200 1562 2239 honorem

658 2251 865 2289 admittens
896 2253 1058 2303 Aquilae
1084 2252 1126 2290 in
1153 2254 1321 2292 Vestinis
1354 2262 1561 2294 coronatus

659 2306 685 2347 4
708 2307 786 2346 kal.
810 2308 1044 2359 Septembris
1067 2308 1246 2347 celestini
1266 2309 1300 2347 V
1326 2323 1468 2349 nomen
1494 2325 1560 2349 ac-

659 2362 772 2412 cepit.

715 2439 788 2478 Sed
806 2452 896 2477 mox
910 2438 1038 2491 pridie
1054 2439 1146 2478 Idus
1161 2446 1230 2479 aut
1247 2440 1382 2480 Idibus
1400 2442 1564 2480 Decem-

660 2494 740 2532 bris
773 2495 875 2532 idem
913 2495 1074 2547 Neapoli
1115 2496 1156 2532 in
1186 2496 1342 2548 publico
1380 2511 1563 2536 consessu

661 2550 923 2588 cardinalium
954 2549 1221 2601 pontificatum
1252 2552 1470 2601 abdicavit,
1495 2565 1562 2591 re-

660 2606 778 2644 citata
814 2605 998 2644 cessionis
1025 2617 1074 2643 ex
1108 2607 1255 2658 scripto
1282 2609 1460 2646 formula.
1515 2608 1558 2645 in

661 2661 772 2699 cuius
803 2661 932 2698 locum
960 2660 1104 2698 ibidem
1132 2661 1277 2700 electus
1305 2669 1364 2700 est
1391 2663 1559 2700 Benedi-

660 2722 744 2754 ctus
774 2716 990 2754 cardinalis
1016 2715 1240 2766 Caietanus,
1277 2717 1344 2769 qui
1369 2719 1558 2757 Bonifacii

657 2785 797 2811 nomen
820 2771 1039 2824 assumpsit.
