1858 3126
276 150 372 197 372
699 148 935 193 GEORGII
968 148 1316 193 PACHYMERIS

275 281 358 313 νοις
377 261 543 319 ἀργίαν,
581 260 690 304 καθ’
721 260 795 312 οὓς
818 263 886 306 καὶ
918 260 1043 312 ἄλλος
1060 265 1281 312 κανονικῶς
1309 260 1517 312 καταστὰς
1535 259 1591 312 ὥς
1613 260 1743 305 αὐτοῦ

226 341 253 374 B
278 351 318 388 γε
348 330 708 387 παραιτησαμένου
740 331 793 373 τὰ
820 335 893 386 τῆς
923 331 1136 386 ἐκκλησίας
1163 332 1368 383 διΐθυνεν,
1407 329 1453 373 ὃν
1473 330 1569 374 οὐδὲ
1588 331 1746 374 δίκαιον

276 400 375 443 εἶναι
395 401 436 442 ἐν
458 406 545 449 τοῖς
563 404 794 453 μισθωτοῖς
824 397 1191 456 παρεγγράφεσθαι
1218 401 1285 441 καὶ
1307 396 1363 449 ὥς
1382 397 1441 452 μὴ
1468 397 1632 454 γνήσιον
1649 398 1745 452 ὀβε-

278 471 480 522 λίζεσθαι,
516 469 579 510 ε’πὶ
598 466 811 518 τοσούτοις
831 467 936 511 ἔτεσι
954 468 1028 523 τὴν
1054 467 1270 523 ἐκκλησίαν
1291 467 1514 521 κατέχοντα
1531 469 1600 510 καί
1618 484 1661 523 γε
1678 469 1746 510 καὶ

277 539 469 587 πλείστας
493 539 744 593 χειροτονίας
776 538 996 580 τελέσαντα
1011 551 1019 560 ·
1057 539 1173 579 δυοΐν
1190 536 1267 592 γὰρ
1294 533 1475 592 θάτερον
1495 536 1743 590 ξυμβαίνειν,
1758 548 1779 583 5

245 621 248 628 ’
277 607 301 661 ἣ
336 606 462 649 αὐτὸν
489 607 563 659 μὲν
593 607 858 649 δικαιοῦσθαι
891 605 1072 648 κάκεῖνον
1103 606 1145 648 ἓν
1175 612 1261 655 τοῖς
1288 603 1432 654 νόθοις
1454 602 1581 656 εἶναι,
1614 602 1639 658 ἢ
1664 603 1748 658 μὴν

278 679 500 724 κανονικῶς
522 672 803 725 καταστάντος
833 675 983 718 ἐκείνου
1013 676 1080 716 καὶ
1101 678 1323 723 κανονικῶς
1342 674 1600 728 ἐνεργοῦντος
1622 672 1750 716 αὐτὸν

276 746 317 788 ἐν
341 745 487 800 ἱερεῦσι
509 745 575 785 καὶ
599 741 870 799 πατριάρχαις
890 745 995 798 μηδὲ
1020 743 1067 786 τὸ
1090 740 1286 795 παράπαν
1307 743 1553 797 λογίζεσθαι.
1623 742 1749 801 ἐρρᾳ-

275 812 569 869 διουργημένην
597 813 641 854 δὲ
671 814 738 854 καὶ
766 812 839 866 τὴν
868 801 970 868 ὑπὲρ
1004 816 1086 854 τῶν
1107 810 1384 865 ἀδικουμένων
1415 809 1581 860 ἀξίωσιν
1600 806 1750 852 ὖπετό-

224 890 259 924 C
285 884 410 934 παζον
422 915 434 934 ,
473 879 529 931 ὡς
552 879 688 923 αὐτίκ’
715 879 765 923 ἂν
788 882 854 922 καὶ
876 880 972 930 τοὺς
998 881 1296 936 συντρέχοντας
1325 878 1502 928 πολλοὺς
1522 875 1622 921 εἶναι
1639 882 1805 934 ,Bon-10

277 953 395 1001 θείας
414 949 527 992 ἕνεκα
548 953 622 1004 τῆς
640 949 742 1005 πρὸς
769 949 840 992 τὸν
859 954 1105 1004 κρατοῦντα,
1142 950 1208 991 καὶ
1225 947 1300 1003 τὴν
1322 952 1395 1003 τῆς
1414 948 1668 1005 προστασίας
1686 964 1750 990 τι-

276 1020 358 1075 μὴν
394 1018 643 1074 ἐρριζῶσθαι
677 1018 718 1068 ἐξ
737 1017 958 1073 ἀναγκαίου
989 1019 1253 1072 συμβαίνειν,
1283 1015 1358 1059 κᾶν
1377 1016 1434 1071 μὴ
1457 1016 1575 1072 σφίσι
1595 1016 1748 1071 δοκοίη.

276 1091 370 1145 διχῇ
394 1083 467 1130 οὖν
495 1079 791 1142 διαιρουμὲνων
821 1091 903 1129 τῶν
937 1086 1177 1143 ἀρχιερέων,
1227 1087 1295 1128 καὶ
1324 1089 1407 1128 τῶν
1432 1084 1660 1139 ἠδικῆσθαι
1683 1086 1752 1127 καὶ

277 1155 370 1200 τότε
391 1148 473 1199 τῶν
494 1155 602 1212 ἱερέα
626 1153 845 1207 κρινόντων
871 1156 936 1198 καὶ
962 1151 1087 1204 αὖθις
1118 1151 1384 1197 δικαιούντων
1403 1151 1654 1208 ἀνάγεσθαι,
1692 1146 1750 1196 ὧν

278 1226 381 1276 τινὲς
403 1225 437 1267 εἰ
459 1226 525 1267 καὶ
543 1228 616 1279 τῆς
638 1225 789 1266 ἐκείνου
809 1226 1062 1280 χειροτονίας
1084 1219 1214 1278 ἦσαν,
1253 1221 1349 1265 ἀλλ’
1374 1217 1448 1265 οὖν
1469 1219 1660 1276 ὖποσχεΐν
1678 1220 1748 1264 εὖ·
1762 1231 1805 1267 15

135 1308 162 1340 P
187 1304 254 1340 259
282 1293 436 1346 θύνας,
475 1295 508 1335 εἷ
528 1292 708 1342 κάκεῖνος
733 1293 864 1343 θέλοι,
900 1291 1071 1342 ἑαυτοὺς
1094 1293 1310 1343 ἐδικαίουν,
1345 1294 1428 1333 τῶν
1452 1291 1496 1333 δὲ
1516 1289 1622 1345 μηδ’
1644 1288 1751 1340 ὅλως

278 1362 532 1419 ἀνεχομένων
573 1362 768 1417 δέχεσθαι
810 1361 898 1415 ἅμα
935 1362 1010 1415 μὲν
1045 1357 1428 1418 παραιτησάμενον,
1476 1357 1564 1414 ἅμα
1597 1358 1643 1402 δὲ
1681 1360 1749 1401 καὶ

369 1474 402 1507 5.
424 1471 495 1518 γὰρ
519 1472 649 1507 deerat.

278 1576 344 1617 tis,
376 1586 445 1619 qua
476 1585 513 1607 se
543 1571 675 1608 omnino
699 1585 818 1608 carere
839 1573 890 1608 sic
913 1574 1087 1618 professus
1110 1577 1221 1615 esset,
1256 1572 1416 1619 ultroque
1438 1582 1626 1617 agnoscere
1648 1570 1750 1605 aliurn

278 1621 346 1656 sibi
376 1622 442 1654 rite
472 1619 627 1664 deposito
652 1620 813 1653 canonice
846 1620 1046 1661 suffectum,
1078 1620 1135 1664 qui
1159 1623 1254 1653 tanto
1276 1625 1429 1664 tempore
1451 1620 1523 1652 sin'e
1548 1618 1617 1651 ulla
1639 1622 1751 1651 status

278 1666 532 1706 controversia,
560 1670 619 1699 aut
643 1667 837 1710 cuiusquam
862 1666 964 1699 dubio
989 1666 1069 1710 quin
1092 1677 1194 1700 verus
1216 1670 1336 1711 pastor
1358 1670 1470 1705 esset,
1490 1663 1666 1698 ecclesiam
1686 1673 1752 1706 gu-

281 1715 479 1754 bernasset3
512 1722 611 1756 quem
634 1712 788 1757 profecto
811 1717 865 1745 tot
886 1711 953 1745 iam
978 1712 1073 1745 annis
1096 1711 1170 1744 veri
1198 1711 1348 1756 pastoris
1370 1709 1618 1744 existimatione
1649 1719 1752 1753 prae-

280 1759 426 1804 positum
459 1757 646 1798 ecclesiae,
681 1757 858 1802 multisque
892 1757 1025 1790 interim
1049 1757 1317 1791 ordinationibus
1341 1757 1575 1801 perfunctum,
1608 1759 1752 1800 repente

279 1816 367 1839 nunc
400 1804 476 1838 albo
509 1808 710 1848 expunctum
744 1803 934 1848 praesulum
970 1803 1191 1846 legitimorum
1215 1802 1433 1836 mercenariis
1456 1802 1670 1842 adscribere,
1706 1800 1751 1833 ab

279 1850 458 1895 aequitate
489 1849 687 1894 rationeque
717 1849 826 1883 videri
855 1849 1032 1894 plurimum
1065 1850 1261 1883 abhorrens.
1309 1849 1450 1882 duorum
1479 1847 1583 1891 igitur
1605 1849 1751 1881 alterum

278 1897 416 1931 aiebant
439 1896 473 1929 in
497 1896 650 1929 confesso
673 1895 792 1928 baberi
815 1906 891 1928 esse
913 1906 1065 1936 necesse,
1087 1899 1148 1928 aut
1168 1894 1221 1929 ius
1245 1906 1362 1928 verum
1387 1891 1623 1939 patriarchalis
1646 1893 1753 1926 hono-

280 1943 328 1976 ris
354 1943 417 1976 hoc
441 1941 604 1975 decennio
627 1952 732 1986 penes
754 1941 974 1974 Athanasium
1006 1941 1191 1983 resedisse,
1221 1940 1339 1986 sicque
1360 1940 1520 1974 Ioannem
1542 1938 1624 1973 nibil
1646 1937 1753 1972 fuisse

281 1989 345 2022 nisi
376 1987 527 2032 spurium
558 1987 791 2032 intrusumque
821 1987 1067 2032 patriarcham,
1097 1993 1157 2020 aut
1188 1993 1308 2021 contra
1339 1987 1427 2020 hunc
1457 1984 1620 2020 canonice
1652 1994 1754 2018 acce-

281 2040 395 2079 ptam,
421 2033 581 2067 canonice
604 2032 795 2067 exercuisse
817 2033 1076 2078 patriarchalem
1100 2037 1328 2078 potestatem3
1351 2044 1394 2066 ex
1417 2043 1484 2086 quo
1507 2031 1552 2065 sit
1574 2030 1753 2065 manifeste

281 2090 491 2123 consequens
515 2079 660 2124 priorem
682 2079 773 2112 illum
798 2078 981 2113 sacerdotii
1005 2079 1083 2112 talis
1118 2091 1159 2113 ac
1190 2078 1363 2123 dignitatis
1385 2079 1494 2112 sume
1516 2085 1598 2111 tunc
1619 2076 1753 2121 penitus

282 2132 466 2170 expertem.
515 2125 558 2158 ad
583 2126 668 2159 haec
689 2125 844 2158 subolere
868 2125 934 2158 sibi
957 2125 1108 2158 fraudem
1132 2129 1169 2159 et
1190 2125 1312 2158 malam
1335 2124 1435 2158 fidem
1455 2123 1592 2157 aiebant
1613 2122 1647 2156 in
1669 2121 1751 2162 ista,

282 2183 371 2215 quae
394 2170 593 2211 iactaretur,
617 2171 782 2204 affectata
804 2171 1013 2216 protectione
1030 2170 1181 2204 iniuriam
1197 2181 1392 2216 passorum:
1415 2172 1619 2215 quaestuosa
1633 2177 1752 2211 nempe

282 2216 514 2260 popularitate
537 2223 643 2250 artem
667 2216 718 2250 sic
740 2216 911 2250 inventam
936 2217 1236 2261 praeoccupandae
1258 2215 1424 2250 beneflcio
1448 2212 1692 2253 multitudinis,
1713 2218 1751 2246 et

283 2262 428 2294 iniustae
455 2273 542 2306 quae
566 2270 748 2306 pararetur
768 2262 964 2296 intrusionis
988 2263 1136 2297 factione
1157 2263 1374 2296 obnoxiorum
1396 2258 1679 2294 corroborandae.
1714 2258 1749 2291 in

286 2308 374 2341 hunc
396 2307 527 2340 modum
551 2312 588 2340 et
610 2307 836 2341 sentientibus
860 2314 896 2342 et
918 2309 1158 2342 disserentibus
1181 2307 1347 2352 episcopis
1369 2304 1554 2343 nonnullis.
1591 2315 1666 2337 cum
1689 2303 1750 2338 alii

285 2351 507 2397 persistentes
530 2352 566 2386 in
593 2353 666 2386 heri
690 2358 826 2387 ostensa
848 2356 1016 2389 sententia
1039 2358 1289 2399 repugnarent,
1313 2350 1422 2385 scindi
1443 2349 1614 2384 antistites
1636 2349 1672 2382 in
1694 2350 1751 2383 fa-

287 2397 416 2432 ctiones
441 2398 595 2441 contigit,
619 2398 671 2431 his
695 2410 736 2432 ex
761 2400 902 2433 adverso
925 2400 1172 2434 affirmantibus
1194 2408 1403 2442 nequaquam
1427 2395 1494 2430 rite
1512 2395 1621 2429 fuisse
1642 2395 1751 2440 depo-

286 2443 387 2478 situm
414 2443 644 2484 Athanasium,
667 2445 726 2477 sed
750 2444 873 2477 iniuste
896 2450 932 2477 et
951 2445 1097 2478 invalide
1119 2455 1181 2489 per
1202 2443 1269 2477 vim
1291 2442 1469 2482 deiectum,
1492 2440 1638 2486 legitime
1660 2452 1751 2475 sem—

286 2499 349 2534 per
372 2494 506 2522 retenta
529 2499 753 2534 possessaque
776 2489 963 2533 dignitate;
994 2501 1100 2534 qnare
1130 2490 1221 2523 illum
1250 2494 1345 2521 recte
1377 2494 1482 2532 atque
1513 2487 1631 2521 ordine
1661 2498 1751 2520 nunc

286 2535 341 2569 vel
367 2545 443 2568 sero
467 2534 604 2578 agnosci
636 2545 696 2578 pro
727 2546 767 2567 eo
798 2534 855 2579 qui
877 2546 958 2568 vere
981 2536 1048 2578 sit,
1082 2538 1118 2568 et
1148 2535 1182 2568 in
1206 2539 1324 2579 erepto
1347 2532 1463 2578 inique
1485 2533 1604 2578 reponi
1626 2533 1749 2566 throno

286 2591 351 2626 par
374 2592 460 2614 esse.
505 2582 556 2613 ita
579 2579 786 2623 potissimum
818 2581 1003 2613 censebant
1034 2581 1092 2625 qui
1115 2591 1152 2613 se
1175 2579 1392 2613 ordinationis
1415 2580 1574 2613 honorem
1597 2580 1750 2613 Athana-

287 2627 339 2660 sio
362 2626 580 2660 meminerant
601 2625 744 2666 debere3
775 2624 941 2670 iidemque
973 2637 1011 2658 se
1046 2629 1217 2670 promptos
1239 2625 1430 2659 offerebant
1453 2625 1496 2659 ad
1520 2635 1645 2670 poenas
1666 2624 1750 2658 sub-

288 2672 415 2706 eundas
437 2682 522 2716 quas
546 2671 627 2715 ipsis
651 2681 792 2715 cumque
820 2671 922 2704 vellet
954 2671 1124 2716 imponere
1154 2672 1198 2704 ob
1221 2670 1321 2704 alium
1344 2670 1471 2704 tamdiu
1494 2681 1670 2715 perperam
1693 2670 1749 2703 in-

286 2726 417 2752 trusum
449 2728 510 2762 pro
541 2728 622 2750 vero
652 2717 831 2750 admissum
863 2727 1034 2750 sacrorum
1070 2716 1270 2761 praesidem.
1334 2717 1418 2750 haec
1448 2715 1508 2750 isti
1542 2716 1748 2760 allegabant,

286 2776 374 2808 quae
408 2775 482 2797 cum
513 2763 732 2797 adversantes
764 2762 821 2796 alii
852 2762 1097 2796 contentiosius
1130 2762 1325 2795 refellerent
1356 2773 1561 2806 magnopere
1591 2761 1750 2796 iactanda

286 2810 556 2853 validissimaque
575 2808 836 2844 demonstranda
858 2808 1073 2844 abdicatione
1098 2807 1296 2851 Athanasii3
1319 2807 1415 2842 cuius
1437 2809 1542 2843 etiam
1561 2817 1682 2842 causas
1705 2816 1747 2840 ex
