1820 3112
178 163 275 209 156
595 161 832 206 GEORGII
865 147 1219 205 PAchms

175 276 306 331 σμούς
328 276 589 324 ἐπικλασθεὶς
614 274 657 317 ἔκ
686 280 769 318 τῶν
797 273 966 332 θρήνων
987 280 1060 330 τῆς
1081 273 1293 331 γυναικός,
1321 274 1551 318 ἀντιλυπεῖν
1570 275 1646 329 μὲν

173 347 250 399 τὴν
281 349 408 400 γραῦν
432 342 828 400 παραμυθήσασθαι
856 345 899 387 δὲ
929 345 1004 399 τὴν
1037 347 1144 386 ἷὸίαν
1175 345 1218 387 ἐκ
1248 349 1323 399 τῆς
1356 344 1459 400 πρὸς
1492 345 1644 398 ἐκείνην

172 413 332 468 ὕβρεως
349 414 540 456 ἐδικαίου.
612 415 678 455 καὶ
700 414 751 468 ὀὴ
775 415 926 468 ἐκείνην
948 415 1023 467 μὲν
1044 413 1117 456 οὐκ
1135 411 1214 466 εἶχέ
1234 431 1271 455 τι
1294 413 1522 456 διαθέσθαι
1544 410 1646 466 ἀνή-

173 498 336 533 κεστον,
376 482 513 537 εὐγενῆ
543 499 585 524 τε
616 478 744 524 οὖσαν
776 484 843 524 καὶ
871 481 1046 536 μα’μμην
1080 481 1430 540 λο>ἰζο,ιιένην”τῷ
1462 485 1644 530 βασιλεῖ’·

175 549 251 605 εἶχε
272 550 317 593 δ’
342 553 486 593 οἰκεῖον
509 551 634 606 ἐκείνη
663 554 976 594 Κωνσταντῖνον
1005 550 1306 605 ΙΙἸαυροζιῦμην
1335 549 1678 604 ὠνομασμένον,5

176 614 208 677 ᾧ
237 620 287 674 δὴ
318 625 383 661 καὶ
412 624 673 675 συγχρῆσθαι
702 619 806 662 κατὰ
835 622 973 675 κοίτην
991 622 1168 676 κρυφιάν
1198 620 1366 674 ἐλέγετο.
1437 621 1646 662 καὶτοῦτο

125 697 157 731 Ε
182 689 231 743 δὴ
250 692 408 742 μᾶλλον
435 684 485 743 ἧν
503 689 549 731 τὸ
574 691 721 731 δοκοῦν
742 690 876 747 ἐκείνῳ
899 686 1054 744 σοᾳόν,
1097 688 1167 745 ἐφ’
1187 683 1220 747 ᾧ
1247 687 1518 743 ἀτιμουμένου
1545 687 1646 730 ἐκεί·-

177 775 251 800 νου
282 756 308 812 ἦ
339 757 433 800 κατ’
469 758 620 811 ἐκείνης
645 756 928 811 ὖποτρὲχουσα
959 756 1078 811 βάξις
1102 758 1144 799 ἐκ
1163 762 1246 799 τῶν
1279 759 1467 799 δυνατῶν
1487 760 1646 812 θριαμ-

174 824 350 881 βεύοιτο.
411 826 579 879 πέμψας
594 831 692 882 γοῦν
711 826 857 869 αὐτίκα
878 828 944 868 καὶ
965 826 1165 883 περισχὼν
1182 826 1251 868 τὸν
1271 825 1496 881 ἄνθρωπον
1517 825 1646 881 μηδὲν

175 900 258 938 τῶν
291 895 563 949 πραχθέντων
594 894 756 947 εἰδότα,
799 902 949 950 γυμνοῖ
975 913 1018 938 τε
1054 893 1227 949 πάμπαν
1257 894 1412 949 ἀτίμως
1443 895 1510 936 καὶ
1539 893 1643 936 κατὰ
1658 905 1702 939 10

174 969 312 1007 πᾶσαν
334 964 488 1019 ἀγορὰν
508 962 775 1019 θριαμβεύειν
791 971 876 1014 τοῖς
900 964 1057 1013 οἰκείοις
1089 961 1359 1020 προστάσσει·
1397 962 1484 1018 ἅμα
1505 962 1557 1017 δὴ
1579 963 1647 1006 καὶ

177 1032 335 1088 πληγὰς
365 1030 496 1082 δεινάς
530 1050 572 1075 τε
591 1035 658 1075 καὶ
687 1035 878 1082 πλείστας
911 1034 1140 1076 ἓντείνουσι.
1211 1037 1334 1075 τοῦτο
1354 1030 1560 1088 γινόμενον
1578 1031 1647 1073 καὶ

175 1102 389 1156 ἇνενεχθέν
408 1105 589 1155 βασιλεῖ,
625 1102 754 1151 πολὺς
775 1097 825 1156 ἦν
848 1104 994 1151 ἐκεῖνος
1016 1102 1090 1156 τὴν
1115 1099 1271 1154 τόλμαν
1296 1102 1338 1143 ἓν
1367 1103 1484 1159 δεινῷ
1503 1098 1647 1143 ποιού-

30 1183 59 1217 Ρ
85 1183 149 1218 105
173 1188 319 1225 μενος,
363 1173 429 1212 καὶ
450 1168 682 1224 ἀχθόμενος
701 1171 753 1213 τὰ
772 1169 928 1226 μεγάλα
949 1173 983 1213 εἰ
1003 1170 1132 1213 αὐτοῦ
1153 1170 1354 1223 βασιλέως
1373 1170 1648 1224 ἓνδημοῦντος

171 1241 301 1295 μηδὲν
326 1240 504 1293 μηδενὸς
533 1241 681 1289 ἐκεῖνος
720 1241 981 1296 ἐπιστραφεὶς
1011 1244 1145 1281 ταῦτα
1174 1237 1371 1294 πράττοι,
1414 1239 1481 1280 καὶ
1511 1241 1645 1280 ταῦτα
1657 1245 1700 1282 15

171 1308 284 1363 παρὰ
308 1305 502 1364 τοιαύτην
523 1310 670 1350 αἰτίαν.
725 1307 837 1362 ὅμως
856 1308 954 1357 τοὺς
973 1308 1139 1362 θυμοὺς
1158 1307 1375 1362 κατασχών
1395 1306 1645 1363 προσέταττε

171 1378 248 1432 τὴν
265 1378 484 1432 ταχίστην,
521 1379 586 1419 καὶ
607 1375 725 1430 μόλις
746 1378 820 1430 μὲν
849 1376 945 1419 ἀλλ’
973 1375 1085 1431 ὅμως
1115 1375 1339 1432 νικησάσης
1357 1381 1430 1430 τῆς
1458 1375 1647 1426 ἐξουσίας

171 1448 459 1502 ἐλευθεροῦται
499 1444 519 1489 ὅ
549 1444 866 1502 τιμωρούμενος.
937 1446 1126 1488 ἐντεῦθεν
1158 1447 1224 1487 καὶ
1255 1449 1377 1500 μῆνις
1401 1444 1504 1498 μετὰ
1520 1442 1646 1498 χόλον

172 1513 370 1571 ἑντετήκει
405 1519 465 1574 τῷ
498 1520 663 1569 βασιλεῖ
668 1548 682 1568 ,
729 1517 796 1558 καὶ
831 1514 941 1557 δεινὰ
968 1515 1136 1571 ἔστρεφε
1165 1518 1252 1564 πῶς
1270 1513 1319 1556 ἂν
1343 1513 1550 1568 ταπεινοίη
1572 1511 1646 1555 τὸν

175 1634 250 1658 cum
274 1622 454 1669 exquisivit
478 1634 582 1667 aegre
605 1623 751 1658 faciendi
772 1623 908 1658 vetulae
931 1634 974 1658 ea
996 1623 1062 1668 ipsi
1085 1622 1280 1669 reponenda
1302 1621 1522 1663 contumelia,
1557 1631 1647 1666 quae

175 1669 248 1704 acri
270 1670 323 1703 sui
346 1681 447 1703 sensu
471 1670 781 1715 Strategopulinam
805 1670 872 1704 alte
895 1671 1074 1703 vulnerans
1102 1670 1158 1703 vel
1182 1674 1416 1714 compensaret
1446 1669 1502 1702 vel
1524 1678 1647 1701 conso-

174 1716 305 1750 laretur
337 1715 520 1749 molestiam
549 1728 617 1760 qua
650 1727 723 1749 cum
755 1716 831 1761 ipse
862 1720 933 1749 tum
966 1715 1088 1749 coniux
1120 1716 1266 1750 fuissent
1289 1726 1331 1749 ex
1354 1714 1426 1748 eius
1451 1715 1646 1758 contemptu

176 1761 384 1796 contristati.
430 1773 471 1796 ac
502 1761 534 1795 in
557 1761 664 1807 ipsum
694 1762 832 1807 quidem
855 1762 1009 1807 protinus
1033 1773 1169 1795 exosum
1194 1765 1296 1807 caput
1329 1761 1415 1794 iram
1445 1770 1645 1805 expromere

177 1819 244 1843 non
269 1808 390 1852 potuit,
412 1807 581 1842 reveritus
604 1819 780 1853 personam
803 1807 980 1842 nobilitate
1003 1818 1066 1842 sua
1087 1813 1208 1849 tutam,
1232 1813 1269 1841 et
1291 1806 1460 1842 affinitate
1482 1805 1646 1852 principis

179 1853 474 1888 commendabilem
496 1859 566 1888 tam
597 1858 673 1888 arta
698 1859 738 1887 ut
767 1854 867 1888 aviae
897 1853 1004 1899 ipsam
1039 1853 1232 1898 dignatione
1253 1855 1426 1898 Augustus
1458 1863 1647 1898 proseque-

178 1906 286 1934 retur.
334 1912 450 1934 verum
473 1911 547 1934 cum
572 1904 664 1934 esset
685 1900 764 1934 huic
786 1900 938 1934 minister
960 1900 1163 1934 domesticus
1186 1899 1309 1945 oppido
1333 1910 1449 1940 carus,
1474 1898 1646 1932 Constan-

178 1947 271 1980 tinus
295 1946 532 1980 Maurozomas
554 1947 704 1989 nomine,
738 1958 804 1992 quo
829 1946 904 1980 viro
928 1946 972 1980 ad
994 1946 1094 1980 foeda
1116 1946 1280 1990 obsequia
1300 1951 1509 1980 secretarum
1531 1942 1645 1977 libidi-

177 2004 255 2026 num
281 2004 365 2026 anus
388 1991 483 2026 abuti
507 1993 702 2037 ferebatur,
727 1992 910 2038 percallide
932 2004 970 2026 se
992 1993 1159 2026 facturum
1182 1992 1346 2033 credidit,
1369 1991 1399 2025 si
1421 1990 1548 2025 amasio
1571 1999 1647 2023 nm·-

176 2038 268 2072 lieris
291 2050 388 2082 quam
413 2039 533 2072 oderat
554 2039 678 2083 insigni
701 2039 868 2072 dedecore
900 2038 1108 2073 traducendo
1141 2049 1206 2072 non
1236 2039 1342 2071 solum
1373 2037 1438 2082 ipsi
1464 2035 1646 2071 cordolium

178 2096 221 2118 ex
245 2084 329 2118 malo
353 2084 466 2118 dilecti
488 2096 594 2128 grave
616 2085 794 2127 incuteret,
821 2085 880 2118 sed
905 2089 939 2118 et
963 2084 1050 2118 clam
1072 2084 1232 2118 iactatam
1254 2083 1475 2129 popularibus
1497 2081 1646 2116 susurris

177 2131 367 2164 obscoenae
391 2142 464 2163 cum
489 2133 551 2164 hoc
575 2131 697 2164 famulo
722 2131 974 2165 consuetudinis
1007 2131 1177 2164 infamiam
1201 2129 1457 2175 frequentandis
1481 2129 1523 2163 de
1546 2127 1646 2161 buius

176 2176 453 2209 dehonestatione
485 2178 695 2211 sermonibus
728 2177 928 2211 eventilaret
951 2188 991 2210 ac
1014 2176 1117 2210 latius
1140 2180 1337 2220 spargeret,
1358 2175 1502 2209 maximo
1525 2184 1647 2218 suspe-

177 2227 254 2255 ctae
277 2221 397 2266 flagitii
420 2227 488 2255 tam
513 2223 663 2266 pudendi
692 2223 886 2268 principalis
919 2228 1093 2257 matronae
1124 2222 1282 2256 ludibrio.
1329 2219 1508 2255 confestim
1538 2218 1645 2262 igitur

175 2267 332 2301 immissis
355 2268 388 2300 in
411 2267 657 2302 Maurozomam
690 2269 770 2302 nihil
793 2270 899 2303 minus
922 2274 1159 2314 expectantem
1188 2267 1336 2302 robustis
1358 2278 1378 2300 e
1401 2277 1461 2301 suo
1484 2263 1644 2299 satellitio

174 2313 352 2347 lictoribus
377 2314 500 2359 corripi
524 2314 679 2348 miserum
712 2326 752 2348 ac
783 2315 923 2360 spoliari
955 2315 1069 2357 iubet,
1101 2319 1242 2359 totoque
1264 2314 1338 2347 foro
1362 2312 1461 2346 foede
1482 2310 1646 2344 nudatum

174 2359 290 2394 multis
322 2360 459 2403 insuper
494 2371 534 2392 ac
557 2360 720 2404 gravibus
747 2361 855 2405 plagis
878 2361 1019 2395 inflictis
1042 2358 1352 2405 ignominiosissime
1374 2355 1520 2391 traduci.
1567 2355 1646 2390 vul-

176 2410 260 2450 gata
282 2410 448 2439 momento
472 2405 522 2438 rei
555 2407 644 2439 fama
667 2406 867 2451 perlatoque
902 2408 944 2441 ad
973 2407 1212 2451 imperatorem
1236 2404 1316 2450 quid
1351 2402 1533 2437 familiares
1557 2401 1645 2436 Por-

178 2451 394 2496 phyrogeniti
415 2451 506 2485 iussu
531 2451 603 2485 eius
628 2452 738 2497 palam
762 2456 1009 2494 attentassent,
1032 2452 1200 2486 enimvero
1223 2457 1333 2484 motus
1356 2448 1412 2482 ille
1435 2459 1502 2482 nou
1526 2459 1644 2492 parum

179 2502 254 2539 est,
285 2497 465 2541 indignans
501 2498 716 2531 vehementer
748 2498 829 2530 nihil
861 2499 1041 2532 reveritum
1064 2496 1288 2541 praesentiam
1321 2493 1537 2540 imperatoris
1566 2498 1646 2527 tan-

179 2548 252 2577 tum
280 2554 355 2576 esse
379 2555 493 2577 ausum
518 2543 857 2588 Porphyrogenitum.
904 2548 1017 2577 tamen
1050 2553 1243 2587 compressa
1268 2542 1302 2575 in
1325 2551 1488 2586 praesens
1508 2539 1562 2574 ira
1585 2539 1646 2573 mi-

179 2589 226 2623 sit
260 2589 419 2623 celeriter
448 2588 508 2635 qui
538 2589 789 2623 Maurozomam
817 2590 1022 2634 imperarent
1052 2588 1179 2622 dimitti
1207 2588 1374 2629 liberum;
1412 2586 1502 2631 quod
1541 2595 1646 2629 aegre

181 2635 338 2680 quidem,
372 2635 509 2670 tandem
543 2640 655 2670 tamen
695 2635 913 2679 praevalente
954 2633 1159 2668 auctoritate
1191 2644 1321 2668 summa
1357 2633 1544 2678 perfectum
1577 2635 1645 2666 est.

179 2681 258 2715 hinc
280 2681 346 2716 iam
369 2686 447 2727 post
470 2681 612 2727 primam
633 2680 725 2715 illam
747 2682 955 2726 eruptionem
990 2679 1291 2714 excandescentiae
1313 2684 1475 2712 constans
1493 2676 1646 2711 offensae

180 2727 365 2762 voluntatis
397 2727 530 2762 aversio
564 2730 752 2772 Augustum
783 2725 989 2761 abalienavit
1023 2737 1045 2760 a
1075 2737 1254 2770 germano,
1295 2735 1504 2769 versareque
1533 2723 1644 2757 animo

179 2774 286 2808 suasit
306 2773 447 2808 consilia
469 2773 679 2819 deprimendi
703 2773 775 2807 eius
799 2785 899 2818 quem
928 2783 1032 2818 supra
1064 2772 1195 2806 modum
1217 2770 1358 2806 videbat
1383 2769 1518 2804 effen-rh
1549 2779 1647 2804 suam

179 2819 306 2865 quippe
329 2820 364 2854 in
387 2820 617 2856 contumeliam
638 2819 832 2854 redundare
862 2819 1154 2865 interpretabatur
1184 2818 1296 2853 audax
1327 2817 1399 2852 eius
1429 2817 1577 2859 factum,
1609 2818 1647 2848 et
