1820 3112
399 156 474 198 DE
507 153 832 197 ANDRONICO
866 150 1239 195 PALAEOLOGO
1274 151 1320 192 L.
1340 149 1397 194 H.
1538 149 1630 194 121

182 268 321 325 λογίαν
340 268 382 319 ἐξ
402 265 550 310 ἑαυτοῦ
572 265 720 323 ἔγραφε
744 267 808 308 καὶ
828 263 1072 321 ὗπέγραφεν,
1094 262 1223 318 αὐτὴν
1245 262 1295 318 δὴ
1314 262 1491 317 τὴντῶν
1511 258 1636 318 ἆγίων

183 338 250 380 καὶ
281 336 659 391 κατημαξευμένην,
695 335 822 390 μηδὲν
847 334 894 375 τὸ
918 333 1075 389 ἀσαφὲς
1097 334 1163 375 καὶ
1186 329 1487 386 ὖπονοούμενον
1516 330 1634 385 ἕχου-
1657 340 1687 374 Β

183 422 274 448 σαν.
345 403 530 460 δεύτερον
555 404 602 446 τὸ
630 407 735 446 κατὰ
760 402 835 447 ,τὸν
866 402 1104 455 Ἀντιοχείας
1132 400 1357 454 Ἀρσίνιον,
1391 404 1479 449 πῶς
1509 398 1636 453 μόνον

183 472 389 516 ἀκουσθέν
413 473 631 520 συσταθεὶς
653 470 720 513 ἐπ’
745 472 954 524 ἐκκλησίας
979 474 1036 526 τῷ
1058 468 1148 525 ῥηγὶ
1164 469 1376 524 Ἀρμενίας
1402 468 1453 510 τὰ
1483 467 1635 523 ἔσχατα

151 539 449 596 ὅκατεγνώσθη
470 543 535 583 καὶ
556 544 638 582 τῶν
660 537 864 592 διπτύχων
883 535 1129 590 ἐξεβάλλετε).
1199 538 1265 578 καὶ
1290 537 1489 590 βασιλέως
1510 536 1573 579 ὅτι
1593 554 1636 580 τε

183 609 255 652 τὸν
285 609 440 663 πατέρα
470 607 645 658 δόξαντα
672 609 760 662 περὶ
781 607 854 661 τὴν
877 607 1089 660 ἐκκλησίαν
1109 603 1304 660 ἁμαρτεῖν
1324 604 1485 660 ἄταφον
1505 604 1637 662 ἀφῆκε

184 679 251 720 καὶ
280 674 583 732 ἀμνημόνευτον
592 707 606 728 ,
643 678 709 718 καὶ
732 674 794 717 ὅτι
815 674 887 728 τὴν
913 674 1115 729 προτέραν
1140 671 1311 728 σύζυγον
1330 673 1383 716 τὰ
1403 672 1523 727 ὅμοια
1544 675 1635 729 περὶ

183 745 258 800 τὴν
276 744 459 800 εὔφημον
479 746 619 799 μνείαν
643 743 764 798 ἕδρα,
800 744 867 785 καὶ
886 744 1022 797 τρίτον
1038 741 1112 797 τὴν
1133 742 1288 798 μητέρα
1299 774 1312 793 ,
1351 740 1414 784 ὅτι
1435 743 1470 784 εἶ
1489 741 1545 796 μὴ
1569 743 1637 784 καὶ

184 813 288 868 αὐτὴ
309 812 379 856 τὸν
396 817 468 866 τῆς
488 814 658 861 πίστεως
674 812 820 854 δέδωκε
837 812 1020 862 λίβελλον
1031 843 1044 862 ,
1082 810 1156 853 οὐκ
1172 809 1221 852 ἂν
1243 812 1298 860 εἷς
1317 811 1527 853 κοινωνίαν
1544 811 1631 852 ε’δέ-
1655 815 1686 849 C

130 894 175 930 10
185 883 297 932 ξατο.
365 879 494 934 πολλή
513 897 571 929 τις
591 875 682 934 ἦνῆ
706 879 809 922 κατὰ
831 883 904 921 τοῦ
929 877 1179 934 πατριάρχου
1203 879 1383 932 μέμψις,
1420 877 1482 920 ὅτι
1511 877 1636 928 δόξας

184 953 390 1006 σφαλῆναι
415 949 473 1002 μὴ
501 950 707 1006 διορθῷτο
740 947 835 990 ἀλλ’
859 949 1226 1002 ι’σχυρογνωμονοιή
1247 949 1313 989 καὶ
1333 951 1478 1000 μῶμον
1502 962 1635 1003 προσ-

183 1020 401 1073 τρίβεσθαι
434 1017 550 1059 θέλοι
588 1021 639 1073 τῇ
670 1017 879 1075 ἐκκλησίᾳ,
927 1014 1116 1058 ἁπάντων
1144 1020 1289 1070 μῶμον
1319 1014 1391 1058 τόν
1419 1016 1634 1071 χείριστον.

182 1083 346 1141 ὖπέρρει
377 1089 473 1140 γοῦν
502 1084 570 1126 διὰ
596 1089 728 1126 ταῦτα
754 1082 780 1139 ἦ
808 1083 909 1139 πρὸς
939 1085 1087 1126 ἐκεῖνον
1114 1089 1187 1126 τοῦ
1212 1084 1411 1137 βασιλέως
1433 1082 1632 1136 διάθεσις,

183 1155 251 1195 καὶ
274 1153 314 1203 οἷ
333 1151 426 1195 κατ’
448 1154 597 1195 ἐκείνου
618 1153 759 1207 ἴσχυον
778 1153 899 1194 πλέον
917 1154 982 1194 καὶ
1004 1152 1123 1194 πλέον
1144 1152 1215 1203 ἔτι,
1248 1153 1388 1206 μέχρις
1407 1151 1457 1194 ἂν
1475 1154 1540 1194 καὶ
1558 1156 1631 1194 τοῦ
1653 1158 1686 1193 D

131 1226 174 1262 15
186 1221 442 1276 δηλωθέντος
455 1221 705 1264 Ἀθανασίου
728 1223 1068 1276 παραγγείλαντος
1094 1223 1160 1262 καὶ
1190 1219 1539 1274 συμβουλεύοντος
1561 1222 1636 1275 δῆ-

184 1294 261 1332 θεν
279 1289 352 1343 τὴν
369 1287 624 1344 ὑποχώρησιν
651 1290 880 1347 (ἐκοινοῦτο
901 1288 978 1344 γὰρ
999 1291 1063 1330 καὶ
1086 1287 1219 1346 τούτῳ
1237 1288 1311 1342 τὴν
1333 1287 1495 1343 γνώμην
1514 1287 1535 1331 ὃ
1554 1293 1636 1341 βα-

184 1354 339 1408 σιλεύς,
375 1359 441 1399 καὶ
467 1357 591 1406 αὐτὸς
617 1355 818 1400 ἐπευδόκει
840 1356 941 1412 πρὸς
959 1361 1117 1409 ταῦτα,
1156 1355 1210 1406 ὥς
1230 1358 1295 1398 καὶ
1313 1354 1540 1411 ὑποστῆναι
1562 1356 1636 1411 τὴν

184 1424 287 1481 πρὸς
306 1426 452 1467 ἐκεῖνον
473 1424 608 1481 ἄφιξιν
629 1425 701 1482 ἐφ’
726 1419 759 1483 ᾧ
796 1423 1091 1481 ξυμβουλεύω)
1161 1425 1248 1479 (6)
1284 1425 1462 1467 ἀπειπὼν
1488 1426 1634 1476 ἐκεῖνος
1654 1429 1683 1463 Ρ
1707 1431 1752 1465 82

185 1494 252 1536 καὶ
279 1491 565 1550 ἀποναρκήσας
595 1500 680 1543 τοῖς
710 1492 841 1547 ὅλοις,
880 1495 920 1536 ἓν
947 1498 1023 1554 μιζι
1050 1497 1132 1536 τῶν
1162 1491 1424 1550 κυριωνύμων
1458 1491 1632 1551 ἧμερῶν,

182 1650 239 1682 ret
260 1658 360 1692 quam
384 1646 427 1681 ad
451 1647 542 1681 istud
566 1659 704 1682 examen
734 1649 826 1682 soret
856 1659 1006 1685 necesse.
1050 1649 1141 1694 quod
1165 1659 1264 1682 unum
1287 1651 1382 1682 recte
1404 1650 1540 1693 posset,
1572 1648 1634 1683 da-

182 1697 294 1726 turum
317 1705 355 1727 se
374 1693 534 1738 scriptam
558 1695 796 1738 professionem
823 1706 906 1728 suae
928 1694 1029 1735 fidei,
1063 1706 1161 1739 quam
1193 1700 1229 1728 et
1257 1695 1427 1735 exhibuit,
1462 1693 1634 1739 ediditque

182 1738 408 1783 subscriptam
436 1750 457 1772 a
486 1750 543 1780 se,
577 1746 766 1773 sauctorum
797 1740 897 1774 dictis
919 1747 1156 1783 congruentem
1179 1751 1220 1774 ac
1242 1740 1325 1773 trita
1347 1740 1555 1783 gradientem
1577 1740 1634 1773 via

179 1783 328 1829 nihilque
355 1785 533 1818 obscurum
565 1791 624 1818 aut
655 1785 839 1830 suspicioni
869 1787 1043 1820 obnoxium
1074 1786 1264 1819 habentem.
1310 1786 1557 1829 adiungebatur
1579 1796 1632 1826 eo,

182 1829 271 1874 quod
295 1829 369 1874 pari
391 1831 576 1864 acerbitate
599 1831 781 1864 consultum
806 1832 970 1865 adversus
992 1831 1166 1865 Arsenium
1187 1831 1386 1864 Antiochiae
1404 1830 1632 1875 patriarcham

181 1885 290 1919 nuper
319 1876 443 1908 suerat.
487 1876 545 1920 qui
576 1877 711 1910 auditus
743 1879 848 1910 solum
879 1878 1088 1910 consensisse
1122 1877 1157 1910 in
1192 1876 1327 1919 negotio
1359 1876 1521 1909 ecclesiae
1556 1886 1631 1909 cum

180 1931 264 1963 rege
287 1920 483 1963 Armeniae,
507 1921 642 1955 ultimae
664 1922 776 1956 statim
801 1923 1004 1956 damnationi
1027 1922 1198 1956 subiectus
1222 1928 1257 1955 et
1279 1932 1394 1954 erasus
1418 1932 1438 1954 e
1460 1920 1631 1964 diptychis

180 1965 312 1999 fuisset.
359 1966 495 1999 tertium
530 1967 674 2012 denique
708 1968 943 2001 celebrabatur
975 1967 1226 2002 ecclesiasticae
1259 1966 1468 1999 constantiae
1500 1967 1534 1999 in
1568 1965 1630 2000 tali

182 2021 286 2044 causa
315 2010 518 2044 domesticae
549 2012 685 2056 pietatis
714 2013 866 2046 victricis
896 2013 1097 2046 luculentum
1131 2012 1334 2057 exemplum,
1371 2011 1534 2056 siquidem
1558 2014 1629 2046 An-

182 2055 338 2088 dronicus
359 2055 432 2100 ipse
457 2058 626 2100 Augustus
649 2063 821 2101 parentem
852 2059 1021 2103 proprium
1053 2069 1184 2091 errasse
1206 2057 1241 2090 in
1264 2057 1426 2091 ecclesiae
1449 2069 1551 2091 causa
1573 2057 1630 2092 iu-

183 2101 327 2140 dicatum
349 2101 548 2145 insepultum
572 2107 607 2134 et
629 2103 743 2136 officio
766 2105 942 2137 memoriae
963 2104 1103 2136 mortuis
1126 2103 1219 2135 reddi
1241 2103 1359 2136 solitae
1380 2103 1556 2136 multatum
1574 2103 1631 2136 di-

182 2146 330 2180 miserat.
377 2149 456 2190 quin
480 2153 515 2180 et
538 2147 683 2191 priorem
704 2159 797 2182 suam
820 2149 991 2191 coniugem
1015 2148 1088 2193 pari
1110 2148 1237 2181 funeris
1260 2153 1295 2181 et
1317 2148 1493 2182 mentionis
1515 2149 1549 2182 in
1572 2160 1630 2183 sa-

181 2191 269 2233 cris,
299 2191 401 2225 simili
430 2204 472 2225 ex
505 2203 625 2235 causa,
657 2193 780 2226 honore
811 2195 1027 2237 privaverat,
1061 2194 1205 2238 denique
1234 2199 1373 2227 matrem
1402 2195 1510 2239 ipsam
1532 2206 1628 2229 suam

181 2237 312 2271 nonnisi
341 2237 420 2270 dato
443 2239 486 2271 ab
509 2238 584 2282 ipsa
614 2238 724 2271 libello
747 2239 826 2272 fidei
848 2239 881 2272 in
907 2239 1164 2272 communionem
1186 2239 1376 2274 admiserat.
1423 2240 1503 2274 talia
1526 2251 1628 2285 repu-

179 2283 330 2317 tantibus
362 2290 398 2316 et
429 2283 554 2328 passim
584 2283 784 2317 iactantibus
814 2285 917 2317 multa
949 2285 1076 2318 cunctis
1105 2285 1322 2318 oboriebatur
1342 2288 1459 2319 contra
1480 2286 1630 2331 patriar-

181 2328 505 2373 cham-indignatio,
526 2329 561 2362 in
584 2340 680 2363 acres
702 2329 808 2374 ipsius
829 2330 1104 2373 reprehensiones
1127 2342 1326 2375 erumpens,
1350 2331 1439 2376 quod
1462 2331 1492 2364 is
1516 2332 1628 2376 palam

182 2385 314 2408 errasse
335 2375 561 2419 deprehensus
585 2374 752 2409 emendari
779 2379 967 2418 recusaret,
992 2387 1032 2409 ac
1053 2387 1115 2410 sua
1137 2377 1323 2421 pertinacia
1345 2377 1454 2411 labem
1475 2377 1629 2410 inureret

181 2419 364 2461 ecclesiae,
392 2421 567 2465 labemque
598 2420 740 2454 omnium
773 2421 963 2465 pessimam.
1010 2422 1252 2465 refrigescebat
1282 2422 1332 2456 his
1363 2422 1407 2456 de
1436 2422 1549 2456 causis
1572 2433 1630 2455 ar-

180 2464 263 2498 dens
286 2465 380 2510 prius
401 2466 613 2511 imperatoris
636 2467 669 2500 in
692 2477 767 2499 eum
790 2467 946 2508 affectus,
969 2471 1004 2500 et
1021 2467 1288 2502 adversariorum
1314 2468 1386 2502 eius
1410 2468 1516 2512 magis
1542 2479 1630 2512 quo-

180 2510 266 2544 tidie
289 2511 462 2556 magisque
492 2512 643 2556 potentia
674 2513 849 2546 crescebat
863 2538 870 2546 ,
899 2524 940 2546 eo
963 2513 1096 2557 quidem
1118 2524 1224 2558 usque
1246 2517 1285 2547 ut
1306 2514 1403 2548 modo
1427 2519 1629 2547 memoratus

179 2555 381 2589 Athanasius
414 2557 521 2601 ipsum
553 2558 669 2591 adiens
699 2563 818 2591 auctor
850 2557 916 2602 ipsi
946 2558 1046 2591 fieret
1081 2559 1313 2604 patriarchalis
1343 2559 1517 2603 dignitatis
1540 2558 1628 2592 ultro

183 2601 400 2636 abdicandae.
446 2602 480 2638 id
513 2614 613 2647 porro
644 2603 888 2636 Alexandrinus
919 2615 985 2637 uon
1015 2615 1079 2648 per
1100 2615 1138 2638 se
1163 2616 1266 2638 ausus
1288 2604 1502 2650 imperatoris
1526 2614 1629 2637 suasu

183 2647 350 2690 suscepit:
386 2659 461 2681 nam
492 2648 700 2682 Andronicus
731 2659 826 2682 suum
848 2649 895 2682 illi
918 2649 990 2683 eius
1012 2649 1063 2683 rei
1085 2649 1285 2684 desiderium
1316 2650 1629 2684 communicaverat.

183 2690 237 2723 cui
258 2690 314 2724 ille
334 2691 370 2725 in
391 2704 430 2726 re
451 2693 512 2726 tali
533 2694 779 2739 obsequendum
802 2700 915 2735 ratus,
949 2695 1156 2730 sustinuerat
1186 2696 1364 2730 convenire
1385 2694 1627 2740 patriarcham,

181 2738 219 2768 et
238 2737 327 2780 qnod
349 2737 438 2771 haud
460 2743 592 2782 gratum
615 2740 718 2773 sciret
739 2740 832 2781 sore,
854 2746 974 2784 sponte
997 2741 1167 2779 consilium
1189 2742 1382 2776 obtrudere.
1430 2741 1505 2784 (6)
1529 2751 1643 2774 aver--

180 2785 276 2815 satus
297 2781 356 2816 ille
377 2783 508 2829 quidem
531 2789 586 2819 est
606 2785 746 2819 invisam
768 2785 1052 2831 propositionem,
1083 2798 1147 2821 nec
1168 2797 1207 2822 se
1228 2788 1464 2822 obsecuturum
1486 2785 1627 2831 recepit.
