1858 3126
305 169 401 214 828
698 166 1008 210 OBSERVAT.
1041 167 1351 211 PAc-HYMER.

304 279 440 317 butam
459 276 663 327 Ortogruli
682 276 729 314 ab
747 275 915 314 Aladino
926 306 940 325 ,
970 277 1091 315 fuisse
1109 277 1302 315 confinem
1324 277 1507 316 Romanis
1521 277 1602 317 illis
1622 276 1744 316 modo

303 332 526 372 memoratis
558 332 711 372 arcibus
722 346 735 382 3
765 339 804 371 et
839 332 1000 371 militiae
1028 333 1113 371 illic
1147 333 1296 372 dudum
1330 333 1561 372 constitutae
1587 334 1744 384 lateque

303 389 575 428 formidandae
603 389 952 441 stipendiariorum
982 397 1207 428 exterorum
1233 389 1416 428 Romanis
1436 389 1619 440 Augustis
1639 390 1744 428 mili-

302 446 494 494 tantium,
524 446 746 498 oppositam
773 460 794 482 a
824 446 984 483 Sultane
1011 446 1181 484 Aladino
1210 446 1323 484 istam
1350 445 1552 484 cohortem
1577 458 1746 496 sequen-

300 503 400 540 tium
433 503 632 540 fortunam
661 501 884 552 Ortogrulis
911 515 1072 553 peregre
1105 502 1261 554 appulsi
1289 502 1530 548 Turcorum,
1562 500 1630 552 qui
1647 514 1746 552 qua-

301 559 509 610 dringenta
537 558 619 596 illic
649 558 899 597 tabernacula
929 559 1183 610 complerent.
1243 558 1382 608 quodsi
1410 564 1563 609 tempus
1587 556 1747 607 indage·

299 628 388 653 mus
416 629 495 666 quo
515 615 697 665 migrasse
719 615 1016 666 Karaiaptagam
1034 628 1055 654 e
1078 615 1166 667 ripa
1184 612 1396 666 Euphratis
1419 613 1605 653 ulteriore
1624 613 1748 652 Orto-

299 671 426 722 grulis
461 672 649 710 familiam
674 671 820 709 Arabes
852 671 1052 719 indicant,
1092 671 1331 722 reperiemus
1358 670 1440 708 sere
1466 668 1679 708 convenire
1703 668 1747 707 in

299 727 562 780 principatum
593 726 752 765 Ioannis
782 728 982 777 Batatzae,
1015 729 1080 778 qui
1105 727 1268 765 Nicaeae
1291 726 1448 765 Graecis
1466 725 1675 777 imperavit
1695 724 1746 762 ab

301 797 403 822 anno
431 788 537 827 1228
558 783 608 821 ad
630 783 758 831 1255,
789 796 868 834 quo
901 782 1074 821 moriens
1104 796 1367 822 successorem
1399 781 1537 820 habuit
1563 780 1748 820 Theodo-

301 854 390 879 rum
408 839 545 878 filium.
604 853 673 891 per
696 839 762 876 illa
785 846 962 891 tempora
984 845 1023 877 et
1044 839 1136 878 inde
1152 839 1202 878 ad
1219 845 1415 891 receptam
1434 851 1455 876 e
1475 837 1620 876 Latinis
1640 837 1747 875 Con-

302 896 601 948 stantinopolim
634 895 857 945 vigentibus
875 902 913 933 et
931 909 1093 934 numero
1113 903 1230 947 atque
1252 895 1452 934 alacritate
1474 892 1747 946 praevalenti-

302 953 375 991 bus
394 951 656 1004 praesidiariis
676 952 960 990 limitanearum
975 952 1122 991 arcium
1141 952 1296 1003 imperii
1315 951 1481 989 Romani
1499 956 1635 989 contra
1650 950 1748 988 Per·
1782 974 1788 980 ·

304 1009 447 1058 sidem,
478 1009 590 1047 facile
616 1007 663 1045 ab
688 1008 767 1046 illis
794 1009 1060 1046 sustinebatur
1077 1008 1248 1060 impetus
1266 1007 1522 1046 barbarorum
1544 1006 1587 1044 in
1611 1003 1747 1056 quoti-

306 1065 434 1103 dianis
450 1064 743 1103 velitationibus
771 1065 1002 1115 plerumque
1021 1064 1274 1112 inferiorum5
1305 1063 1434 1114 quoad
1455 1061 1624 1113 pessimo
1647 1075 1748 1099 cun-

304 1122 394 1160 silio
418 1127 597 1172 suggesto
622 1135 644 1159 a
669 1120 876 1169 Chadeno,
908 1119 1074 1158 michael
1099 1121 1354 1170 Palaeologus
1377 1124 1583 1169 postquam
1605 1117 1649 1156 in
1669 1116 1748 1155 im-

303 1178 458 1230 perium
484 1177 632 1216 invasit
660 1177 958 1228 circumscripto
987 1176 1141 1228 pupillo
1172 1174 1536 1218 IoanneYTheodori
1569 1172 1747 1213 Lascaris

303 1234 410 1281 filio,
440 1234 508 1272 ubi
536 1247 577 1272 se
607 1233 779 1284 potitum
810 1232 1154 1284 Constantinopoli
1188 1231 1333 1271 Latinis
1361 1236 1494 1283 erepta
1521 1229 1643 1277 vidit,
1680 1228 1748 1267 isti

304 1290 553 1343 praesidiarii
577 1290 743 1327 Romani
768 1289 902 1327 limitis
930 1289 1066 1327 vexari
1093 1289 1289 1327 fiscalibus
1309 1286 1512 1326 calumniis
1536 1292 1576 1325 et
1590 1286 1640 1325 ad
1654 1285 1748 1323 ino-

305 1347 411 1399 piam
434 1346 581 1397 redigi,
609 1346 810 1396 minuique
836 1346 928 1382 inde
958 1359 1046 1382 cuin
1073 1345 1212 1383 animis
1239 1351 1323 1382 tum
1350 1343 1499 1382 viribus
1522 1347 1563 1381 et
1585 1354 1746 1380 numero

303 1409 541 1453 coeperunt,
571 1408 617 1440 ut
633 1402 815 1439 observat
835 1401 1091 1452 Pachymeres
1110 1401 1268 1440 ibidem.
1325 1399 1483 1451 quando
1502 1397 1747 1450 potissimum

304 1458 515 1509 contigisse
534 1458 722 1496 credibile
737 1464 807 1507 est,
839 1457 944 1507 quod
962 1457 1106 1495 Arabes
1122 1457 1316 1507 indicant,
1344 1462 1390 1495 ut
1409 1454 1641 1505 Ortogrules
1658 1466 1748 1491 cum

303 1515 383 1552 suis
411 1527 597 1565 prospere
625 1514 666 1551 in
696 1515 894 1551 Romanos
925 1514 1137 1565 pugnando
1168 1513 1326 1552 laudem
1343 1512 1390 1551 ab
1409 1511 1602 1561 Aladino,
1632 1508 1747 1549 cuius

301 1569 483 1621 auspiciis
506 1570 720 1616 militabat,
750 1576 978 1607 mereretur.

414 1625 481 1663 lv.
539 1625 617 1663 Nec
650 1638 744 1663 vero
775 1626 890 1663 istam
919 1625 1141 1674 Ortogrulis
1173 1630 1211 1662 et
1237 1624 1411 1663 filiorum
1441 1621 1526 1660 eius
1556 1620 1746 1660 adversus

302 1680 579 1734 praesidiarios
606 1682 868 1719 Romanarum
894 1680 1044 1718 arcium
1069 1687 1332 1731 comparatam
1362 1690 1542 1730 operam,
1570 1682 1609 1714 et
1631 1689 1750 1728 quae·-

305 1737 422 1775 sitam
443 1738 484 1774 in
508 1737 655 1777 vicinia
675 1750 723 1775 ex
744 1743 854 1787 parte
875 1736 1058 1774 adversae
1079 1736 1249 1774 Persidis
1267 1733 1473 1773 stationem
1492 1731 1749 1784 Pachymeres

305 1794 391 1845 ipse
414 1793 647 1832 dissimulat.
705 1805 753 1830 en
772 1793 854 1830 eius
873 1792 991 1830 verba
1008 1791 1087 1832 vol.
1108 1791 1125 1829 1
1145 1806 1183 1844 p.
1207 1794 1259 1833 18
1277 1804 1314 1831 v.
1333 1794 1404 1833 20:
1428 1796 1522 1842 post
1536 1788 1636 1826 liaeo
1649 1789 1749 1826 viris

293 1850 485 1900 fortibus
513 1851 615 1887 inter
636 1851 785 1887 Persae
801 1879 811 1898 ‚
842 1849 989 1899 quibus
1012 1849 1141 1885 omnis
1161 1845 1321 1885 vivendi
1339 1860 1428 1898 spes·
1447 1853 1484 1883 et
1501 1843 1676 1884 conditio
1703 1845 1749 1881 in

306 1908 434 1944 armis
462 1913 568 1955 erat,
596 1907 759 1944 caeteris
783 1906 992 1942 inclinatis
1021 1902 1080 1941 ad
1116 1903 1335 1950 Tocharos,
1379 1903 1449 1954 qai
1473 1915 1598 1953 nuper
1622 1902 1751 1951 impe-

307 1965 414 2000 rium
432 1965 649 2000 Persarum
671 1968 938 2013 occuparant,
967 1959 1247 1998 rebellantibus
1267 1961 1398 1997 visum
1412 1965 1677 2010 opportunum
1693 1962 1750 1992 est

306 2020 488 2069 refugere
502 2018 560 2057 ad
574 2019 758 2056 claustra
777 2018 1020 2069 castellaque
1041 2018 1258 2065 montium,
1288 2022 1324 2053 et
1344 2013 1438 2054 inde
1458 2015 1594 2054 vicina
1612 2014 1749 2053 incur·-

307 2074 437 2112 sando
465 2083 582 2126 rapto
608 2089 658 2112 ac
675 2073 842 2126 praedis
869 2076 1019 2111 victum
1049 2087 1245 2124 quaerere.
1300 2071 1397 2110 haec
1413 2070 1506 2119 ille,
1535 2082 1634 2120 quae
1655 2067 1749 2118 quin

309 2131 536 2180 Ortogrulis
555 2131 723 2169 familiae
741 2130 978 2168 conveniant
991 2129 1273 2180 Karaiaptagae
1290 2139 1416 2179 prope
1433 2139 1540 2165 arces
1557 2126 1750 2165 Romanas

307 2186 509 2225 infinibus
531 2187 699 2226 Persidis
719 2186 951 2234 collocatae,
982 2199 1122 2235 negare
1147 2198 1261 2222 nemo
1282 2183 1452 2235 poterit,
1480 2181 1548 2232 qui
1573 2192 1750 2232 praeser-

308 2243 380 2280 tim
409 2243 621 2281 attenderit
643 2243 694 2280 ad
718 2242 786 2281 hic
809 2242 1022 2280 indicatam
1049 2241 1131 2279 eius
1165 2240 1406 2281 aversionem
1427 2252 1450 2276 a
1472 2235 1659 2276 Tocharis
1680 2234 1750 2271 in-

309 2298 515 2337 vasoribus
544 2299 732 2348 Persidis,
763 2299 906 2350 quibus
932 2311 981 2336 ne
1001 2310 1139 2350 parere
1170 2302 1373 2346 cogeretur
1399 2289 1749 2332 Soliman-Shabus

308 2355 533 2403 Ortogrulis
568 2361 701 2406 pater,
739 2354 832 2392 inde
863 2355 999 2393 relicta
1028 2352 1231 2404 provincia
1261 2352 1424 2402 fugerat.
1481 2348 1590 2386 addit
1617 2346 1750 2384 statim

307 2409 566 2460 Pachymeres
601 2410 876 2461 praesidiarios
917 2411 1179 2448 Romanarum
1221 2408 1370 2445 arcium
1399 2411 1612 2454 utcumque
1647 2401 1749 2452 agris

236 2516 238 2518 v
307 2466 493 2504 multatos
517 2473 555 2503 et
573 2467 741 2517 praedae
765 2472 875 2517 parte
893 2466 1083 2517 spoliatos
1101 2463 1344 2515 imprudenti
1364 2459 1527 2499 avaritia
1547 2456 1751 2497 Michaelis

306 2522 427 2574 primi
448 2535 468 2559 e
486 2521 721 2572 Palaeologis
739 2522 997 2573 imperatoris,
1028 2519 1258 2559 abstinuisse
1275 2516 1432 2568 quidem
1451 2515 1498 2553 ab
1513 2513 1749 2554 incursando

306 2578 406 2616 fines
427 2578 622 2626 hostium,
652 2577 760 2628 quod
780 2583 893 2614 antea
915 2577 1125 2615 utilissime
1147 2576 1334 2622 fecerant,
1366 2578 1495 2613 tamen
1523 2583 1631 2609 arces
1654 2568 1751 2621 ipsis

308 2634 534 2677 commissas
562 2634 638 2672 fide
664 2633 860 2671 constanti
879 2632 1072 2680 tenuisse,
1101 2628 1287 2681 quamdiu
1306 2641 1456 2666 annuae
1474 2626 1679 2679 pensiones
1697 2623 1748 2667 ad

307 2692 461 2729 victum
486 2690 724 2728 necessariae
750 2687 947 2740 praebitae
975 2687 1070 2738 ipsis
1105 2699 1125 2723 e
1152 2685 1248 2723 fisco
1285 2690 1398 2724 sunt:
1437 2684 1508 2722 has
1531 2695 1627 2720 vero
1652 2679 1748 2731 ipsis

306 2747 553 2798 suppeditari
578 2746 735 2784 desiisse
762 2750 851 2796 post
876 2749 1039 2782 mortem
1069 2740 1295 2789 Michaelis,
1324 2740 1410 2783 solo
1429 2740 1506 2777 iam
1522 2735 1747 2776 Andronico

169 2809 196 2841 P
221 2808 286 2842 601
309 2803 540 2855 imperante,
567 2803 711 2842 diserte
727 2807 862 2840 noster
877 2798 1014 2839 asserit
1032 2798 1110 2838 vol.
1129 2797 1166 2836 11
1186 2810 1227 2850 p.
1247 2798 1329 2840 208
1348 2810 1388 2837 v.
1405 2798 1470 2847 18,
1495 2793 1564 2833 ubi
1582 2793 1750 2831 alterum
