1858 3126
275 165 372 214 668
676 164 982 209 OBSERVAT.
1011 166 1317 212 PAGHYMER.

275 290 385 319 nunc
414 273 571 326 quidem
595 272 799 314 ducimus:
829 287 902 313 nec
927 274 1030 314 enim
1057 281 1172 315 vacat
1196 281 1266 315 aut
1290 276 1393 315 tanti
1412 280 1472 317 est
1496 278 1541 318 i'u
1562 279 1717 319 ratione

275 333 366 374 talis
385 330 659 383 appellationis
681 337 749 370 aut
764 337 894 383 etymo
911 331 1020 372 vocis
1038 331 1259 384 indagando
1276 332 1504 373 conflictari.
1530 358 1531 362 =
1559 348 1562 351 ⁴

293 393 295 395 ’
387 387 669 428 §summat
703 401 745 440 p.
764 390 847 431 807
875 400 916 428 v·
938 391 1002 429 18.
1065 389 1145 439 agit
1174 388 1223 427 de
1254 389 1525 439 Alanis²Noga
1551 390 1717 438 sublato,

273 443 339 483 cui
364 443 651 493 militaverant,
683 443 788 482 ultro
808 457 850 483 se
878 443 1133 483 offerentibus
1155 444 1401 495 Andronico,
1431 445 1501 496 qui
1522 454 1588 484 eos
1606 446 1720 484 selut

272 499 469 539 divinitus
493 500 632 538 missos
660 500 828 552 accepit,
868 514 1060 539 summam
1093 501 1149 539 eis
1177 501 1235 540 rei
1265 500 1446 539 militaris
1474 500 1718 552 permittens,

270 557 489 595 adsciscens
516 555 561 594 in
587 557 722 594 locum
749 557 949 608 copiarum
974 558 1258 607 Romanarum,
1289 557 1386 595 adeo
1411 563 1458 595 ut
1484 556 1646 596 delectis
1669 569 1731 603 ex¹

269 613 349 651 isto
375 625 515 663 genere
542 612 611 663 qui
636 612 815 664 equitatu
843 626 1002 665 operam
1028 613 1213 652 navaturi
1239 613 1489 662 viderentur,
1523 613 1722 650 detractos

269 669 444 721 propriis
463 668 660 720 equitibus
685 681 806 719 equos
828 669 1100 720 assignaverit,
1130 670 1237 722 ipsos
1257 683 1412 720 quoque
1426 669 1623 707 Romanos
1639 667 1720 706 lio-

270 738 362 764 rum
389 724 645 763 barbarorum
670 724 867 776 obsequiis
891 725 1132 778 mancipans.
1197 739 1289 764 nam
1314 738 1405 764 cum
1431 731 1532 764 esset
1553 723 1720 775 iampri-

272 780 362 819 dem
382 781 424 819 in
452 780 644 819 Orientali
665 781 835 832 equestri
860 781 1000 819 militia
1021 782 1205 820 usitatum
1233 787 1278 819 ut
1298 780 1557 834 cataphractis
1576 779 1720 831 equiti-

273 838 347 876 bus
366 837 544 875 adessent
562 837 604 874 in
627 837 786 888 praeliis
804 837 961 888 quidam
985 838 1151 888 pedites,
1182 838 1250 888 qui
1273 850 1352 886 eos,
1381 837 1414 875 si
1433 838 1547 885 sorte,
1575 836 1721 875 vulne-

273 899 382 933 ratos
402 899 470 931 aut
489 892 566 930 alio
585 906 678 930 casu
702 893 966 944 periclitantes
983 894 1164 933 iuvarent
1180 900 1461 944 servarentque
1471 922 1484 943 ,
1511 893 1609 931 tales
1635 891 1721 930 istis

274 949 496 988 ministrare
518 948 695 986 homines
710 950 904 987 Romanos
921 949 1045 990 iussit.
1103 949 1179 988 hoc
1205 962 1326 1000 genus
1347 949 1586 1001 equestrium
1606 947 1720 985 mini-

276 1011 449 1044 strorum
475 1011 611 1043 noster
642 1004 719 1043 hoc
748 1006 836 1043 loco
869 1003 1107 1053 διασωστᾶς,
1143 1005 1257 1057 quasi
1284 1005 1389 1043 dicat
1416 1010 1720 1052 conservatores,

275 1068 404 1100 vocat.
461 1056 698 1108 δεποτᾶτους
712 1061 796 1099 sive
815 1059 1087 1109 διαπωτάτους
1104 1062 1373 1113 appellaverat
1391 1060 1605 1099 Mauricius
1621 1059 1720 1097 reci-

275 1124 382 1156 tatus
401 1131 424 1155 a
443 1117 609 1167 Rigaltio
632 1116 674 1154 in
696 1117 910 1166 Glossario,
939 1118 998 1156 sic
1016 1118 1204 1156 continuo
1228 1130 1364 1155 eorum
1381 1115 1553 1155 officium
1566 1115 1721 1154 descri-

278 1173 396 1212 bens:
427 1173 471 1213 οἷ
485 1175 881 1225 παρακολουθοῦντες
897 1176 948 1229 τῇ
962 1171 1070 1223 τάξει
1090 1172 1160 1214 καὶ
1176 1169 1270 1221 τούς
1288 1172 1331 1214 ἐν
1348 1175 1401 1228 τῇ
1417 1169 1523 1228 μάχῃ
1545 1186 1721 1224 τραυμα-

276 1229 363 1277 τίας
389 1228 626 1281 γενομένους
655 1225 960 1280 ἆνακομίζοντές
989 1245 1032 1270 τε
1055 1229 1124 1270 καὶ
1153 1225 1490 1282 περιποιούμενοι.
1544 1226 1723 1276 adiungit

276 1284 346 1323 hic
373 1284 660 1322 eruditissimus
687 1286 876 1335 Rigaltius
909 1287 994 1324 loca
1019 1285 1127 1324 varia
1151 1285 1484 1323 Constitutionum
1504 1282 1644 1322 Leonis
1671 1282 1723 1320 de

274 1340 353 1379 hoc
370 1355 508 1391 genere
525 1341 843 1379 subsidiariorum
865 1343 988 1380 multa
1007 1341 1198 1380 docentia.
1229 1340 1371 1378 horum
1390 1340 1432 1377 in
1452 1354 1532 1378 uno
1552 1352 1600 1378 ex
1615 1339 1722 1376 Con-

273 1397 355 1436 stit.
380 1400 406 1438 3
427 1395 449 1449 ξ
469 1397 520 1440 15
541 1397 686 1435 dicitur
702 1397 799 1435 istos
817 1399 981 1436 asseclas
1006 1404 1044 1436 et
1062 1397 1257 1435 adiutores
1280 1396 1454 1447 equitum
1477 1396 1571 1434 olim
1591 1394 1720 1446 depu-

272 1460 380 1490 tatos
403 1453 547 1502 dictos,
581 1453 721 1491 Leonis
739 1453 907 1505 Augusti
934 1461 1108 1506 tempore
1129 1452 1320 1504 appellari
1344 1452 1482 1491 solitos
1498 1451 1722 1505 σκρίβωνας

271 1508 483 1545 scribone-9.
538 1509 581 1545 in
608 1509 732 1547 altero
752 1522 803 1548 ex
822 1510 987 1552 constit.
1011 1513 1062 1551 12
1087 1509 1110 1562 ξ
1130 1510 1185 1550 52
1203 1515 1298 1546 noto
1319 1509 1485 1559 glossam
1504 1507 1607 1546 hanc
1621 1503 1718 1553 τοδς

271 1562 508 1616 λεγομένους
526 1561 765 1612 δεποτᾶτους
778 1595 789 1614 ‚
818 1561 926 1605 τοῦτ’
952 1565 1032 1605 ἔστι
1054 1563 1150 1612 τούς
1166 1562 1398 1615 ε’πιμελητᾶς
1412 1565 1494 1604 τῶν
1510 1574 1719 1616 τραυματι-

271 1618 449 1670 ζομένων
469 1622 728 1669 στρατιωτῶν.
787 1621 1020 1671 praescribit
1042 1620 1224 1670 deinceps
1247 1619 1394 1658 ibidem
1421 1620 1498 1657 Leo
1527 1617 1716 1669 quaedam

271 1675 373 1715 circa
389 1687 597 1712 numerum
615 1681 655 1712 et
671 1675 864 1713 delectum
883 1676 1025 1713 horum
1047 1675 1346 1726 deputatorum,
1373 1674 1511 1712 iubens
1529 1673 1716 1712 constitui

272 1731 323 1769 ad
342 1744 458 1768 omne
481 1732 644 1782 signum
666 1732 829 1782 (Graece
847 1727 1020 1783 βάνδον,
1049 1743 1189 1781 nempe
1205 1736 1376 1768 turmam
1395 1736 1464 1768 aut
1483 1729 1583 1767 alam
1601 1728 1718 1780 equi-

272 1793 361 1825 tum
387 1784 459 1824 sub
490 1799 572 1824 uno
599 1787 748 1825 vexillo
774 1787 1029 1836 merentium,
1059 1787 1194 1837 quales
1220 1786 1324 1824 Galli
1346 1793 1535 1824 cornettes
1555 1785 1716 1832 vocant)

133 1849 161 1882 P
185 1847 253 1884 469
276 1848 367 1882 octo
386 1849 457 1880 aut
477 1842 609 1881 decem
630 1857 679 1881 ex
701 1842 976 1895 deputatorum
994 1842 1132 1880 ordine
1148 1839 1344 1894 ἐλαφροῦς
1356 1841 1421 1882 καὶ
1439 1839 1608 1895 γοργούς
1621 1838 1721 1880 ἄνευ

275 1897 408 1941 ὅπλων
434 1899 562 1950 agiles
583 1906 619 1936 et
637 1906 818 1937 strenuos
835 1901 920 1938 sine
947 1901 1091 1948 armis,
1122 1899 1190 1949 qui
1216 1898 1383 1936 debeant
1402 1904 1554 1936 turmas
1577 1896 1722 1949 quibus

274 1954 499 1993 inserviunt
525 1954 733 1994 intervallo
752 1962 908 1994 centum
927 1955 1071 2008 pedum
1091 1960 1198 1992 retro
1223 1954 1396 2004 insequi,
1424 1959 1471 1992 ut
1494 1953 1538 1991 iu
1561 1952 1720 2004 praeliis

275 2011 496 2064 periculose
526 2012 676 2050 saucios
702 2018 770 2049 aut
792 2024 1035 2063 quocumque
1058 2023 1149 2048 casu
1175 2009 1396 2048 delabentes
1416 2022 1465 2047 ex
1486 2009 1596 2060 equis
1615 2007 1721 2046 mili-

275 2074 334 2105 tes
353 2067 548 2118 colligant,
575 2074 764 2115 recreent,
792 2069 1001 2120 deportent
1019 2067 1060 2104 in
1080 2072 1223 2104 tutum.
1277 2072 1364 2104 tum
1379 2065 1426 2103 iis
1441 2065 1542 2102 solvi
1563 2063 1720 2116 praeci-

274 2123 338 2174 pit
353 2136 426 2174 pro
448 2124 626 2173 quolibet
645 2130 799 2162 servato
825 2124 948 2162 milite
968 2135 1171 2160 nummum
1189 2135 1324 2160 unum.
1381 2119 1403 2173 ξ
1425 2133 1519 2160 vero
1537 2119 1591 2162 54
1612 2119 1719 2157 idem

275 2178 355 2216 Leo
376 2178 545 2230 imperat
563 2180 605 2217 in
625 2193 742 2218 usum
759 2180 924 2219 istorum
941 2179 1219 2231 deputatorum
1243 2177 1336 2215 addi
1350 2175 1555 2228 'ephippiis
1570 2175 1719 2212 milita-²

275 2234 383 2272 rium
401 2247 591 2285 equorum
619 2236 763 2273 scalam
790 2237 980 2286 geminam
1003 2236 1049 2273 ad
1072 2235 1242 2283 laevam,
1271 2240 1317 2270 ut
1334 2231 1474 2270 harum
1495 2232 1615 2268 altera
1640 2229 1718 2266 de·-

274 2296 451 2342 putatus,
481 2292 628 2340 quoties
646 2305 744 2343 opus
759 2293 880 2330 fuerit
896 2291 948 2329 ad
965 2290 1182 2329 subsidium
1201 2289 1339 2339 equitis
1355 2285 1625 2338 periclitantis,
1644 2284 1718 2321 ad·-

275 2345 405 2382 iuvari
425 2346 551 2395 possit
570 2347 620 2384 ad
640 2348 904 2385 scandendum
921 2347 962 2384 in
981 2359 1140 2397 equum.
1199 2345 1313 2383 verba
1332 2342 1471 2381 Leonis
1487 2346 1601 2378 sunt:
1621 2338 1716 2390 πρέ-

275 2415 354 2441 πον
380 2400 486 2440 ἐστὶν
506 2402 574 2440 ἵνα
594 2401 619 2442 ὅ
639 2401 852 2450 δεποτοὶτος
876 2400 947 2450 τοὶς
965 2399 1039 2442 δύο
1069 2397 1214 2448 σκάλας
1240 2400 1296 2447 εἰς
1317 2396 1360 2439 vd
1378 2393 1578 2449 α’ριστερὸν
1599 2394 1717 2448 μέρος

273 2458 346 2507 τῆς
369 2454 482 2502 σέλας
509 2455 590 2510 ἔχῃ.
645 2458 757 2495 addit
786 2458 954 2508 denique
981 2457 1138 2495 eosdem
1163 2456 1370 2506 deputatos
1394 2452 1534 2490 debere
1558 2450 1626 2490 καὶ
1659 2451 1717 2498 εἰς

274 2508 447 2563 φλᾶσκια
463 2508 571 2563 ὕδωρ
590 2509 796 2563 βαστάζειν
817 2510 883 2553 dcci
909 2510 1002 2560 τούς
1023 2507 1212 2557 πολλάκις
1236 2509 1579 2558 λειποθυμοῦντας
1596 2521 1716 2558 τρανῆ

277 2568 437 2620 ματίας,
464 2567 714 2606 circumferre
734 2581 874 2618 aquam
899 2568 942 2605 in
964 2566 1128 2618 lagenis,
1158 2565 1264 2603 unde
1287 2569 1471 2602 revocent
1489 2562 1539 2600 ad
1560 2575 1716 2600 sensum

277 2623 427 2662 saucios
444 2636 559 2676 saepe
578 2636 628 2660 ex
647 2622 783 2661 dolore
801 2624 1010 2660 vulnerum
1031 2628 1103 2659 aut
1119 2621 1268 2659 iactura
1286 2619 1483 2670 sanguinis
1502 2618 1716 2668 deliquium

272 2680 483 2732 patientes.
537 2678 664 2717 obiter
686 2679 855 2716 observo
875 2691 924 2716 ex
942 2678 1130 2715 hactenus
1153 2676 1311 2714 relatis:
1341 2675 1447 2726 quod
1465 2673 1510 2711 hi
1535 2673 1718 2725 deputati

273 2736 415 2773 Leonis
436 2734 683 2788 imperatoris
707 2740 901 2786 tempore,
930 2740 976 2772 ut
994 2734 1078 2785 ipse
1101 2738 1286 2782 testatur,
1315 2731 1512 2769 scribones
1531 2730 1718 2768 diceban-

277 2797 364 2841 tur,
397 2804 495 2842 quae
522 2791 651 2830 affinis
677 2790 849 2829 notionis
870 2803 951 2830 vox
975 2795 1038 2828 est
1059 2790 1265 2838 actuario,
1294 2787 1386 2826 satis
1407 2786 1563 2826 indicat·
1579 2791 1619 2824 et
1646 2784 1718 2824 hos
