1820 3112
376 149 453 192 DE
486 148 817 193 ANDRONICO
844 146 1217 192 PALAEOLOGO
1253 149 1300 192 L.
1325 147 1360 192 Ι.
1539 146 1603 193 41

145 260 201 313 ὥς
221 261 273 305 ἂν
290 262 336 305 δὲ
353 258 468 318 μήτι
486 264 552 305 καὶ
572 262 887 322 ῥᾳδιουργηθειή
907 262 972 304 ἐπὶ
992 268 1080 311 τοῖς
1099 260 1453 316 προσδοκωμένοις
1479 261 1599 315 τίρα-
1625 267 1655 302 C

144 347 209 373 σιν
228 329 255 385 ἢ
276 330 361 385 μὴν
380 332 448 374 καὶ
469 329 745 385 ὑποπτευθείη
769 329 1091 389 ῥᾳδιουργηθέν,
1130 328 1300 388 (τόμοις
1318 329 1395 384 γὰρ
1414 330 1607 382 ἐπιτεθη-

146 398 334 452 σομένοις
365 403 424 457 τῷ
452 396 613 453 σώματι
640 398 693 441 τὰ
717 397 821 440 καθ’
844 397 997 447 αὐτοὺς
1026 398 1249 453 ἐπιτρέπειν
1276 396 1533 454 ἠβούλοντο)
1564 398 1607 448 ἐξ

146 466 276 520 αὐτῆς
301 467 496 521 βασιλεὺς
526 464 774 523 προστάσσει
803 466 1151 516 ἐπισκευασθῆναι
1177 466 1252 520 μὲν
1282 464 1422 521 ἑτέραν
1441 467 1607 518 μείζονα

111 533 310 589 ὅθῆκην,
344 537 412 578 καὶ
440 539 563 589 σῶμα
589 536 657 577 καὶ
683 532 821 590 θήκην
846 525 976 588 αὐτὴν
994 535 1036 576 ἓν
1056 527 1084 590 ᾗ
1102 533 1150 577 τὸ
1168 538 1290 587 σῶμα
1317 531 1606 590 χωρήσουσαν,

145 601 256 645 οὕτω
276 602 322 645 δὲ
342 601 499 658 ταύτην
516 603 607 645 οἵαν
626 601 670 645 τ’
693 601 793 645 εἶναι
809 601 1121 659 ἀσφαλισθῆναι
1141 603 1208 644 καὶ
1229 604 1354 644 κλεισὶ
1375 603 1443 644 καὶ
1467 619 1609 659 σφρα-

143 677 248 727 γῖσιν
286 668 343 720 ὥς
373 672 480 726 μηδὲ
519 671 594 714 τὸν
635 668 922 725 ἔντεχνότατον
953 670 1059 713 κατὰ
1090 671 1307 715 Δαίδαλον
1333 674 1607 727 παρεγχειρεῖν

144 738 250 793 μηδ’
275 736 412 782 ὁτιοῦν
429 736 650 783 δύνασθαι.
698 738 824 782 αὑτὸν
841 739 980 794 μέντοι
996 745 1184 795 παρεῖχεν
1205 738 1391 793 ἕτοιμον,
1428 740 1464 781 εἷ
1476 754 1609 794 προσ-

144 808 327 863 ληφθείη
351 813 443 857 ταῖς
461 812 535 850 τοῦ
555 805 670 863 ἁγίου
687 809 826 863 χερσὶν
846 806 868 851 ὅ
887 805 1016 862 τόμος
1034 807 1138 863 πρὸς
1155 809 1252 850 ποσὶ
1269 808 1426 859 τεθείς,
1458 806 1512 850 τὰ
1535 824 1602 863 γε-
1623 815 1657 850 D

94 882 137 916 10
145 875 358 931 γραμμένα
373 873 564 931 πράττειν
582 874 890 932 ἀναμφιβόλως.
961 877 1003 918 ἓν
1023 874 1107 935 ὅσῳ
1124 876 1198 929 μὲν
1217 871 1288 918 οὖν
1310 875 1434 918 ταῦτ’
1456 873 1611 931 ἐπράτ-

145 959 263 996 τετο,
303 942 478 987 κάκεῖνοι
503 945 706 999 νηστείαις
725 945 793 986 καὶ
815 950 1059 1000 προσευχαῖς
1082 945 1294 993 παντοίαις
1314 948 1607 1001 προετελοῦντο

147 1011 217 1053 καὶ
255 1013 494 1066 παννυχίσιν
530 1010 754 1071 ὑμνῳδίαις
787 1010 1028 1067 ἐσχόλαζον,
1064 1010 1087 1056 ὅ
1116 1010 1335 1066 βασιλείς,
1378 1011 1454 1055 κᾶν
1483 1012 1609 1062 αὐτὸς

146 1078 219 1136 ἔφ’
241 1076 391 1123 ἑαυτοῦ
409 1078 485 1123 κᾶν
503 1079 631 1123 ἄλλον
649 1098 692 1136 γε
710 1078 1046 1136 ὑπομνήσαντος,
1083 1082 1173 1137 περὶ
1192 1079 1325 1139 ἑαυτῷ
1336 1113 1350 1133 ,
1383 1079 1439 1131 ὥς
1455 1080 1606 1134 ἔδοξεν,

145 1144 401 1202 ὑπονοήσας,
434 1145 582 1204 μήπως
614 1151 680 1191 καὶ
710 1149 777 1192 ἐπ’
800 1148 905 1206 αὐτῇ
931 1151 1120 1208 βασιλείᾳ
1150 1150 1218 1191 καὶ
1251 1153 1302 1206 τῇ
1332 1150 1423 1205 περὶ
1452 1146 1608 1203 ταύτης

93 1224 136 1262 15
150 1212 311 1270 ζητήσει
344 1216 443 1274 (καὶ
469 1221 605 1260 ταῦτα
633 1216 712 1274 γὰρ
740 1217 897 1274 ἐλέγετο
927 1219 1056 1274 ζητεῖν
1088 1216 1290 1274 ἐκείνους)
1333 1216 1608 1274 ἀμφισβητεῖν

146 1287 407 1339 προαχθεῖεν,
441 1285 512 1328 καί
524 1285 567 1342 γ’
588 1286 652 1328 ἐπὶ
673 1285 792 1328 τοῦτ’
816 1284 1023 1339 ἀδοξήσας
1042 1284 1323 1339 ἀναλαμβάνει
1343 1303 1387 1328 τε
1407 1284 1485 1335 τάς
1504 1283 1608 1339 ὅμοο

145 1354 289 1407 λογίας
316 1352 531 1409 ἐξαίφνης,
576 1355 645 1396 καὶ
670 1355 861 1408 πέμψας,
910 1352 1115 1411 ὀστράκου
1147 1355 1249 1410 φασὶ
1284 1352 1601 1406 μεταπεσόντος,
1626 1363 1660 1398 Ε

147 1417 361 1463 διακωλύει
386 1420 656 1478 τοῦγχείρημα
668 1454 681 1474 ,
718 1422 767 1465 τὸ
794 1426 879 1465 τῶν
902 1426 1065 1466 πολλῶν
1085 1419 1390 1476 καχυπονόητον
1410 1421 1610 1465 ἀναστέλ-

147 1491 254 1540 λων,
291 1487 416 1532 §indm
443 1489 547 1547 πρὸς
571 1490 723 1541 αὐτοὺς
742 1488 798 1540 ὥς
817 1490 926 1549 εἴπερ
945 1490 1004 1547 μὴ
1025 1490 1246 1548 ἐπιτρέπειν
1275 1490 1446 1540 ἐννοίαις
1464 1487 1611 1546 ἡμετέ-

148 1642 196 1677 ad
215 1653 335 1677 manns
357 1643 470 1678 sancti
491 1643 605 1679 divina
625 1643 662 1678 vi
684 1646 840 1690 promota
868 1644 1041 1689 repertum
1070 1643 1136 1687 iri,
1166 1643 1319 1679 solicitus
1345 1643 1534 1689 imperator
1565 1654 1612 1678 ne

147 1688 243 1722 fraus
271 1687 494 1723 interveniret
525 1689 561 1723 in
592 1701 635 1724 eo
667 1690 847 1736 quaepiam
876 1701 919 1724 ac
952 1690 1071 1736 (quod
1100 1690 1276 1736 suspicata
1298 1700 1442 1736 pronum
1465 1693 1542 1724 erat
1564 1689 1611 1723 de

148 1733 337 1768 hominibus
367 1734 516 1778 ingenti,
549 1747 637 1781 quae
667 1736 779 1781 palam
809 1738 964 1777 extaret,
1001 1742 1076 1771 toto
1107 1736 1144 1770 in
1175 1736 1241 1770 hoc
1263 1736 1400 1780 negotio
1423 1735 1611 1780 cupiditate

147 1779 350 1824 ruentibus)
382 1779 450 1825 ipsi
481 1792 581 1815 manu
612 1781 838 1823 adiuvarent,
868 1785 908 1815 ut
938 1782 1029 1826 quod
1051 1781 1238 1816 studebant
1260 1781 1427 1815 divinitus
1449 1781 1610 1815 effectum

148 1830 344 1870 appareret,
367 1825 454 1860 banc
475 1826 549 1861 eius
571 1827 713 1872 periculi
734 1827 960 1872 praecavendi
982 1828 1146 1862 rationem
1168 1827 1353 1872 prudenter
1374 1825 1461 1861 iniit.
1506 1836 1612 1871 prae-

149 1873 204 1903 ter
225 1870 358 1905 thecam
378 1870 416 1905 in
437 1883 506 1917 qua
528 1872 639 1907 sancti
662 1873 862 1907 Damasceni
882 1872 1046 1918 reliquiae
1068 1874 1296 1908 servabantur
1317 1873 1496 1913 eonditae,
1517 1871 1610 1905 intra

147 1926 249 1960 quam
270 1927 350 1950 suas
374 1917 582 1952 Arseuianos
606 1918 778 1964 deponere
798 1918 937 1954 chartas
959 1920 1158 1964 oportebat,
1191 1918 1288 1952 aliam
1309 1917 1469 1951 maiorem
1492 1915 1610 1961 parari

148 1972 265 1995 arcam
286 1961 409 2005 iussit,
432 1962 467 1997 in
487 1974 589 2010 quam
611 1965 731 1999 eadem
752 1964 855 1999 theca
877 1963 1102 1998 coniiceretur
1124 1963 1261 2007 scriptis
1282 1962 1351 1997 iam
1373 1962 1407 1996 in
1430 1973 1506 1995 eam
1526 1961 1611 1995 mis-

149 2005 208 2040 sis.
254 2017 366 2041 arcam
395 2019 498 2053 porro
528 2010 731 2044 exteriorem
761 2011 861 2044 istam
893 2010 980 2043 seris
1011 2009 1132 2054 sigillis
1155 2009 1305 2043 clavibus
1326 2007 1450 2042 muniri
1473 2007 1611 2041 curavit

122 2081 128 2085 .
147 2050 198 2084 ita
229 2051 392 2096 firmiter,
420 2053 471 2088 ita
501 2060 620 2088 contra
642 2055 786 2090 omnium
808 2054 1013 2090 astutiarum
1034 2055 1130 2089 dolos
1151 2052 1471 2099 impenetrabiliter,
1504 2057 1543 2086 ut
1565 2063 1610 2086 ne

147 2096 320 2131 Daedalus
345 2097 498 2143 quidem,
527 2104 588 2133 aut
609 2099 642 2134 si
663 2099 742 2146 quis
762 2100 828 2135 isto
849 2101 1043 2142 versutior,
1073 2100 1228 2134 fraudem
1250 2100 1287 2133 in
1311 2110 1353 2133 eo
1374 2098 1486 2133 moliri
1507 2098 1609 2132 ullam

148 2146 363 2176 attentareve
392 2143 656 2190 indeprehensus
678 2150 807 2191 posset.
850 2146 972 2190 ingens
992 2149 1069 2179 erat
1090 2150 1232 2179 eventus
1253 2145 1467 2191 expectatio,
1502 2145 1609 2178 Arse-

147 2187 257 2222 nianis
278 2188 476 2232 ieiunando,
510 2190 752 2235 pervigilandis
771 2190 806 2227 in
827 2190 1009 2235 hymnodia
1029 2190 1207 2232 noctibus,
1239 2190 1328 2225 omni
1358 2190 1503 2235 deniqne
1524 2200 1609 2234 sup·

147 2233 239 2278 plicii
269 2245 311 2268 ac
341 2234 516 2278 religionis
548 2235 827 2280 exquisitissimae
848 2247 974 2280 genere
995 2236 1068 2271 voti
1090 2236 1249 2271 effectum
1272 2235 1363 2282 apud
1384 2247 1526 2281 superos
1546 2245 1610 2269 ur-

149 2279 326 2322 gentibus,
359 2281 494 2326 quando
524 2280 711 2326 imperator
736 2281 795 2315 vel
815 2293 878 2326 per
899 2293 978 2316 sese
998 2281 1129 2316 veritus
1152 2282 1264 2328 coepti
1286 2281 1443 2326 ancipitis
1469 2281 1609 2322 exitum,

149 2326 205 2358 vel
237 2325 281 2359 ab
315 2325 429 2370 aliquo
451 2327 596 2360 monitus
618 2330 766 2371 quantae
787 2327 841 2361 rei
862 2327 970 2362 aleam
991 2327 1143 2370 iaceret,
1174 2339 1249 2363 cum
1271 2327 1450 2363 manifeste
1471 2329 1609 2361 consta-

148 2375 225 2411 ret,
257 2370 289 2404 si
312 2371 450 2406 coelesti
474 2371 664 2407 testimonio
686 2372 866 2407 Arseniani
887 2374 1220 2417 commendarentur,
1251 2385 1345 2408 suam
1368 2378 1409 2406 ut
1430 2373 1474 2407 ab
1495 2370 1608 2415 illegi-

150 2414 230 2449 timo
260 2420 298 2450 et
326 2418 612 2452 excommunicato
641 2418 836 2463 patriarcha
863 2420 988 2454 factam
1019 2419 1230 2454 evectionem
1252 2421 1296 2453 ad
1317 2418 1494 2464 imperium
1516 2416 1608 2451 haud

151 2460 254 2494 dubie
275 2462 460 2497 vocandam
481 2463 517 2497 in
539 2464 823 2507 controversiam,
852 2464 884 2499 si
904 2476 971 2499 non
994 2469 1031 2499 et
1051 2477 1113 2510 pro
1134 2465 1227 2499 inani
1250 2476 1291 2499 ac
1313 2464 1414 2509 plane
1434 2462 1528 2497 nulla
1549 2473 1608 2496 re-

151 2506 379 2551 probandam,
402 2509 578 2543 revocavit
596 2509 730 2555 trepide
752 2521 841 2555 quae
861 2510 1073 2553 decreverat,
1093 2514 1131 2545 et
1152 2511 1247 2546 misit
1268 2514 1409 2555 repente
1431 2509 1490 2554 qui
1511 2518 1608 2541 rese-

151 2552 224 2586 rari
244 2564 377 2587 sacrum
397 2554 560 2598 loculum,
594 2555 833 2601 explorarique
860 2556 985 2602 ecquid
1005 2556 1107 2591 situm
1128 2557 1318 2601 scripturae
1339 2555 1406 2589 illic
1431 2554 1608 2599 depositae

153 2602 363 2641 mutassent,
393 2599 524 2634 omuino
555 2600 801 2645 prohiberent3
834 2602 932 2636 simul
952 2601 1149 2636 Arsenianis
1179 2599 1368 2636 renuntiari
1391 2611 1413 2634 a
1435 2611 1473 2632 se
1495 2599 1607 2638 iussit,

150 2653 191 2676 re
213 2644 332 2678 melius
363 2651 543 2689 perspecta
563 2646 628 2680 sibi
649 2646 755 2681 visum
785 2648 960 2693 expectari
980 2651 1177 2681 reverenter
1206 2653 1368 2691 oportere
1390 2645 1506 2679 divina
1528 2653 1607 2676 ora-

152 2687 238 2729 cula,
259 2689 336 2722 dum
359 2701 421 2723 sua
445 2701 484 2724 se
504 2696 626 2736 sponte
646 2693 834 2737 proferant,
857 2705 925 2728 non
944 2692 1135 2738 impatienti
1157 2692 1354 2726 curiositate
1378 2689 1607 2735 praelicenter

152 2733 196 2766 ab
227 2733 490 2779 irrumpentibus
523 2737 558 2770 in
587 2737 693 2781 adyta
719 2739 860 2784 exquiri.
903 2739 969 2773 hoc
991 2738 1079 2772 enim
1102 2743 1238 2773 esseta
1262 2734 1521 2779 cogitationibus
1543 2745 1607 2777 po-

151 2777 218 2812 tius
242 2781 364 2815 nostris
386 2792 486 2826 quam
509 2793 530 2818 a
552 2781 610 2817 dei
631 2783 772 2828 provida
802 2783 969 2830 sapientia
998 2783 1169 2820 consilium
1191 2783 1226 2818 iu
1251 2782 1361 2817 dubiis
1382 2778 1606 2814 incidentibus
