1858 3126
590 179 694 224 nn.
727 178 793 227 ll.¹
842 177 1049 222 NOTAE.
1135 193 1138 196 ⁴
1435 177 1531 223 771

92 290 329 344 walaham
347 288 519 341 positum
541 302 616 341 pro
636 289 817 338 Baiulo,
843 293 891 327 ut
916 286 1053 326 similia
1076 292 1318 340 praeteream
1337 294 1531 332 sexcenta.

94 352 246 385 certum
270 351 327 384 est
347 345 539 383 Catelanis
559 345 674 384 valde
695 346 885 384 usitatum
911 344 1028 382 fnisse
1041 344 1260 395 Berengarii
1280 354 1435 384 nomen.
1489 346 1531 384 in

93 402 317 441 collectione
331 400 605 440 historicorum
621 402 687 451 qni
701 413 764 439 res
772 400 985 450 Aragoniae
1000 401 1250 451 scripserunt,
1266 399 1402 437 saltem
1416 400 1533 450 quim

92 458 216 496 decim
241 458 444 495 Catelanos
465 456 572 494 viros
595 457 766 494 illustres
787 457 854 506 qui
873 456 1093 506 Berengarii
1116 461 1352 494 vocarentur
1381 469 1532 494 memo-

91 520 200 552 ratos
218 513 388 564 reperim
414 525 580 562 quorum
601 512 767 562 aliquem
783 511 891 550 hunc
906 511 1034 563 ipsum
1049 512 1177 559 fuisse,
1204 510 1254 548 de
1270 523 1349 561 quo
1369 511 1436 549 hic
1452 512 1534 563 agi-

36 613 39 615 Α
91 574 180 618 tur,
209 568 456 615 crediderim,
494 567 585 604 lieet
609 569 695 617 quis
724 568 775 605 sit
801 580 852 606 ex
881 567 1059 605 omnibus
1090 567 1290 617 designare
1322 573 1428 605 certo
1453 581 1533 606 non

91 624 248 676 possim.
317 623 400 661 vidi
430 629 519 674 post
541 622 637 660 haee
663 624 742 661 iam
766 624 909 674 scripta
937 623 1080 660 librum
1105 622 1209 661 Petri
1238 622 1534 662 d’Outremanni

91 680 216 719 nostri
237 679 286 717 de
302 678 465 717 Excidio
485 679 742 728 Graecorum,
769 679 810 717 in
840 692 917 729 quo
944 678 1028 729 lego
1055 691 1088 716 c.
1106 682 1131 720 ὃ
1159 692 1199 730 Ρ.
1217 676 1298 720 465
1326 691 1465 717 verum
1493 686 1534 717 et

90 735 263 788 patrium
290 747 432 773 nomen
449 733 566 772 huius
585 732 808 786 Mpyrigerii
828 735 995 773 Tentzae
1018 733 1135 772 fuisse
1154 736 1426 784 Berengarius
1444 737 1534 773 En-

92 799 206 829 tenea
230 790 295 829 vel
319 789 367 827 de
397 791 601 838 Intentiis,·
635 803 800 840 eumque
828 790 946 828 fuisse
972 802 1110 840 genere
1131 789 1371 828 catelanum.
1426 789 1534 829 hunc

91 838 302 884 Phrantzes
320 846 348 887 l.
370 848 390 886 1
413 859 446 886 c.
458 847 483 887 8
501 852 617 884 vocat
641 847 947 892 Picen’otetzam,
963 845 1170 883 conflatis·
1159 859 1199 883 m
1217 857 1339 883 unum
1358 851 1398 883 et
1417 861 1535 884 mon—

92 909 216 941 strose
232 901 425 952 corruptis
442 901 640 940 vocabulis
658 901 822 945 duobus,
852 903 948 953 ΜΡ)
950 903 1124 952 tigerius
1149 902 1303 941 Tentza.
1344 901 1534 952 Gregoras

91 958 121 1000 l.
138 957 166 998 7
191 969 231 1008 p.
253 959 332 998 108
358 956 519 1008 propius
535 957 587 995 ad
604 956 878 1009 Pachymerem
892 957 1000 996 hunc
1015 957 1244 996 catelanum
1261 957 1534 1009 Piringsrium

94 1012 282 1052 Temnum
305 1012 495 1051 nominat.

199 1103 241 1142 p-
261 1089 342 1132 617
358 1102 400 1128 v,
418 1093 457 1132 7.
514 1093 597 1138 τοῖς
621 1091 701 1130 ταῖν
722 1091 870 1157 κιρρῶν
884 1085 1144 1142 παρασήμοις.
1200 1090 1255 1130 ita
1274 1091 1305 1129 B
1324 1091 1470 1142 codex3
1497 1091 1532 1130 V

91 1150 224 1184 sutem
243 1148 327 1192 τοῖς
341 1144 385 1186 ἐκ
404 1146 483 1186 τῶν
499 1143 694 1198 κιτρῦνων
711 1143 970 1198 παρασήμοις.
997 1162 1046 1186 τα
1062 1142 1180 1199 κιρρἇ
1197 1147 1290 1198 gilvi
1307 1147 1458 1196 coloris,
1486 1155 1534 1186 ut

90 1206 229 1240 notum
246 1205 317 1248 est,
342 1201 574 1239 vestimenta
593 1207 698 1248 sunt,
727 1201 845 1239 medii
861 1201 964 1240 inter
981 1202 1114 1240 album
1131 1208 1170 1240 et
1186 1203 1332 1250 rusum,
1359 1203 1491 1242 melini
1510 1218 1534 1241 a

90 1256 203 1295 melle
231 1255 461 1305 quibusdam
487 1257 594 1297 dicti.
649 1256 752 1295 idem
780 1263 910 1295 autem
941 1257 1128 1296 videntur
1152 1258 1368 1309 exprimere
1393 1257 1441 1298 τὰ
1467 1261 1533 1300 κί-

90 1327 214 1364 mmm
229 1311 263 1348 V
281 1311 443 1350 codicis:
470 1326 550 1350 vox
568 1313 709 1363 quippe
726 1326 770 1350 ea
788 1319 846 1351 est
863 1326 886 1350 a
903 1313 1021 1367 κίτρῳ
1038 1314 1145 1350 malo
1162 1316 1278 1352 citrio
1299 1315 1430 1364 ducta,
1459 1329 1532 1353 cu-

91 1367 152 1405 ius
173 1366 328 1404 corticis
347 1368 535 1405 naturalis
555 1369 661 1406 color
684 1381 705 1404 a
733 1367 835 1418 gilvo
855 1374 924 1406 aut
941 1369 1083 1406 melino
1101 1382 1182 1407 non
1201 1369 1397 1409 abhorret.
1455 1371 1533 1408 du·-

90 1416 174 1460 bito
194 1427 325 1460 tamen
346 1422 395 1460 de
417 1423 609 1475 scriptura
630 1437 681 1461 an
702 1437 783 1462 non
802 1424 1074 1475 congruentius
1099 1423 1147 1463 ad
1174 1425 1387 1477 analogiam
1414 1427 1530 1466 mibi
1564 1458 1571 1460 ψ

89 1493 139 1518 τα
154 1478 319 1532 alsenam
337 1477 488 1519 debeat.

198 1556 340 1608 Ρ.619
362 1570 399 1595 v.
421 1556 462 1598 5.
517 1557 573 1593 De
597 1556 694 1594 sabis
714 1570 837 1596 cornu
861 1557 977 1595 tactis
996 1557 1218 1596 memoratis
1236 1557 1314 1596 hoc
1330 1558 1418 1597 loco
1438 1559 1528 1597 vide

90 1610 328 1650 Glossarium
346 1625 387 1654 v.
405 1608 641 1665 κεράσβολοι
655 1610 815 1666 κύαμοι.

197 1701 240 1740 Ρ.
262 1690 344 1732 526
371 1701 411 1729 v,
441 1692 507 1731 11.
565 1689 801 1729 Persuadere
825 1689 899 1727 hac
924 1695 1010 1728 tota
1037 1689 1263 1728 narratione
1293 1689 1529 1728 studet‘Paa

91 1743 290 1795 chymeres
343 1745 444 1783 solos
495 1745 639 1783 Alanos
692 1747 773 1784 sine
823 1746 931 1783 iussu
983 1758 1172 1783 consensu
1219 1751 1288 1782 aut
1329 1746 1529 1782 conscien-

90 1801 144 1838 tia
168 1799 365 1838 Michaelis
382 1800 547 1850 Augusti
572 1808 750 1840 auctores
776 1802 892 1840 fuisse
924 1802 1029 1838 necis
1051 1801 1263 1840 Rontzerii.
1317 1800 1530 1838 Phrantzes

90 1860 220 1892 tamen
245 1857 566 1904 protovestiarius
582 1856 611 1894 l.
630 1861 650 1898 1
683 1871 722 1897 c..
735 1860 761 1898 8
783 1857 925 1895 diserte
946 1856 1116 1901 affirmat
1135 1854 1361 1893 michaelem
1382 1856 1529 1893 satelli-

90 1909 197 1947 tibus
217 1910 296 1947 suis
325 1915 365 1946 et
389 1910 639 1960 stipatoribus
667 1912 866 1949 mandasse
891 1917 937 1948 ut
958 1911 1166 1960 Rogerium
1196 1909 1268 1960 (sic
1289 1916 1392 1948 recte
1417 1911 1528 1949 Ron-

90 1965 255 2003 izei-ium
279 1965 465 2015 appellat)
492 1965 785 2006 obtruncarent.
842 1967 1028 2015 Gregoras
1046 1966 1073 2003 l.
1094 1969 1120 2006 7
1137 1978 1176 2015 p.
1201 1967 1282 2006 102
1297 1966 1350 2003 ait
1370 1967 1527 2004 caedem

90 2019 196 2058 illam
215 2020 357 2058 factam
377 2033 400 2056 a
426 2020 612 2058 militibus
630 2020 849 2068 Michaelis,
881 2020 987 2070 quod
1002 2020 1036 2057 ei
1055 2021 1200 2057 iratum
1220 2019 1330 2058 illum
1355 2028 1527 2071 nossent,

90 2081 239 2125 gratam
257 2075 331 2126 ipsi
347 2075 430 2112 sore
451 2075 659 2114 arbitratis.
712 2076 819 2114 idem
837 2082 966 2113 tamen
991 2075 1107 2125 paulo
1126 2081 1215 2126 post
1234 2088 1315 2114 non
1335 2077 1527 2116 iuniorem

91 2131 218 2169 solum
230 2130 300 2167 sed
316 2135 355 2168 et
371 2130 559 2168 seniorem
578 2130 772 2181 Augustos
794 2132 905 2169 istius
918 2130 1097 2168 facinoris
1114 2130 1328 2181 suspicione
1347 2134 1525 2183 aspergit,

91 2185 186 2224 dum
209 2186 344 2224 scribit
362 2186 613 2224 Rontzerium
636 2187 883 2224 intersectum
907 2199 929 2222 a
949 2185 1155 2233 Romanis,
1182 2186 1290 2235 quod
1314 2187 1418 2237 ipsos
1444 2189 1525 2226 eius

91 2242 265 2280 accersiti
290 2241 514 2293 poeniteret.
570 2241 661 2279 satis
681 2242 782 2280 enim
802 2247 910 2292 patet
927 2254 1008 2280 non
1032 2254 1054 2278 a
1071 2241 1233 2291 privatis
1254 2242 1362 2280 hunc
1377 2243 1524 2282 Roma-

92 2298 151 2335 nis
168 2297 238 2334 sed
258 2297 305 2334 ab
322 2297 598 2348 imperantibus
618 2299 857 2336 accersitum.

200 2387 242 2425 Ρ.
257 2375 338 2417 529
353 2386 393 2412 v.
408 2375 489 2414 nlt.·
538 2375 774 2412 Catelanum
792 2372 1006 2425 quendam.
1059 2383 1201 2412 nomen
1219 2373 1336 2413 huius
1349 2375 1520 2414 Catelani
1542 2385 1570 2417 P
1595 2386 1659 2419 555

89 2429 224 2480 prodit
245 2430 535 2468 Outremannus
559 2431 629 2470 lib.
658 2430 706 2468 de
737 2430 830 2467 Exc.
857 2430 992 2468 Graec.
1011 2443 1044 2467 c.
1063 2433 1088 2470 3
1103 2443 1142 2481 p.
1163 2429 1267 2477 466,
1295 2431 1520 2469 Fernandez

91 2485 229 2523 Aones.
284 2486 353 2523 ubi
371 2492 411 2523 et
429 2487 510 2524 eius
523 2499 698 2524 socerum
709 2515 719 2533 ‚
750 2498 865 2536 quem
880 2483 1012 2526 Ῥαοΰλ
1030 2482 1162 2537 παχύν
1179 2485 1428 2537 Pachymeres
1448 2501 1521 2538 ap-

91 2540 210 2590 pellat
240 2541 333 2589 (nos
360 2542 520 2580 Rafilem
545 2543 724 2580 Crassum
755 2541 967 2590 vertimus)
999 2541 1079 2591 ipse
1109 2542 1285 2580 nominat
1309 2542 1520 2580 Radulsum

90 2595 296 2644 Paqueum.

201 2685 239 2722 p.
259 2674 339 2716 532
360 2687 398 2712 v.
417 2675 488 2713 ult.
543 2675 627 2713 Hac
650 2673 836 2712 seditione
857 2663 1314 2714 O'utremannm'oedsos
1334 2680 1522 2712 memorat

91 2725 323 2766 Roderimm
340 2729 456 2767 Perea
474 2730 523 2768 de
538 2732 577 2771 S.
600 2731 733 2779 Cruce,
761 2729 978 2768 Amaldum
1002 2730 1050 2767 de
1067 2729 1295 2780 M'onoortes,
1322 2736 1364 2768 et
1379 2726 1522 2768 Ferre-

92 2781 194 2820 rinm
216 2781 265 2820 de
282 2783 473 2833 Tot-ellan,
499 2798 528 2824 a
542 2785 772 2836 Berengario
791 2786 935 2837 legatos
948 2785 998 2824 ad
1017 2785 1284 2824 Andronicum
1302 2786 1448 2824 missos.
