1858 3126
235 187 332 235 404
649 188 884 233 GEORGH
926 188 1277 234 PACHYMERIS

237 305 303 345 καὶ
325 305 506 357 λιπαρῶς
524 300 756 357 ἀντείχοντο
784 307 860 346 τοῦ
887 303 1113 359 φρουρίου·
1153 310 1239 353 τοῖς
1262 304 1308 346 δὲ
1327 304 1375 347 τὸ
1399 305 1473 360 μέν
1495 303 1701 348 ἀνθίστα-

239 377 343 414 σθαι
360 368 537 424 μάταιον
556 372 772 427 ἐνομίζετο,
809 372 855 413 τό
874 371 916 413 δ’
941 371 1156 425 εὖπειθεῖν,
1186 374 1221 415 εἲ
1240 374 1306 415 καὶ
1324 373 1382 428 μὴ
1401 367 1540 430 σφίσιν
1561 373 1702 425 αὐτοῖς

238 440 422 497 ἀσφαλὲς
453 440 521 482 διὰ
553 440 627 495 τὴν
658 445 740 482 τῶν
770 438 933 496 ἔχθρῶν
962 442 1178 495 γειτνίασιν
1205 442 1331 495 (οὐδὲ
1358 441 1437 498 γὰρ
1455 437 1506 497 ἦν
1530 442 1702 499 ἀρνειοῖς

191 517 218 549 D
243 511 309 552 καὶ
338 506 476 558 λύκοις
499 510 613 552 κοινοὶ
641 507 851 561 ταμέσθαι
878 509 929 552 τὰ
958 508 1126 566 ὅρκια),
1156 508 1268 564 ὅμως
1285 510 1352 553 διὰ
1372 510 1446 566 τὴν
1466 500 1701 568 ἓᾷᾱεστῶσαν

237 577 417 634 ἀνάγκην
446 580 510 620 καὶ
538 580 614 618 τοῦ
650 575 903 632 ὖδρεύεσθαί
930 595 972 620 τε
1000 580 1066 620 καὶ
1092 580 1373 635 κατασπείρειν
1394 580 1509 622 ἕνεκα
1534 579 1732 624 ἀνεκτὸνὸ

236 645 384 696 ἐδόκει,
423 646 491 687 καὶ
519 647 850 701 συγκατέβαινον.
921 648 989 688 καὶ
1015 647 1066 702 δὴ
1095 646 1272 698 πολλούς
1293 665 1404 698 τινας
1421 653 1504 691 τῶν
1524 651 1702 706 Περσῶν

234 714 502 768 ὑποδέχονται
538 714 730 772 (σωροὺς
757 716 802 757 δὲ
824 713 1049 772 χρημάτων
1079 716 1239 769 αὐτῶν,
1276 715 1331 767 ὥς
1360 715 1490 770 εῗκός,
1527 717 1603 761 σῦν
1625 717 1702 760 αὖ-

234 790 319 833 τοΐς
351 781 434 825 εἶδέ
459 799 520 833 τις
551 782 657 841 ἄν),
699 784 813 839 παρὰ
846 788 1048 827 τοσοῦτον
1079 785 1128 828 οὗ
1157 790 1433 836 συνοικοῦντες
1466 793 1554 836 τοῖς
1587 788 1701 830 εἷσα-

230 857 370 908 χθῖῖσι
399 851 502 908 παρ’
534 850 633 895 ὅσον
662 853 708 894 τὸ
738 854 892 907 μεταξὺ
926 860 1057 908 τεῖχος
1086 859 1194 910 σφᾶς
1226 854 1300 897 ἀπ’
1331 853 1518 910 ἀλλήλων
1541 857 1698 912 διεῖργε.

233 919 340 964 κατά
363 937 454 963 τινα
475 921 519 963 δὲ
541 923 692 963 πυλίδα
713 923 780 964 καὶ
800 930 1066 978 συμμετεῖχον
1087 922 1275 979 ἀλλήλοις
1298 923 1415 976 ε’νιοι,
1453 922 1510 974 ὥς
1529 924 1698 980 ἐλέγετο.
1712 929 1755 964 10

232 994 366 1033 ταῦτα
391 994 489 1045 γοῦν
511 985 617 1044 ἦσαν
637 991 701 1032 ἐπὶ
717 989 888 1046 χρόνον,
927 994 994 1034 καὶ
1025 991 1240 1047 ἇνακωχὴν
1267 997 1349 1035 τῶν
1374 996 1510 1036 κακῶν
1527 992 1633 1036 κατὰ
1651 993 1700 1036 τὸ

182 1066 212 1099 Ε
241 1056 439 1116 φρούριον
468 1056 586 1113 εἶχον.
659 1059 739 1102 ἐπεὶ
761 1061 806 1102 δὲ
826 1060 877 1103 τὰ
896 1060 970 1113 μὲν
992 1065 1067 1114 τῆς
1095 1059 1236 1117 φήμης
1262 1065 1346 1104 τῶν
1374 1059 1576 1118 Τοχάρων
1601 1061 1699 1104 κατ’

231 1129 366 1184 ὀλίγον
396 1127 603 1182 ἠσθένουν
635 1129 701 1170 καὶ
729 1128 808 1183 ἤδη
842 1126 1007 1183 θάρρος
1039 1127 1145 1183 εἶχον
1174 1131 1312 1172 ἐκεῖνοι
1341 1131 1407 1172 καὶ
1440 1134 1524 1173 τῶν
1554 1127 1700 1187 φόβων

231 1196 406 1246 ἕαυτοῦς
437 1194 747 1251 ἀνελάμβανον,
785 1198 823 1240 οἶ
851 1199 952 1247 τέως
982 1198 1107 1240 ἱκέται
1137 1196 1293 1241 ἑαυτῶν
1318 1200 1498 1254 γίνονται
1526 1201 1594 1241 καὶ
1615 1203 1698 1243 τῶν

232 1266 440 1323 προτέρων
470 1263 847 1320 ἀναμιμνήσκονται
884 1268 951 1309 καὶ
981 1267 1188 1322 ἐπιχειρεῖν
1224 1274 1312 1317 τοῖς
1338 1272 1562 1324 γειτονοῦσι
1592 1272 1696 1322 βου-
1709 1272 1751 1308 15

232 1334 431 1378 λεύονται.
503 1330 553 1390 ἦν
575 1336 619 1378 δὲ
638 1334 721 1390 ἄρα
742 1335 789 1378 τὸ
810 1333 996 1392 σόφισμα
1018 1336 1124 1378 καθ’
1146 1333 1305 1379 αὑτῶν·
1341 1338 1384 1387 ἐξ
1414 1336 1506 1379 ἴσου
1531 1336 1611 1394 γὰρ
1630 1339 1698 1380 καὶ

227 1403 418 1459 Ῥωμαῖοι
450 1402 800 1457 ἀντεπιβουλεύειν
823 1406 984 1454 ἐκείνοις
1007 1404 1165 1459 ἔχοντες
1185 1404 1287 1462 πρὸς
1307 1410 1432 1448 τοῦτο
1451 1407 1519 1448 καὶ
1538 1407 1698 1448 &vmi-

90 1479 117 1511 Ρ
144 1478 208 1514 281
237 1475 351 1526 ζοντο
383 1472 484 1528 παρ’
519 1473 703 1525 ἐκείνων,
740 1473 788 1516 τὸ
816 1478 980 1529 φθῆναι
1005 1476 1156 1530 πρᾶξαι
1179 1474 1294 1531 παρὰ
1314 1474 1363 1516 τὸ
1382 1478 1533 1517 παθεῖν
1549 1476 1698 1532 κερδα-

228 1539 426 1598 λεώτερον
453 1539 715 1596 ἧγησάμενοι.
785 1544 853 1585 καὶ
881 1542 931 1597 δὴ
964 1540 1243 1599 προλαβόντες
1262 1542 1336 1598 τὴν
1358 1542 1576 1598 ἐπιβουλὴν
1594 1542 1697 1598 πέμ-

228 1652 370 1694 berent‚
400 1649 490 1684 unde
513 1649 547 1683 in
569 1649 683 1684 hostes
706 1655 940 1694 erumperent,
964 1663 1031 1697 quo
1055 1662 1093 1686 se
1116 1651 1319 1697 reciperent.
1366 1650 1509 1685 Romani
1530 1650 1696 1698 reliquam

228 1698 377 1732 claustro
402 1696 586 1742 quamlibet
611 1696 723 1730 valido
750 1696 815 1730 sibi
838 1698 1058 1732 certissimam
1082 1703 1283 1741 servarent,
1313 1698 1494 1743 securique
1515 1696 1595 1731 inde
1617 1709 1697 1743 pro—

228 1743 342 1777 dirent
368 1742 411 1776 ad
434 1742 674 1787 agriculturam
703 1748 738 1776 et
762 1743 983 1786 commercia,
1015 1756 1055 1778 eo
1086 1743 1221 1778 innoxie
1250 1743 1474 1777 reconderent
1497 1754 1534 1777 se
1558 1754 1600 1777 ac
1622 1754 1695 1785 sua,

227 1788 418 1834 tranquillis
451 1788 576 1822 circum
608 1788 737 1822 cunctis
768 1789 932 1823 beneficio
957 1789 1149 1835 praesentis
1170 1789 1318 1824 foederis
1340 1795 1376 1823 et
1399 1789 1568 1823 constanti
1589 1789 1696 1824 bene-

227 1836 376 1870 volentia
411 1846 572 1869 novorum
605 1834 770 1868 sociorum
794 1834 864 1868 late
889 1847 949 1880 per
973 1836 1143 1880 regionem
1165 1835 1417 1870 dominantium.
1463 1835 1531 1869 etsi
1553 1847 1620 1870 non
1642 1835 1696 1870 la-

228 1883 326 1916 tebat
350 1881 393 1915 de
416 1881 467 1915 bis
490 1881 696 1916 arbitrantes
717 1884 852 1915 nostros
875 1881 1023 1915 homines
1047 1893 1146 1927 quam
1169 1882 1273 1916 infida
1294 1881 1419 1916 vicinia
1440 1881 1594 1927 luporum
1619 1893 1695 1916 cum

229 1927 326 1971 agnis
351 1931 453 1970 esset,
476 1938 645 1973 quamque
670 1931 850 1971 suspectae
872 1926 1022 1962 indutiae
1045 1928 1273 1972 pollicentium
1297 1927 1485 1962 convictum
1507 1927 1694 1963 indemne-

228 1974 293 2008 sibi
322 1985 428 2018 prope
452 1973 671 2017 degentibus,
700 1972 835 2007 interim
858 1973 935 2008 dum
959 1974 992 2008 in
1016 1974 1101 2008 alios
1122 1974 1270 2008 eiusdem
1294 1985 1409 2008 secum
1431 1973 1544 2018 gentis
1566 1985 1608 2008 ac
1630 1985 1695 2019 ge-

230 2019 321 2053 neris
346 2019 543 2053 excurrendi
567 2018 821 2063 latrocinando,
854 2025 893 2054 ut
915 2020 1093 2062 solebant,
1120 2020 1187 2054 sibi
1210 2020 1378 2054 licentiam
1401 2019 1617 2074 exciperent,
1639 2026 1694 2054 ta-

229 2077 304 2099 men
329 2065 408 2110 quia
423 2092 431 2106 ‚
466 2073 504 2099 ut
527 2066 693 2107 indicavi,
718 2066 900 2111 aquatione
923 2070 958 2100 et
980 2067 1189 2110 agricultura
1211 2066 1335 2100 dudum
1359 2066 1488 2100 exclusi
1509 2065 1603 2100 vitae
1624 2065 1693 2100 uti-

227 2111 306 2145 lium
331 2111 443 2156 inopia
466 2112 532 2145 iam
553 2117 705 2146 extrema
727 2111 947 2153 laborabant,
977 2113 1115 2146 stultum
1146 2123 1222 2146 esse
1250 2112 1446 2146 iudicarunt
1474 2123 1541 2146 non
1571 2123 1695 2157 praeo-

228 2162 328 2203 ptare
362 2157 465 2191 exitio
498 2158 670 2203 praesenti
704 2158 949 2202 quantumlibet
978 2158 1143 2203 ancipites
1165 2169 1207 2192 ac
1230 2158 1333 2193 duras
1356 2157 1563 2192 conditiones
1585 2157 1694 2203 turpis

228 2202 333 2236 etiam
362 2203 520 2237 foederis.
569 2204 728 2238 assentiri
755 2216 792 2238 se
823 2205 994 2239 dixerunt.
1041 2217 1117 2238 mox
1148 2216 1214 2249 age
1245 2216 1346 2247 sane,
1379 2204 1415 2238 in
1445 2215 1515 2237 rem
1545 2203 1691 2237 venitur.

228 2248 453 2283 admittuntur
476 2249 510 2282 in
535 2256 665 2294 partem
690 2250 870 2284 Sardensis
901 2250 989 2285 arcis
1013 2251 1138 2285 Persae
1160 2262 1226 2284 non
1250 2251 1362 2296 pauci.
1406 2250 1467 2284 hos
1489 2261 1511 2283 a
1532 2247 1692 2283 Romanis

227 2295 434 2338 segregabat
457 2306 570 2328 murus
592 2295 734 2340 longus,
757 2300 890 2338 tamen,
915 2302 954 2330 ut
973 2296 1093 2339 audio,
1116 2297 1244 2341 postico
1267 2296 1398 2341 uspiam
1425 2293 1572 2340 pervius.
1619 2298 1693 2328 ste-

228 2341 274 2375 tit
306 2340 391 2373 haec
419 2340 616 2385 aliquandiu
646 2341 815 2382 societas,
851 2354 951 2387 quam
985 2343 1277 2386 conglutinaverat
1298 2342 1376 2375 hinc
1397 2339 1531 2385 quidem
1554 2343 1692 2384 egestas

228 2397 373 2430 urgens,
406 2385 483 2419 inde
514 2391 626 2420 autem
659 2394 767 2421 metus
798 2387 977 2431 ingruens,
1009 2393 1149 2431 neuter,
1182 2388 1211 2422 si
1233 2399 1272 2421 se
1294 2385 1507 2427 remiserint,
1539 2384 1692 2420 diuturni

229 2431 393 2474 magister
421 2431 536 2467 officii.
583 2443 665 2474 ergo
700 2445 774 2466 cum
806 2433 903 2478 lapsu
935 2435 1095 2478 temporis
1125 2433 1266 2468 formido
1290 2443 1390 2486 quam
1411 2431 1521 2465 minae
1545 2431 1691 2474 Cazanis

227 2477 340 2512 Alaidi
362 2482 398 2511 et
421 2477 495 2511 eius
517 2477 695 2511 comitibus
716 2478 928 2513 incusserant
949 2479 1190 2523 elanguescere
1218 2483 1407 2523 coepisset,
1442 2477 1618 2512 redierunt
1639 2477 1691 2512 illi

227 2523 360 2558 scilicet
393 2523 436 2556 ad
467 2523 658 2567 ingenium,
693 2528 727 2557 et
759 2524 880 2568 prioris
911 2525 1057 2558 instituti
1080 2535 1243 2559 memores
1266 2534 1381 2557 secum
1402 2522 1471 2567 ipsi
1495 2527 1691 2558 statuerunt

227 2569 278 2604 uti
300 2568 536 2604 commoditate
559 2569 702 2602 viciniae
724 2569 767 2602 ad
791 2569 984 2614 spoliandos
1019 2582 1123 2604 novos
1145 2569 1316 2614 hospites,
1348 2569 1488 2614 supina,
1522 2573 1562 2603 ut
1588 2573 1692 2615 puta-

229 2617 330 2658 bant,
360 2614 484 2649 fiducia
515 2614 695 2656 incautos3
730 2614 763 2648 in
795 2627 862 2658 quo
892 2627 955 2649 sua
977 2615 1054 2649 illos
1078 2615 1190 2660 opinio
1219 2615 1383 2655 fallebat,
1415 2615 1504 2648 unde
1526 2615 1560 2649 in
1584 2618 1690 2661 caput

227 2666 403 2697 auctorum
425 2661 522 2695 fraus
544 2661 676 2707 perfida
698 2660 831 2695 recidit.
876 2661 995 2706 vigiles
1018 2661 1104 2695 enim
1127 2661 1163 2695 in
1185 2660 1239 2695 sui
1262 2660 1446 2694 custodiam
1474 2661 1691 2706 praesidiarii

225 2708 436 2749 Sardenses,
460 2706 519 2741 ubi
541 2706 672 2741 versari
695 2707 859 2740 barbaros
882 2707 914 2740 in
938 2712 1107 2752 apparatu
1128 2707 1361 2741 struendarum
1384 2706 1470 2752 ipsis
1491 2707 1689 2751 insidiarum

224 2758 260 2787 et
283 2753 430 2788 violandi
449 2753 637 2787 'crudeliter
658 2753 796 2798 hospitii
819 2764 972 2793 sensere,
996 2764 1247 2798 praeoccupare
1270 2753 1409 2788 fortiter
1433 2754 1563 2798 agendo
1587 2765 1688 2799 quam

222 2799 346 2844 ignave
369 2799 531 2834 cessando
553 2798 708 2833 iniuriam
739 2798 870 2844 perpeti
896 2798 1008 2833 utilius
1032 2799 1207 2840 arbitrati,
1242 2798 1327 2834 clam
1350 2805 1473 2843 rogant
1495 2811 1562 2834 non
1586 2801 1690 2845 longe

220 2851 302 2880 tunc
323 2846 502 2881 distantem
523 2845 749 2881 Romanarum
771 2844 902 2891 aliquot
924 2845 1042 2880 ducem
1066 2845 1263 2889 cohortium,
1290 2845 1343 2881 cui
1367 2857 1410 2880 ex
1432 2845 1599 2892 dignitate
1622 2856 1687 2892 pa*-
