1858 3126
266 170 364 217 398
685 169 922 215 GEoRGn
954 144 1308 219 PACHYMERIS

266 279 458 327 δεικνύειν
476 280 550 336 τὴν
566 285 728 338 χρῆσιν,
752 282 808 334 ὥς
825 283 875 327 ἃν
897 284 955 340 μὴ
976 285 1018 329 ἓν
1037 293 1165 337 κενοῖς
1182 286 1394 344 ἐπιστῆναι
1414 286 1600 342 δόξωσιν.
1635 289 1731 336 ἔτά-

260 357 430 407 χθησαν
451 345 524 393 οὖν
548 350 589 400 ἒς
611 349 787 404 Κύζικον
809 353 1004 398 ἀπελθεῖν
1017 370 1027 381 ·
1064 355 1168 411 πρὸς
1188 356 1265 414 γὰρ
1288 357 1336 400 τὸ
1361 357 1453 413 ἕχον
1473 359 1547 402 τὸν
1567 359 1731 416 φθόνον

263 421 397 476 ἕρπειν
408 451 422 471 ,
457 423 618 473 μᾶλλον
638 421 683 464 δὲ
704 422 779 477 τὴν
802 423 986 467 ἐπίθεσιν
1005 422 1062 474 ὥς
1083 423 1169 468 οἷόν
1187 443 1231 468 τε
1251 422 1432 469 διενόουν
1442 458 1458 480 ,
1493 426 1608 471 κάκεῖ
1624 428 1729 473 πολύ

261 505 302 531 τι
334 489 544 543 συναχθὲν
577 493 770 545 πλῆθος,
819 494 887 535 καὶ
921 491 1108 549 χρήμασι
1136 495 1203 536 καὶ
1234 491 1420 548 σώμασιν
1448 494 1725 552 ἶκανοῦμενον,

260 557 441 613 ἐφέλκων
470 557 567 608 τούς
597 559 768 615 Πέρσας
803 559 982 619 ἀνάγκῃ,
1022 559 1082 612 οἶς
1112 564 1180 605 καὶ
1207 564 1290 606 δεῖν
1320 563 1390 607 διὰ
1407 568 1543 608 ταῦτα
1556 575 1761 611 natanta-5

257 626 505 681 κλεισμένοις
525 629 762 683 συμμαχίας
779 628 924 688 ᾤοντο.
1621 664 1625 674 .

117 699 146 734 Ρ
169 700 236 736 ΞΊΊ
402 694 478 741 14.
546 693 617 746 Ὡς
635 701 735 753 γοῦν
753 697 996 754 ἐξηρτύοντο
1018 700 1085 742 καὶ
1102 698 1183 756 ἤδη
1203 699 1307 756 πρὸς
1325 697 1481 752 ἐξόδοις
1500 696 1621 758 ἦσαν,
1645 704 1731 746 ἔπι-

258 765 524 808 συνίστανται
550 768 590 807 Γ
588 760 787 810 εννουῗται
818 768 857 810 οἳ
886 768 992 811 κατὰ
1019 766 1139 812 πόλιν
1169 770 1271 819 τέως
1293 771 1504 824 ζητοῦντες
1522 770 1569 814 τὸ
1584 771 1728 828 χρέος·

257 833 432 890 βασιλέα
454 833 532 889 γὰρ
554 833 739 879 ἀπαιτεῖν
760 834 913 893 ἑτέροις
932 838 1201 888 δανείσαντας
1218 837 1293 882 οὐκ
1310 838 1439 898 ᾤοντο
1457 841 1557 885 δεῖν.
1625 841 1663 884 οἳ
1686 842 1732 884 δὲ

257 904 311 946 τὰ
334 907 410 946 τοῦ
426 902 575 959 χρέους
595 902 707 961 βάρη
728 908 1057 961 προσανετίθουν
1079 911 1137 965 τῷ
1159 911 1324 961 βασιλεῖ
1340 906 1396 958 ὥς
1415 907 1544 952 αὐτοῦ
1562 925 1606 964 γε
1621 926 1729 965 χρη·
1740 918 1785 954 10

259 970 427 1026 σᾶμενοι
450 972 577 1015 ἕνεκα.
649 975 716 1016 καὶ
734 975 928 1026 βασιλεὺς
944 975 1044 1025 τέως
1064 975 1139 1018 οὐκ
1159 974 1397 1032 ἀνεχόμενος
1414 977 1514 1021 ἀλλ’
1532 973 1604 1021 οὖν
1625 978 1730 1035 πρὸς

257 1041 305 1084 τὸ
336 1038 579 1084 ἀποδιδόναι
610 1043 817 1096 κατένευε,
863 1046 931 1087 καὶ
961 1044 1029 1087 διὰ
1056 1049 1180 1088 τοῦτο
1211 1047 1280 1088 καὶ
1308 1048 1559 1103 φιλονεικίαν
1589 1051 1728 1091 πᾶσαν

204 1116 234 1151 Β
257 1108 583 1164 ὑποτεμνόμενος
601 1110 750 1167 ἔπεμπε
769 1112 841 1156 τὸν
861 1111 1128 1166 ΙΗΟυζάλωνα
1151 1114 1388 1171 Στέφανον,
1420 1115 1549 1171 μέγαν
1577 1118 1728 1173 δρουγ-

229 1178 234 1184 ’
257 1177 399 1236 γάριον
430 1184 504 1222 τοῦ
532 1183 720 1236 πλωίμου
753 1180 876 1235 ὅντα,
915 1187 1247 1226 καταστελοῦντα
1266 1183 1339 1226 τὸν
1357 1181 1557 1240 θόρυβον.
1630 1183 1654 1227 ὃ
1682 1185 1727 1228 δὲ

256 1248 458 1292 τοσοῦτον
484 1248 622 1304 ἐδέησε
649 1254 724 1294 τοῦ
755 1255 890 1294 ταῦτα
922 1258 1050 1294 ποιεῖν
1078 1250 1183 1294 ὥστε
1213 1253 1281 1294 καὶ
1312 1250 1514 1307 κατεκόπη
1539 1250 1782 1304 σπᾶθαις15

257 1317 373 1379 αὐτῷ
406 1335 448 1375 γε
475 1319 606 1379 ἵππῳ.
673 1320 741 1363 καὶ
760 1319 842 1378 ἔρις
858 1320 1050 1364 ἐντεῦθεν
1068 1318 1223 1378 μεγάλη
1244 1320 1399 1376 μεταξὺ
1417 1325 1538 1380 σφῶν
1557 1319 1728 1380 &po-⁹25·

349 1430 381 1465 1.
406 1429 589 1466 δεικνῦσιν
597 1428 618 1464 ,7

254 1521 341 1555 rium
373 1521 582 1565 significare.
627 1533 741 1568 neque
772 1522 861 1558 enim
893 1522 1042 1568 ipsorum
1066 1534 1267 1569 quemquam
1290 1522 1406 1558 vacuis
1430 1533 1452 1558 a
1474 1533 1514 1558 se
1534 1523 1632 1559 abire
1653 1535 1726 1559 ma-

254 1567 351 1601 nibus
375 1571 434 1601 aut
458 1568 530 1603 voti
552 1580 618 1602 non
643 1571 830 1614 compotem
853 1570 1000 1603 sinebat.
1048 1569 1097 1604 ita
1119 1570 1206 1603 bene
1229 1569 1355 1603 curatis
1379 1569 1574 1614 ornatisque
1590 1569 1724 1605 Latinis

253 1613 475 1648 auxiliaribus
513 1614 687 1659 expeditio
723 1615 852 1649 indicta
886 1615 1051 1659 Cyzicum
1086 1626 1208 1649 versus
1222 1622 1224 1625 ’
1238 1619 1301 1649 est.
1350 1615 1446 1649 cuius
1477 1615 1608 1648 consilii
1640 1615 1724 1650 haec

253 1662 330 1694 erat
353 1659 452 1694 ratio.
499 1660 735 1694 confluxerant
759 1661 942 1705 Cyzicum,
974 1664 1012 1694 ut
1035 1661 1163 1695 dictum
1187 1664 1260 1703 est,
1293 1672 1337 1695 ex
1359 1664 1435 1695 tota
1458 1659 1582 1694 circum
1615 1661 1725 1695 eonti-

252 1705 347 1740 nenti
370 1710 542 1752 quotquot
565 1707 721 1752 effugere
738 1707 882 1742 Romani
904 1711 1090 1753 potuerant
1109 1707 1287 1747 barbaros,
1310 1717 1461 1752 opesque
1482 1717 1562 1740 suas
1584 1706 1619 1740 in
1642 1706 1724 1742 illud

252 1751 383 1796 asylum
406 1753 639 1799 undecumque
663 1753 888 1787 contulerant.
936 1765 1025 1798 quae
1049 1765 1106 1788 res
1128 1763 1204 1787 cum
1225 1753 1334 1787 latere
1357 1752 1580 1797 praedatores
1599 1752 1725 1788 Persas

252 1809 319 1832 non
350 1802 486 1843 posset,
518 1799 749 1834 verisimiliter
779 1799 1026 1845 expectabatur
1056 1811 1097 1833 eo
1130 1801 1269 1833 cunctos
1299 1797 1394 1843 ipsos
1415 1797 1578 1843 impetum
1599 1810 1725 1834 versu-

251 1855 329 1879 ros:
365 1856 444 1879 nam
476 1846 574 1880 avari
603 1845 807 1880 habentibus
840 1845 993 1888 inhiant,
1028 1850 1064 1881 et
1087 1845 1122 1879 in
1145 1845 1220 1879 loca
1242 1844 1413 1889 congestis
1436 1843 1597 1890 opulenta
1630 1844 1725 1889 gazis

252 1890 376 1936 cupida
399 1891 487 1926 solet
510 1892 685 1937 rapacitas
709 1890 857 1926 incitari.
903 1891 982 1926 urbi
1005 1903 1087 1936 ergo
1113 1890 1306 1937 Cyzicenae
1327 1890 1450 1936 plenae
1470 1894 1552 1924 tunc
1575 1894 1612 1924 et
1634 1890 1725 1925 divi—-

251 1937 308 1971 tiis
332 1941 368 1972 et
391 1937 601 1980 hominibus,
625 1938 771 1984 ideoque
794 1938 851 1972 vel
872 1938 940 1972 iam
963 1938 1124 1972 obsessae
1146 1937 1203 1971 vel
1224 1948 1303 1971 mox
1325 1935 1531 1972 obsidendae
1553 1947 1575 1972 a
1598 1936 1724 1973 barba-

250 1983 299 2018 ris
313 2008 325 2026 ‚
361 1983 452 2018 mitti
473 1985 652 2031 suppetias
672 1996 781 2019 novos
804 1984 908 2019 hosce
930 1983 1039 2020 socios
1063 1983 1202 2031 placuit.

349 2053 404 2088 14.
451 2053 516 2088 His
548 2058 664 2088 autem
693 2053 829 2099 pransis
858 2053 988 2099 paratis
1021 2052 1055 2086 in
1085 2052 1266 2098 procinctu
1289 2051 1332 2087 ad
1354 2051 1420 2086 hoc
1439 2050 1528 2093 iter,
1562 2061 1606 2086 ac
1636 2051 1724 2086 urbe

254 2098 322 2133 iam
357 2100 629 2143 egredientibus,
664 2111 745 2134 ecce
778 2099 1024 2145 superveniunt
1046 2099 1106 2144 qui
1129 2099 1162 2133 in
1185 2100 1271 2133 urbe
1293 2101 1393 2133 erant
1415 2110 1435 2132 e
1459 2099 1583 2132 Genu·
1613 2097 1724 2132 credi-

255 2149 347 2179 tores
372 2145 567 2187 Rontzerii‚
590 2158 676 2192 quos
699 2146 787 2188 dixi3
823 2151 860 2180 et
883 2146 946 2180 hoc
969 2151 1118 2180 exeunte
1139 2146 1278 2179 brevem
1301 2144 1512 2179 occasionem
1532 2142 1602 2178 rati
1621 2153 1724 2187 repe-

255 2190 350 2224 tendi
373 2191 501 2235 debiti,
526 2192 604 2226 dum
627 2193 718 2226 intra
741 2192 1069 2238 Constantinopolim
1090 2191 1120 2225 is
1144 2191 1255 2225 adhuc
1278 2195 1391 2234 esset,
1415 2201 1490 2224 con
1511 2188 1726 2224 solicitudine

255 2247 298 2270 ac
321 2238 465 2272 tumultu
491 2237 742 2272 circumsistunt
764 2238 954 2280 bominem,
980 2238 1065 2273 solvi
1090 2237 1208 2272 statim
1232 2237 1322 2283 quod
1345 2237 1492 2270 debebat
1511 2234 1722 2279 flagitantes.

255 2294 330 2316 cum
355 2294 414 2316 eos
437 2284 480 2318 ad
503 2284 741 2328 imperatorem
763 2284 956 2319 remitteret
978 2283 1200 2326 Rontmrius,
1235 2283 1386 2327 allegans
1411 2279 1626 2327 imperatoris
1650 2278 1723 2313 fide

254 2328 433 2374 pecuniam
456 2334 631 2374 acceptam
644 2356 653 2371 ‚
676 2330 710 2363 in
734 2330 807 2365 eius
828 2331 992 2376 obsequia
1012 2331 1212 2375 impensam,
1235 2332 1272 2362 et
1289 2338 1466 2362 numerare
1486 2325 1596 2372 ipsun
1616 2334 1724 2370 para-

255 2380 326 2408 tum
351 2375 502 2418 (adirent
524 2376 634 2417 modo,
658 2376 773 2410 statim
795 2377 962 2411 cumulate
983 2376 1085 2411 laturi
1107 2375 1198 2421 quod
1219 2373 1429 2420 poscerent),
1452 2371 1503 2406 illi
1524 2371 1610 2405 haec
1632 2370 1725 2405 effu-

255 2421 313 2465 gia
337 2421 406 2454 rati
431 2433 506 2455 esse
528 2421 693 2455 debitoris
715 2421 824 2464 infidi,
849 2424 893 2456 ab
917 2434 958 2457 eo
982 2434 1021 2456 se
1043 2425 1201 2467 repetere
1223 2420 1340 2453 dixere
1363 2418 1416 2452 cui
1438 2416 1621 2458 dedissent,
1645 2427 1724 2451 cun

253 2467 459 2512 imperatore
491 2467 555 2501 sibi
579 2467 661 2500 nihil
684 2478 762 2501 esse
784 2468 936 2511 negotii3
970 2468 1060 2502 inter
1088 2478 1176 2512 quae
1199 2466 1399 2499 ardescente
1420 2462 1552 2507 iurgio,
1582 2466 1724 2497 ventum

255 2512 300 2548 ad
322 2524 438 2547 manus
462 2516 526 2547 est.
573 2513 758 2558 imperator
776 2514 902 2558 raptim
926 2513 1114 2548 admonitus
1127 2510 1310 2556 'expedivit
1331 2508 1508 2543 confestim
1531 2512 1721 2554 opportuna

254 2558 353 2593 rixae
384 2557 609 2598 dirimendam
644 2569 750 2604 seque
784 2560 981 2603 professus,
1014 2559 1096 2593 licet
1129 2557 1165 2591 id
1195 2560 1276 2591 ante
1306 2555 1495 2596 renuisset,
1528 2565 1677 2589 summae
1700 2565 1723 2589 a

257 2605 494 2640 Genueasibus
525 2604 694 2650 repetitae
725 2603 930 2646 debitorem,
964 2615 1022 2638 eos
1054 2603 1145 2638 ultro
1175 2602 1219 2637 ad
1254 2601 1339 2636 satis
1370 2600 1601 2646 accipiendum
1631 2599 1725 2646 quod

256 2651 384 2686 vellent
415 2651 575 2687 evocavit
607 2651 650 2685 ad
683 2662 742 2692 se,
777 2650 881 2684 misso
913 2649 957 2684 ad
989 2649 1026 2683 id
1057 2650 1245 2693 turbasque
1273 2646 1525 2692 componendas
1544 2647 1725 2691 Stephano-

254 2697 438 2732 Muzalone
471 2709 592 2742 magno
615 2695 800 2742 drungario
821 2695 871 2730 rei
893 2695 1038 2730 navalis.
1087 2698 1124 2729 at
1146 2694 1177 2728 is
1199 2697 1329 2728 tantum
1353 2692 1464 2728 abfuit
1485 2704 1506 2727 a
1528 2692 1628 2726 nimis
1651 2692 1720 2726 iam

253 2744 371 2779 adulta
403 2743 567 2779 seditione
598 2742 860 2788 compescenda,
894 2749 935 2776 ut
956 2741 1031 2787 ipse
1052 2753 1126 2775 cum
1150 2751 1218 2786 quo
1241 2740 1429 2774 vehebatur
1454 2749 1542 2784 equo
1565 2737 1725 2773 concisus

252 2790 289 2824 in
326 2791 438 2825 frusta
479 2789 584 2825 fuerit
624 2790 760 2824 ensibus
797 2788 864 2822 iam
897 2787 1078 2823 comminus
1120 2786 1347 2821 dimicantium
1380 2784 1720 2829 irrevocabilia-tque

253 2837 519 2872 commissorum.
565 2835 644 2871 hine
675 2835 744 2872 iam
766 2834 978 2871 inflammata
998 2833 1170 2870 contentio
1192 2833 1229 2868 in
1250 2832 1414 2879 praelium
1436 2831 1607 2878 utrimque
1627 2829 1726 2866 insse--
