1858 3126
251 158 348 208 742
648 134 958 204 OBSERVAT.
986 157 1296 205 PAGHYMER.

362 265 634 321 Supplendum
649 267 727 319 hic,
757 268 866 320 quod
882 267 1092 308 historicus
1111 268 1257 308 diserte
1275 281 1358 308 non
1376 269 1576 322 exprimit,
1602 282 1696 323 per-

252 329 379 366 latum
402 340 423 363 a
441 324 700 364 schismaticis
718 324 766 363 de
782 325 905 364 Vecco
924 331 962 364 et
977 326 1092 364 sociis
1107 325 1314 375 iudicium3
1344 330 1459 376 atque
1473 325 1554 364 hoc
1565 326 1698 378 ipsum

252 381 515 432 colloquium,
544 394 633 420 cum
660 387 793 421 secuta
815 395 974 421 reorum
1002 382 1231 420 auditorum
1256 380 1604 433 condemnatione,
1631 396 1699 435 sy-

251 438 403 477 nodum
420 443 619 485 vocatam,
650 438 761 479 cuius
781 444 866 478 acta
883 438 1079 490 publicata
1095 438 1172 477 rite
1189 438 1282 479 sint.
1322 437 1441 476 huius
1462 436 1701 488 qualiscum-

252 507 328 545 que
345 494 490 546 synodi
510 495 711 545 exemplar
731 495 935 545 antiquum
951 500 1088 533 nactus
1115 493 1276 533 lacobus
1299 493 1534 532 Sirmondus
1554 498 1701 545 noster,

251 550 296 588 id
323 549 631 589 communicavit
671 550 841 590 Henrico
871 550 1086 603 Spondano
1123 550 1309 602 episcopo
1343 549 1593 602 Apamiensi,
1632 550 1702 600 qui

252 619 444 645 summam
464 606 548 645 eius
569 605 728 645 exhibet
754 608 796 646 in
826 620 895 645 sua
923 606 1219 646 continuatione
1240 606 1453 645 Annalium
1472 605 1631 643 Beronii
1651 604 1702 644 ad

250 676 395 701 annum
419 665 526 705 1283
549 675 591 701 n·
614 666 679 704 10.
735 663 882 701 dicitur
901 663 984 701 illie
1004 663 1079 701 ista
1105 662 1284 713 synodus
1302 660 1433 700 habita
1452 661 1524 700 sub
1543 661 1703 700 Andro-

251 719 340 757 nico
370 718 599 769 Palaeologo
625 718 861 770 imperatore
892 725 931 757 et
964 718 1153 770 Gregorio
1181 717 1404 771 patriarcba
1429 723 1567 756 contra
1587 717 1704 756 Ioan-

251 788 342 814 nem
363 775 533 813 Veccum
554 781 592 813 et
609 774 727 813 huius
752 775 878 815 socios
902 775 1204 813 Constantinum
1229 774 1498 813 Melitenioten
1515 779 1555 812 et
1577 773 1704 812 Geor-

251 831 360 882 gium
380 829 653 880 Metoehitam,
683 831 750 882 qui
769 833 995 869 Latinorum
1021 831 1159 881 dogma
1184 831 1231 869 de
1258 830 1508 883 processione
1531 828 1703 880 Spiritus

251 887 386 925 Sancti
407 886 695 938 profitebantur
715 887 762 925 ab
777 887 888 925 annis
909 893 1015 925 octo.
1066 886 1178 924 hunc
1201 887 1256 925 ibi
1277 899 1486 925 numerum
1509 885 1609 924 Acta
1633 898 1704 937 sy-

252 943 353 982 nodi
381 942 633 995 exprimunt,
671 956 721 982 ex
753 957 830 995 quo
859 943 968 981 illam
993 942 1071 980 hoc
1098 956 1202 982 anno
1234 943 1467 981 celebratam
1489 940 1704 992 evincitur,

254 999 347 1051 qui,
376 1005 423 1037 ut
450 998 553 1037 libro
577 998 694 1038 tertio
720 998 863 1038 harum
893 999 1219 1037 Observationum
1238 1013 1271 1039 c.
1288 1002 1316 1041 2
1333 997 1702 1047 demonstrabimus,

252 1068 346 1095 vere
366 1060 528 1093 octavus
549 1061 607 1093 est
629 1055 677 1093 ab
708 1055 809 1094 inito
831 1069 853 1093 a
877 1055 1003 1094 Vecco
1026 1054 1295 1106 patriarchatu
1320 1061 1359 1093 et
1394 1060 1550 1106 recepta
1571 1053 1705 1105 palam

253 1110 378 1163 (quod
402 1111 472 1149 sub
503 1111 611 1150 idem
634 1117 791 1164 tempus
821 1111 1016 1163 contigit)
1052 1110 1394 1162 Constantinopoli
1426 1109 1707 1148 communione

255 1181 347 1206 cum
369 1166 527 1205 ecclesia
551 1168 739 1207 Romana.
797 1167 938 1206 deinde
968 1173 1187 1206 memorant
1212 1167 1346 1205 eadem
1363 1166 1457 1205 Aeta
1478 1165 1705 1218 pseudosy-

254 1223 353 1262 nodi
373 1223 560 1262 Ioannem
579 1223 780 1263 Veccum
767 1237 845 1262 lam
867 1229 958 1262 ante
976 1223 1028 1261 ob
1045 1223 1207 1262 eandem
1225 1235 1379 1261 causam
1397 1222 1517 1260 fuisse
1533 1221 1706 1260 damna-

254 1286 342 1318 tum
361 1279 406 1317 in
429 1279 599 1331 quadam
623 1280 861 1319 Graecorum
881 1279 1058 1332 syuodo3
1089 1293 1203 1330 quam
1221 1284 1386 1331 apparet
1417 1291 1503 1316 eam
1523 1290 1605 1316 esse
1624 1290 1705 1316 cu-

254 1336 317 1375 ius
341 1335 522 1374 meminit
551 1342 687 1379 noster
721 1350 762 1388 p.
791 1335 858 1379 34.
886 1349 976 1374 nam
1002 1336 1043 1374 in
1077 1349 1121 1375 ea
1157 1335 1293 1374 dicunt
1327 1334 1499 1374 Veccum
1521 1333 1706 1372 libellum

119 1396 147 1429 P
171 1394 237 1430 530
259 1393 554 1444 resipiscentiae
575 1392 787 1442 obtulisse,
817 1406 896 1444 quo
923 1392 1197 1444 acquiescebat
1220 1390 1475 1431 damnationi
1503 1404 1555 1428 ac
1582 1388 1706 1441 depo-

254 1451 398 1486 sitioni
414 1462 527 1491 suae.
585 1448 642 1486 sic
668 1448 856 1487 nimirum
883 1449 1103 1501 appellant,
1134 1462 1251 1500 quam
1281 1453 1476 1486 extortam
1495 1446 1552 1485 ibi
1570 1445 1705 1485 Vecco

254 1504 511 1555 Pachymeres
535 1510 718 1542 narrate
698 1504 1028 1556 subscriptionem
1063 1506 1273 1556 compositi
1300 1504 1451 1552 libelli,
1490 1516 1571 1567 quo
1596 1515 1706 1553 pro-

250 1562 378 1611 fessio
406 1566 534 1596 rectae
547 1559 653 1610 fidei
682 1562 1001 1611 coniungebatur
1031 1575 1123 1598 cum
1150 1561 1380 1598 amolitione
1414 1559 1704 1610 suspicionum,

258 1617 296 1653 si
323 1628 425 1666 quae
455 1617 499 1651 in
519 1622 680 1652 contrar
682 1617 769 1652 ium
797 1624 992 1667 extarent,
1032 1617 1181 1668 quibus
1210 1615 1269 1653 ad
1291 1623 1505 1653 extremum
1521 1621 1707 1651 annecte-

258 1672 357 1710 bant
385 1670 680 1709 abdicationem
709 1671 938 1712 sacerdotii.
994 1672 1172 1722 adiungit
1199 1670 1526 1723 pseudosynodus
1554 1669 1704 1708 codicis

261 1727 528 1765 Sirmondiani
562 1727 731 1765 Veccum
759 1734 895 1780 postea
921 1728 965 1765 in
987 1728 1159 1779 priorem
1181 1727 1413 1766 sententiam
1429 1725 1606 1766 rediisse.
1659 1724 1706 1763 id

257 1797 354 1823 vero
381 1782 548 1833 negabat
581 1783 747 1831 venons,
793 1784 862 1834 qui
892 1797 936 1822 eo
962 1784 1115 1835 scripto
1144 1797 1184 1822 se
1209 1796 1411 1822 revocasse
1441 1781 1560 1820 fidem
1589 1780 1705 1833 prius

257 1845 546 1892 propugnatum
575 1852 658 1877 non
685 1839 926 1891 crediderat,
955 1841 1023 1878 sed
1049 1845 1202 1878 tantum
1215 1839 1401 1891 temporis
1419 1851 1538 1876 causa
1557 1836 1706 1876 throno

260 1895 430 1935 cessisse.
489 1895 667 1946 sequitur
696 1895 780 1934 illic
814 1897 1005 1934 sententia
1037 1895 1377 1934 condemnationis
1403 1895 1448 1933 in
1467 1894 1642 1933 Veccum
1667 1898 1711 1931 et

261 1952 361 1990 duos
383 1951 466 1989 eius
487 1952 612 1990 socios
628 1951 743 2000 latae,
766 1965 856 1990 cum
875 1952 1114 1992 refutatione
1131 1952 1306 2004 capitum
1322 1951 1524 1990 doctrinae
1544 1950 1708 1988 illorum

262 2008 311 2045 de
329 2007 480 2058 Spiritu
500 2009 667 2058 Sancto,
698 2013 736 2046 et
751 2008 890 2046 iterata
907 2009 1165 2048 detestatione
1184 2009 1311 2047 factae
1334 2006 1620 2047 conciliationis
1638 2017 1709 2044 ec·-

263 2063 472 2101 clesiarum
495 2064 667 2102 Graecae
684 2077 729 2102 ac
746 2064 928 2112 Latinae,
960 2079 1076 2117 quam
1093 2063 1369 2118 πεπλασμένην
1387 2063 1622 2115 οἰκονομίαν
1637 2060 1706 2102 καὶ

264 2115 431 2171 εἰρήνην
451 2120 643 2170 πολεμίαν
665 2126 825 2159 vocant.
882 2121 1109 2160 adduntur
1097 2135 1140 2160 m
1156 2121 1236 2159 fine
1254 2119 1586 2172 subscriptiones,
1614 2118 1710 2170 pri-

262 2188 327 2212 mo
355 2173 607 2225 imperatoris
633 2175 761 2214 rubris
786 2177 930 2226 literis,
969 2177 1231 2216 Andronicus
1256 2179 1301 2214 in
1327 2175 1398 2213 deo
1418 2174 1562 2227 fidelis
1586 2187 1654 2212 rex
1669 2180 1707 2211 et

263 2231 479 2280 imperator
499 2233 645 2269 Ducas
671 2232 855 2284 Angelus
885 2207 1107 2273 Cbmnenus
1133 2234 1426 2284 Palaeologus,
1463 2230 1604 2269 deiude
1629 2242 1706 2280 pa-

263 2285 455 2324 triarchae
467 2315 478 2335 ,
511 2288 732 2339 Gregorius
750 2289 1027 2328 misericordia
1046 2289 1112 2328 dei
1129 2290 1302 2340 archiep.
1331 2288 1375 2326 C.
1393 2290 1444 2328 P.
1469 2298 1594 2324 novae
1611 2285 1706 2322 Ro-

266 2355 355 2378 mae
376 2348 411 2377 et
447 2346 720 2383 oecumenicus
734 2346 986 2395 patriarcha.
1044 2345 1296 2385 subscribunt
1314 2343 1407 2382 inde.
1429 2343 1485 2385 42
1513 2341 1703 2393 episcopi,

266 2410 436 2447 quorum
462 2398 613 2449 primus
647 2405 704 2436 est
727 2399 891 2439 Ioannes
919 2401 1160 2452 Ephesinus,
1202 2406 1240 2439 et
1273 2413 1294 2438 e
1322 2399 1427 2437 clero
1443 2398 1484 2436 iu
1514 2396 1705 2447 dignitate

266 2452 468 2491 constituti
487 2453 629 2503 viginti
644 2460 746 2494 octo.
802 2456 913 2494 locus
934 2458 1084 2508 Synodi
1099 2457 1261 2495 omissus
1278 2455 1322 2492 in
1341 2452 1474 2492 codice
1490 2452 1704 2502 Sirmondi,

264 2508 361 2559 suit,
400 2514 448 2547 ut
475 2508 733 2560 Pachymeres
773 2511 911 2561 docet,
956 2513 1186 2552 Alexiacum
1226 2509 1440 2550 triclinium
1477 2508 1522 2546 in
1555 2508 1703 2560 palatio

264 2563 714 2617 Constantinopolitano,

373 2634 413 2673 p.
433 2623 512 2663 109
526 2634 565 2661 v.
585 2624 623 2663 3.
661 2634 779 2658 sacra
798 2621 1063 2673 Hoplotheca.
1092 2622 1160 2661 hic
1178 2621 1299 2670 liber,
1323 2619 1430 2672 quod
1448 2619 1548 2658 scire
1565 2618 1703 2659 hacte-

262 2690 336 2715 nus
359 2676 574 2729 potuerim,
603 2690 684 2715 non
708 2682 828 2715 extat.
885 2678 1064 2716 collectio
1084 2679 1183 2727 fuit,
1211 2683 1254 2717 ut
1273 2682 1435 2728 apparet
1451 2675 1703 2714 testimonio-

263 2746 350 2770 rum
372 2746 394 2771 e
410 2732 599 2784 patribus,
630 2745 702 2785 per
719 2746 817 2785 quae
833 2733 1056 2785 impugnari
1074 2740 1113 2773 et
1129 2733 1314 2772 convinci
1329 2732 1507 2772 haereses
1527 2737 1703 2784 possent,

264 2800 385 2839 eaque
401 2801 551 2828 summa
569 2801 662 2829 cura
676 2794 715 2829 et
743 2788 823 2828 fide
848 2789 970 2842 sacta3
1000 2790 1106 2831 unde
1132 2789 1195 2830 illi
1213 2790 1330 2842 vngo
1349 2788 1618 2843 praeiudicata
1634 2787 1702 2826 in-
