<?xml version="1.0" encoding="UTF-8"?>
<!DOCTYPE html PUBLIC "-//W3C//DTD XHTML 1.0 Transitional//EN"
    "http://www.w3.org/TR/xhtml1/DTD/xhtml1-transitional.dtd">
<html xmlns="http://www.w3.org/1999/xhtml" xml:lang="en" lang="en">
 <head>
  <title>
</title>
<meta http-equiv="Content-Type" content="text/html;charset=utf-8" />
  <meta name='ocr-system' content='tesseract 3.04.00' />
  <meta name='ocr-capabilities' content='ocr_page ocr_carea ocr_par ocr_line ocrx_word'/>
</head>
<body>
  <div class='ocr_page' id='page_1' title='image "./corpusscriptorum18niebuoft_0165.png"; bbox 0 0 1820 3112; ppageno 0'>
   <div class='ocr_carea' id='block_1_1' title="bbox 366 150 1612 198">
    <p class='ocr_par' dir='ltr' id='par_1_1' title="bbox 366 150 1612 198">
     <span class='ocr_line' id='line_1_1' title="bbox 366 150 1612 198; baseline 0.005 -6"><span class='ocrx_word' id='word_1_1' title='bbox 366 151 444 193; x_wconf 90' lang='lat' dir='ltr'><strong>DE</strong></span> <span class='ocrx_word' id='word_1_2' title='bbox 470 150 809 195; x_wconf 85' lang='lat' dir='ltr'><strong>ANDRONICO</strong></span> <span class='ocrx_word' id='word_1_3' title='bbox 840 150 1213 195; x_wconf 83' lang='lat' dir='ltr'>PALAEOLOGO</span> <span class='ocrx_word' id='word_1_4' title='bbox 1246 152 1292 195; x_wconf 93' lang='lat' dir='ltr'><strong>L.</strong></span> <span class='ocrx_word' id='word_1_5' title='bbox 1318 151 1373 195; x_wconf 89' lang='lat'><strong>11.</strong></span> <span class='ocrx_word' id='word_1_6' title='bbox 1515 150 1612 198; x_wconf 88' lang='grc'><strong>149</strong></span> 
     </span>
    </p>
   </div>
   <div class='ocr_carea' id='block_1_2' title="bbox 80 259 1747 1348">
    <p class='ocr_par' dir='ltr' id='par_1_2' title="bbox 80 259 1747 1348">
     <span class='ocr_line' id='line_1_2' title="bbox 141 259 1609 324; baseline 0.001 -18"><span class='ocrx_word' id='word_1_7' title='bbox 141 259 486 315; x_wconf 70' lang='grc' dir='ltr'><strong><em>κατεσκεύασται,</em></strong></span> <span class='ocrx_word' id='word_1_8' title='bbox 523 263 637 322; x_wconf 77' lang='grc' dir='ltr'><strong><em>ἄλλῳ</em></strong></span> <span class='ocrx_word' id='word_1_9' title='bbox 657 262 712 314; x_wconf 79' lang='grc' dir='ltr'><strong>ὥς</strong></span> <span class='ocrx_word' id='word_1_10' title='bbox 730 263 777 307; x_wconf 78' lang='grc' dir='ltr'><strong><em>τὸ</em></strong></span> <span class='ocrx_word' id='word_1_11' title='bbox 804 265 1067 319; x_wconf 79' lang='grc' dir='ltr'><strong><em>μαχαιρίδων</em></strong></span> <span class='ocrx_word' id='word_1_12' title='bbox 1091 260 1136 307; x_wconf 70' lang='grc' dir='ltr'><strong>εὖ</strong></span> <span class='ocrx_word' id='word_1_13' title='bbox 1158 264 1358 320; x_wconf 75' lang='grc' dir='ltr'><strong>ἤσκηται,</strong></span> <span class='ocrx_word' id='word_1_14' title='bbox 1401 265 1470 308; x_wconf 85' lang='grc' dir='ltr'><strong><em>καὶ</em></strong></span> <span class='ocrx_word' id='word_1_15' title='bbox 1496 263 1609 324; x_wconf 71' lang='grc' dir='ltr'><strong><em>ἄλλῳ</em></strong></span> 
     </span>
     <span class='ocr_line' id='line_1_3' title="bbox 143 327 1747 388; baseline -0.001 -13"><span class='ocrx_word' id='word_1_16' title='bbox 143 330 200 382; x_wconf 85' lang='grc' dir='ltr'><strong>ὦς</strong></span> <span class='ocrx_word' id='word_1_17' title='bbox 225 330 464 375; x_wconf 60' lang='grc' dir='ltr'><strong><em>λελειῗκωται</em></strong></span> <span class='ocrx_word' id='word_1_18' title='bbox 493 332 540 375; x_wconf 82' lang='grc' dir='ltr'><strong><em>τὸ</em></strong></span> <span class='ocrx_word' id='word_1_19' title='bbox 566 330 888 388; x_wconf 76' lang='grc' dir='ltr'><strong><em>χειρόμακτρον,</em></strong></span> <span class='ocrx_word' id='word_1_20' title='bbox 937 330 993 382; x_wconf 84' lang='grc' dir='ltr'><strong>ὦς</strong></span> <span class='ocrx_word' id='word_1_21' title='bbox 1021 332 1175 388; x_wconf 70' lang='grc' dir='ltr'><strong><em>ε’λοῦθη</em></strong></span> <span class='ocrx_word' id='word_1_22' title='bbox 1195 327 1340 386; x_wconf 67' lang='grc' dir='ltr'><strong><em>οὗτος,</em></strong></span> <span class='ocrx_word' id='word_1_23' title='bbox 1378 331 1434 383; x_wconf 81' lang='grc' dir='ltr'><strong>ὥς</strong></span> <span class='ocrx_word' id='word_1_24' title='bbox 1454 335 1602 384; x_wconf 72' lang='grc' dir='ltr'><strong><em>ἐκεῖνος</em></strong></span> <span class='ocrx_word' id='word_1_25' title='bbox 1625 338 1655 372; x_wconf 90' lang='grc' dir='ltr'><strong>Ρ</strong></span> <span class='ocrx_word' id='word_1_26' title='bbox 1680 341 1747 374; x_wconf 90' lang='grc'><strong>100</strong></span> 
     </span>
     <span class='ocr_line' id='line_1_4' title="bbox 142 398 1607 461; baseline 0 -17"><span class='ocrx_word' id='word_1_27' title='bbox 142 399 513 456; x_wconf 70' lang='grc' dir='ltr'><strong><em>ἀπερραθιῖμησεν,</em></strong></span> <span class='ocrx_word' id='word_1_28' title='bbox 558 399 614 450; x_wconf 80' lang='grc' dir='ltr'><strong>ὥς</strong></span> <span class='ocrx_word' id='word_1_29' title='bbox 646 403 779 458; x_wconf 66' lang='grc' dir='ltr'><strong><em>φίλοις</em></strong></span> <span class='ocrx_word' id='word_1_30' title='bbox 820 398 1021 455; x_wconf 74' lang='grc' dir='ltr'><strong><em>ἐχρήσατο</em></strong></span> <span class='ocrx_word' id='word_1_31' title='bbox 1042 434 1054 453; x_wconf 90' lang='grc'><strong><em>,</em></strong></span> <span class='ocrx_word' id='word_1_32' title='bbox 1103 400 1160 452; x_wconf 80' lang='grc' dir='ltr'><strong>ὦς</strong></span> <span class='ocrx_word' id='word_1_33' title='bbox 1199 399 1436 456; x_wconf 75' lang='grc' dir='ltr'><strong><em>ἀσθενήσας</em></strong></span> <span class='ocrx_word' id='word_1_34' title='bbox 1477 403 1607 461; x_wconf 71' lang='grc' dir='ltr'><strong><em>ἰατρῷ</em></strong></span> 
     </span>
     <span class='ocr_line' id='line_1_5' title="bbox 141 467 1608 525; baseline 0.001 -14"><span class='ocrx_word' id='word_1_35' title='bbox 141 474 369 525; x_wconf 77' lang='grc' dir='ltr'><strong><em>προσῆλθε.</em></strong></span> <span class='ocrx_word' id='word_1_36' title='bbox 437 471 502 512; x_wconf 87' lang='grc' dir='ltr'><strong>καὶ</strong></span> <span class='ocrx_word' id='word_1_37' title='bbox 524 471 583 518; x_wconf 88' lang='grc' dir='ltr'><strong><em>τίς</em></strong></span> <span class='ocrx_word' id='word_1_38' title='bbox 613 469 662 511; x_wconf 77' lang='grc' dir='ltr'><strong>ἂν</strong></span> <span class='ocrx_word' id='word_1_39' title='bbox 684 470 735 511; x_wconf 79' lang='grc' dir='ltr'><strong><em>τὰ</em></strong></span> <span class='ocrx_word' id='word_1_40' title='bbox 765 468 989 522; x_wconf 81' lang='grc' dir='ltr'><strong><em>αι’τιάματα</em></strong></span> <span class='ocrx_word' id='word_1_41' title='bbox 1012 467 1276 524; x_wconf 75' lang='grc' dir='ltr'><strong><em>ἀριθμήσειεν</em></strong></span> <span class='ocrx_word' id='word_1_42' title='bbox 1287 503 1302 522; x_wconf 91' lang='grc'><strong><em>,</em></strong></span> <span class='ocrx_word' id='word_1_43' title='bbox 1340 470 1366 512; x_wconf 83' lang='grc' dir='ltr'><em>ἃ</em></span> <span class='ocrx_word' id='word_1_44' title='bbox 1390 470 1440 523; x_wconf 76' lang='grc' dir='ltr'><strong>δὴ</strong></span> <span class='ocrx_word' id='word_1_45' title='bbox 1463 473 1530 512; x_wconf 86' lang='grc' dir='ltr'><strong>καὶ</strong></span> <span class='ocrx_word' id='word_1_46' title='bbox 1550 469 1608 520; x_wconf 80' lang='grc' dir='ltr'><strong>ὥς</strong></span> 
     </span>
     <span class='ocr_line' id='line_1_6' title="bbox 107 535 1608 594; baseline 0.001 -13"><span class='ocrx_word' id='word_1_47' title='bbox 107 538 208 582; x_wconf 70' lang='grc' dir='ltr'><strong>ὄὲπὶ</strong></span> <span class='ocrx_word' id='word_1_48' title='bbox 237 542 389 593; x_wconf 85' lang='grc' dir='ltr'><strong><em>σκηνῆς</em></strong></span> <span class='ocrx_word' id='word_1_49' title='bbox 422 542 498 580; x_wconf 84' lang='grc' dir='ltr'><strong>τοῦ</strong></span> <span class='ocrx_word' id='word_1_50' title='bbox 526 541 620 591; x_wconf 81' lang='grc' dir='ltr'><strong><em>βίον</em></strong></span> <span class='ocrx_word' id='word_1_51' title='bbox 653 542 737 582; x_wconf 78' lang='grc' dir='ltr'><strong>τῶν</strong></span> <span class='ocrx_word' id='word_1_52' title='bbox 770 535 1040 592; x_wconf 74' lang='grc' dir='ltr'><strong><em>ταλαιπώρων</em></strong></span> <span class='ocrx_word' id='word_1_53' title='bbox 1067 537 1354 594; x_wconf 76' lang='grc' dir='ltr'><strong><em>ἀνθρώπωνῆ</em></strong></span> <span class='ocrx_word' id='word_1_54' title='bbox 1387 539 1608 594; x_wconf 74' lang='grc' dir='ltr'><strong><em>τληπαθῆς</em></strong></span> 
     </span>
     <span class='ocr_line' id='line_1_7' title="bbox 141 603 1603 663; baseline 0.001 -15"><span class='ocrx_word' id='word_1_55' title='bbox 141 604 264 663; x_wconf 69' lang='grc' dir='ltr'><strong><em>φύσις</em></strong></span> <span class='ocrx_word' id='word_1_56' title='bbox 282 604 338 655; x_wconf 81' lang='grc' dir='ltr'><strong>ὥς</strong></span> <span class='ocrx_word' id='word_1_57' title='bbox 357 604 526 662; x_wconf 72' lang='grc' dir='ltr'><strong><em>ἐφόλκια</em></strong></span> <span class='ocrx_word' id='word_1_58' title='bbox 550 603 805 660; x_wconf 46' lang='lat' dir='ltr'><strong>{nautio-§rag</strong></span> <span class='ocrx_word' id='word_1_59' title='bbox 841 603 902 655; x_wconf 79' lang='grc' dir='ltr'><strong><em>οἷς</em></strong></span> <span class='ocrx_word' id='word_1_60' title='bbox 924 607 1064 648; x_wconf 70' lang='grc' dir='ltr'><strong><em>ἐκεῖνοι</em></strong></span> <span class='ocrx_word' id='word_1_61' title='bbox 1085 604 1346 663; x_wconf 74' lang='grc' dir='ltr'><strong><em>ἓπιφυόμενοι</em></strong></span> <span class='ocrx_word' id='word_1_62' title='bbox 1368 610 1603 650; x_wconf 84' lang='grc' dir='ltr'><strong><em>κατωνείδι-</em></strong></span> 
     </span>
     <span class='ocr_line' id='line_1_8' title="bbox 140 674 1606 731; baseline 0 -13"><span class='ocrx_word' id='word_1_63' title='bbox 140 676 208 727; x_wconf 85' lang='grc' dir='ltr'><strong>ζον</strong></span> <span class='ocrx_word' id='word_1_64' title='bbox 235 676 302 716; x_wconf 89' lang='grc' dir='ltr'><strong>καὶ</strong></span> <span class='ocrx_word' id='word_1_65' title='bbox 334 675 506 728; x_wconf 82' lang='grc' dir='ltr'><strong><em>η’τίμουν</em></strong></span> <span class='ocrx_word' id='word_1_66' title='bbox 534 676 600 716; x_wconf 79' lang='grc' dir='ltr'><strong>καὶ</strong></span> <span class='ocrx_word' id='word_1_67' title='bbox 630 675 866 729; x_wconf 75' lang='grc' dir='ltr'><strong><em>περιέσυρον</em></strong></span> <span class='ocrx_word' id='word_1_68' title='bbox 896 676 962 716; x_wconf 80' lang='grc' dir='ltr'><strong>καὶ</strong></span> <span class='ocrx_word' id='word_1_69' title='bbox 996 679 1199 731; x_wconf 71' lang='grc' dir='ltr'><strong><em>φυλακαῖς</em></strong></span> <span class='ocrx_word' id='word_1_70' title='bbox 1217 674 1521 731; x_wconf 74' lang='grc' dir='ltr'><strong><em>ἀπαρακλήτοις</em></strong></span> <span class='ocrx_word' id='word_1_71' title='bbox 1539 678 1606 718; x_wconf 86' lang='grc' dir='ltr'><strong>δι-</strong></span> 
     </span>
     <span class='ocr_line' id='line_1_9' title="bbox 138 737 1600 799; baseline 0.001 -14"><span class='ocrx_word' id='word_1_72' title='bbox 138 747 280 786; x_wconf 80' lang='grc' dir='ltr'><strong><em>καιοῦν</em></strong></span> <span class='ocrx_word' id='word_1_73' title='bbox 305 743 378 785; x_wconf 84' lang='grc' dir='ltr'><strong>οὐκ</strong></span> <span class='ocrx_word' id='word_1_74' title='bbox 398 743 555 796; x_wconf 67' lang='grc' dir='ltr'><strong><em>ἔληγον.</em></strong></span> <span class='ocrx_word' id='word_1_75' title='bbox 611 737 662 797; x_wconf 80' lang='grc' dir='ltr'><strong>ἦν</strong></span> <span class='ocrx_word' id='word_1_76' title='bbox 682 740 732 797; x_wconf 81' lang='grc' dir='ltr'><strong>δή</strong></span> <span class='ocrx_word' id='word_1_77' title='bbox 750 760 829 785; x_wconf 81' lang='grc' dir='ltr'><strong><em>που</em></strong></span> <span class='ocrx_word' id='word_1_78' title='bbox 852 745 918 785; x_wconf 81' lang='grc' dir='ltr'><strong>καὶ</strong></span> <span class='ocrx_word' id='word_1_79' title='bbox 941 743 1022 785; x_wconf 83' lang='grc' dir='ltr'><strong>ἀπὸ</strong></span> <span class='ocrx_word' id='word_1_80' title='bbox 1041 749 1178 797; x_wconf 82' lang='grc' dir='ltr'><strong><em>μονῶν</em></strong></span> <span class='ocrx_word' id='word_1_81' title='bbox 1198 744 1376 799; x_wconf 72' lang='grc' dir='ltr'><strong><em>ἐξέλεγον</em></strong></span> <span class='ocrx_word' id='word_1_82' title='bbox 1391 742 1600 798; x_wconf 72' lang='grc' dir='ltr'><strong><em>χρήματα,</em></strong></span> 
     </span>
     <span class='ocr_line' id='line_1_10' title="bbox 138 809 1602 867; baseline 0.001 -13"><span class='ocrx_word' id='word_1_83' title='bbox 138 809 195 861; x_wconf 79' lang='grc' dir='ltr'><strong>ὥς</strong></span> <span class='ocrx_word' id='word_1_84' title='bbox 225 810 326 866; x_wconf 74' lang='grc' dir='ltr'><strong><em>ὃλην</em></strong></span> <span class='ocrx_word' id='word_1_85' title='bbox 358 816 508 854; x_wconf 77' lang='grc' dir='ltr'><strong><em>παθῶν</em></strong></span> <span class='ocrx_word' id='word_1_86' title='bbox 533 809 799 860; x_wconf 70' lang='grc' dir='ltr'><strong><em>ὑποσπῶντες</em></strong></span> <span class='ocrx_word' id='word_1_87' title='bbox 824 817 958 854; x_wconf 81' lang='grc' dir='ltr'><strong><em>ταῦτα</em></strong></span> <span class='ocrx_word' id='word_1_88' title='bbox 986 813 1052 853; x_wconf 82' lang='grc' dir='ltr'><strong><em>καὶ</em></strong></span> <span class='ocrx_word' id='word_1_89' title='bbox 1083 811 1131 855; x_wconf 83' lang='grc' dir='ltr'><strong><em>τὸ</em></strong></span> <span class='ocrx_word' id='word_1_90' title='bbox 1165 817 1247 867; x_wconf 67' lang='grc' dir='ltr'><strong>πέρ</strong></span> <span class='ocrx_word' id='word_1_91' title='bbox 1277 816 1350 867; x_wconf 82' lang='grc' dir='ltr'><strong><em>τῆς</em></strong></span> <span class='ocrx_word' id='word_1_92' title='bbox 1372 813 1602 865; x_wconf 71' lang='grc' dir='ltr'><strong><em>ἕμπαθείας</em></strong></span> 
     </span>
     <span class='ocr_line' id='line_1_11' title="bbox 85 872 1652 936; baseline 0.001 -15"><span class='ocrx_word' id='word_1_93' title='bbox 85 872 327 922; x_wconf 71' lang='grc' dir='ltr'><strong><em>1ὸέντεῦθεν</em></strong></span> <span class='ocrx_word' id='word_1_94' title='bbox 347 879 639 933; x_wconf 83' lang='grc' dir='ltr'><strong><em>ἀπομαραίνειν</em></strong></span> <span class='ocrx_word' id='word_1_95' title='bbox 667 881 939 929; x_wconf 78' lang='grc' dir='ltr'><strong><em>δικαιοῦντες·</em></strong></span> <span class='ocrx_word' id='word_1_96' title='bbox 977 882 1010 922; x_wconf 80' lang='grc' dir='ltr'><strong>εἴ</strong></span> <span class='ocrx_word' id='word_1_97' title='bbox 1029 881 1157 923; x_wconf 78' lang='grc' dir='ltr'><strong><em>δὲκαὶ</em></strong></span> <span class='ocrx_word' id='word_1_98' title='bbox 1176 888 1264 930; x_wconf 80' lang='grc' dir='ltr'><strong><em>ταῖς</em></strong></span> <span class='ocrx_word' id='word_1_99' title='bbox 1279 882 1418 936; x_wconf 80' lang='grc' dir='ltr'><strong><em>χερσὶν</em></strong></span> <span class='ocrx_word' id='word_1_100' title='bbox 1440 883 1599 924; x_wconf 75' lang='grc' dir='ltr'><strong><em>ἐκείνων</em></strong></span> <span class='ocrx_word' id='word_1_101' title='bbox 1623 885 1652 919; x_wconf 84' lang='lat' dir='ltr'>B</span> 
     </span>
     <span class='ocr_line' id='line_1_12' title="bbox 138 946 1604 1005; baseline 0.001 -15"><span class='ocrx_word' id='word_1_102' title='bbox 138 949 179 990; x_wconf 76' lang='lat' dir='ltr'><strong>&#39;oi</strong></span> <span class='ocrx_word' id='word_1_103' title='bbox 198 953 446 1003; x_wconf 76' lang='grc' dir='ltr'><strong><em>σπινθῆρες,</em></strong></span> <span class='ocrx_word' id='word_1_104' title='bbox 480 946 536 997; x_wconf 81' lang='grc' dir='ltr'><strong>ὥς</strong></span> <span class='ocrx_word' id='word_1_105' title='bbox 562 948 732 1000; x_wconf 65' lang='grc' dir='ltr'><strong><em>ἔδοξαν,</em></strong></span> <span class='ocrx_word' id='word_1_106' title='bbox 763 946 1121 1002; x_wconf 75' lang='grc' dir='ltr'><strong><em>ε’νεσποδιάζοντο,</em></strong></span> <span class='ocrx_word' id='word_1_107' title='bbox 1158 948 1372 1005; x_wconf 74' lang='grc' dir='ltr'><strong><em>ἦράκλεις,</em></strong></span> <span class='ocrx_word' id='word_1_108' title='bbox 1406 956 1492 999; x_wconf 76' lang='grc' dir='ltr'><strong><em>τοῖς</em></strong></span> <span class='ocrx_word' id='word_1_109' title='bbox 1525 949 1604 992; x_wconf 76' lang='grc' dir='ltr'><strong><em>ἅλ-</em></strong></span> 
     </span>
     <span class='ocr_line' id='line_1_13' title="bbox 136 1015 1602 1072; baseline 0.001 -13"><span class='ocrx_word' id='word_1_110' title='bbox 136 1021 243 1069; x_wconf 85' lang='grc' dir='ltr'><strong><em>λων,</em></strong></span> <span class='ocrx_word' id='word_1_111' title='bbox 280 1015 302 1059; x_wconf 77' lang='grc' dir='ltr'>ὅ</span> <span class='ocrx_word' id='word_1_112' title='bbox 323 1033 473 1072; x_wconf 83' lang='grc' dir='ltr'><strong><em>φασιν,</em></strong></span> <span class='ocrx_word' id='word_1_113' title='bbox 512 1018 691 1070; x_wconf 78' lang='grc' dir='ltr'><strong><em>ἰατροῖς,</em></strong></span> <span class='ocrx_word' id='word_1_114' title='bbox 727 1018 761 1059; x_wconf 82' lang='grc' dir='ltr'><strong>εἶ</strong></span> <span class='ocrx_word' id='word_1_115' title='bbox 779 1017 931 1059; x_wconf 74' lang='grc' dir='ltr'><strong><em>ἕλκεσιν</em></strong></span> <span class='ocrx_word' id='word_1_116' title='bbox 953 1017 1116 1072; x_wconf 61' lang='grc' dir='ltr'><strong><em>ἔβρυον.</em></strong></span> <span class='ocrx_word' id='word_1_117' title='bbox 1187 1018 1299 1071; x_wconf 81' lang='grc' dir='ltr'><strong><em>ὅμως</em></strong></span> <span class='ocrx_word' id='word_1_118' title='bbox 1316 1018 1457 1071; x_wconf 78' lang='grc' dir='ltr'><strong><em>μέντοι</em></strong></span> <span class='ocrx_word' id='word_1_119' title='bbox 1477 1025 1602 1072; x_wconf 82' lang='grc' dir='ltr'><strong><em>μῖσος</em></strong></span> 
     </span>
     <span class='ocr_line' id='line_1_14' title="bbox 136 1084 1601 1142; baseline 0.001 -14"><span class='ocrx_word' id='word_1_120' title='bbox 136 1084 213 1128; x_wconf 76' lang='grc' dir='ltr'><strong>οὐκ</strong></span> <span class='ocrx_word' id='word_1_121' title='bbox 233 1085 367 1140; x_wconf 77' lang='grc' dir='ltr'><strong><em>ὀλίγον</em></strong></span> <span class='ocrx_word' id='word_1_122' title='bbox 389 1087 578 1127; x_wconf 75' lang='grc' dir='ltr'><strong><em>ἐντεῦθεν</em></strong></span> <span class='ocrx_word' id='word_1_123' title='bbox 608 1087 722 1140; x_wconf 82' lang='grc' dir='ltr'><strong><em>σφίσι</em></strong></span> <span class='ocrx_word' id='word_1_124' title='bbox 747 1085 858 1141; x_wconf 79' lang='grc' dir='ltr'><strong><em>παρὰ</em></strong></span> <span class='ocrx_word' id='word_1_125' title='bbox 888 1090 1050 1128; x_wconf 79' lang='grc' dir='ltr'><strong><em>πολλῶν</em></strong></span> <span class='ocrx_word' id='word_1_126' title='bbox 1072 1085 1284 1142; x_wconf 72' lang='grc' dir='ltr'><strong><em>ἔντε’τροᾳε</em></strong></span> <span class='ocrx_word' id='word_1_127' title='bbox 1304 1089 1371 1128; x_wconf 83' lang='grc' dir='ltr'><strong>καὶ</strong></span> <span class='ocrx_word' id='word_1_128' title='bbox 1394 1085 1601 1136; x_wconf 73' lang='grc' dir='ltr'><strong><em>ἄσπονδος</em></strong></span> 
     </span>
     <span class='ocr_line' id='line_1_15' title="bbox 134 1150 1599 1208; baseline 0.003 -14"><span class='ocrx_word' id='word_1_129' title='bbox 134 1158 276 1207; x_wconf 86' lang='grc' dir='ltr'><strong><em>μῆνις,</em></strong></span> <span class='ocrx_word' id='word_1_130' title='bbox 321 1154 387 1195; x_wconf 82' lang='grc' dir='ltr'><strong>καὶ</strong></span> <span class='ocrx_word' id='word_1_131' title='bbox 420 1150 690 1208; x_wconf 69' lang='grc' dir='ltr'><strong><em>κατεστῦγουν</em></strong></span> <span class='ocrx_word' id='word_1_132' title='bbox 715 1152 912 1206; x_wconf 82' lang='grc' dir='ltr'><strong><em>ἅπαντες,</em></strong></span> <span class='ocrx_word' id='word_1_133' title='bbox 960 1155 1118 1196; x_wconf 75' lang='grc' dir='ltr'><strong><em>ἐκείνων</em></strong></span> <span class='ocrx_word' id='word_1_134' title='bbox 1149 1154 1429 1207; x_wconf 78' lang='grc' dir='ltr'><strong><em>σπενδομένων</em></strong></span> <span class='ocrx_word' id='word_1_135' title='bbox 1460 1153 1599 1208; x_wconf 85' lang='grc' dir='ltr'><strong><em>μόνων</em></strong></span> 
     </span>
     <span class='ocr_line' id='line_1_16' title="bbox 80 1219 1598 1277; baseline 0.001 -12"><span class='ocrx_word' id='word_1_136' title='bbox 80 1229 123 1265; x_wconf 87' lang='lat'><strong>15</strong></span> <span class='ocrx_word' id='word_1_137' title='bbox 136 1219 198 1272; x_wconf 81' lang='grc' dir='ltr'><strong><em>οἷς</em></strong></span> <span class='ocrx_word' id='word_1_138' title='bbox 227 1221 279 1276; x_wconf 85' lang='grc' dir='ltr'><strong>δὴ</strong></span> <span class='ocrx_word' id='word_1_139' title='bbox 308 1223 375 1264; x_wconf 87' lang='grc' dir='ltr'><strong>καὶ</strong></span> <span class='ocrx_word' id='word_1_140' title='bbox 404 1219 459 1270; x_wconf 86' lang='grc' dir='ltr'><strong>ὦς</strong></span> <span class='ocrx_word' id='word_1_141' title='bbox 485 1223 601 1271; x_wconf 79' lang='grc' dir='ltr'><strong><em>ι’διόις</em></strong></span> <span class='ocrx_word' id='word_1_142' title='bbox 622 1221 811 1276; x_wconf 67' lang='grc' dir='ltr'><strong><em>ἐχρῶντο.</em></strong></span> <span class='ocrx_word' id='word_1_143' title='bbox 882 1227 1049 1271; x_wconf 82' lang='grc' dir='ltr'><strong><em>πολλοῖς</em></strong></span> <span class='ocrx_word' id='word_1_144' title='bbox 1073 1224 1202 1265; x_wconf 79' lang='grc' dir='ltr'><strong><em>δὲκαὶ</em></strong></span> <span class='ocrx_word' id='word_1_145' title='bbox 1232 1223 1388 1277; x_wconf 77' lang='grc' dir='ltr'><strong><em>πληγὰς</em></strong></span> <span class='ocrx_word' id='word_1_146' title='bbox 1408 1223 1598 1266; x_wconf 72' lang='grc' dir='ltr'><strong><em>ἐνέτεινον</em></strong></span> 
     </span>
     <span class='ocr_line' id='line_1_17' title="bbox 132 1287 1597 1348; baseline 0.001 -16"><span class='ocrx_word' id='word_1_147' title='bbox 132 1291 303 1347; x_wconf 82' lang='grc' dir='ltr'><strong><em>βαρείας</em></strong></span> <span class='ocrx_word' id='word_1_148' title='bbox 323 1287 518 1346; x_wconf 77' lang='grc' dir='ltr'><strong><em>ἆμαρτεῒν</em></strong></span> <span class='ocrx_word' id='word_1_149' title='bbox 547 1287 738 1343; x_wconf 84' lang='grc' dir='ltr'><strong><em>δόξασιν,</em></strong></span> <span class='ocrx_word' id='word_1_150' title='bbox 770 1290 849 1334; x_wconf 76' lang='grc' dir='ltr'><strong>ἀπὸ</strong></span> <span class='ocrx_word' id='word_1_151' title='bbox 872 1290 992 1346; x_wconf 80' lang='grc' dir='ltr'><strong><em>ζήλου</em></strong></span> <span class='ocrx_word' id='word_1_152' title='bbox 1025 1293 1156 1346; x_wconf 70' lang='grc' dir='ltr'><strong><em>δῆθεν</em></strong></span> <span class='ocrx_word' id='word_1_153' title='bbox 1189 1293 1255 1334; x_wconf 79' lang='grc' dir='ltr'><strong>καὶ</strong></span> <span class='ocrx_word' id='word_1_154' title='bbox 1277 1291 1515 1348; x_wconf 73' lang='grc' dir='ltr'><strong><em>ἀκριβείας,</em></strong></span> <span class='ocrx_word' id='word_1_155' title='bbox 1546 1292 1597 1334; x_wconf 82' lang='grc' dir='ltr'><strong><em>τὸ</em></strong></span> 
     </span>
    </p>
   </div>
   <div class='ocr_carea' id='block_1_3' title="bbox 223 1406 473 1446">
    <p class='ocr_par' dir='ltr' id='par_1_3' title="bbox 223 1406 473 1446">
     <span class='ocr_line' id='line_1_18' title="bbox 223 1406 473 1446; baseline -0.008 -1"><span class='ocrx_word' id='word_1_156' title='bbox 223 1410 259 1445; x_wconf 84' lang='lat'><strong>8.</strong></span> <span class='ocrx_word' id='word_1_157' title='bbox 281 1406 326 1446; x_wconf 80' lang='grc' dir='ltr'><strong>δ’</strong></span> <span class='ocrx_word' id='word_1_158' title='bbox 346 1406 473 1446; x_wconf 65' lang='lat' dir='ltr'><strong>iinon?</strong></span> 
     </span>
    </p>
   </div>
   <div class='ocr_carea' id='block_1_4' title="bbox 121 1513 1598 2841">
    <p class='ocr_par' dir='ltr' id='par_1_4' title="bbox 121 1513 1598 2841">
     <span class='ocr_line' id='line_1_19' title="bbox 130 1513 1598 1563; baseline 0.003 -16"><span class='ocrx_word' id='word_1_159' title='bbox 130 1515 222 1548; x_wconf 80' lang='lat' dir='ltr'><strong>team</strong></span> <span class='ocrx_word' id='word_1_160' title='bbox 243 1513 456 1549; x_wconf 74' lang='lat' dir='ltr'><strong>aureolamve</strong></span> <span class='ocrx_word' id='word_1_161' title='bbox 484 1513 704 1558; x_wconf 76' lang='lat' dir='ltr'>cruciculam,</span> <span class='ocrx_word' id='word_1_162' title='bbox 735 1513 850 1549; x_wconf 87' lang='lat' dir='ltr'><strong>statim</strong></span> <span class='ocrx_word' id='word_1_163' title='bbox 881 1517 920 1549; x_wconf 89' lang='lat' dir='ltr'><strong>ut</strong></span> <span class='ocrx_word' id='word_1_164' title='bbox 949 1518 1143 1561; x_wconf 70' lang='lat' dir='ltr'><strong>sumptuose</strong></span> <span class='ocrx_word' id='word_1_165' title='bbox 1175 1515 1371 1563; x_wconf 76' lang='lat' dir='ltr'><strong>splendidus</strong></span> <span class='ocrx_word' id='word_1_166' title='bbox 1405 1517 1598 1552; x_wconf 77' lang='lat' dir='ltr'><strong>notabatur.</strong></span> 
     </span>
     <span class='ocr_line' id='line_1_20' title="bbox 129 1559 1597 1605; baseline 0.001 -11"><span class='ocrx_word' id='word_1_167' title='bbox 129 1559 192 1594; x_wconf 78' lang='lat' dir='ltr'><strong>sed</strong></span> <span class='ocrx_word' id='word_1_168' title='bbox 213 1564 249 1594; x_wconf 85' lang='lat' dir='ltr'><strong>et</strong></span> <span class='ocrx_word' id='word_1_169' title='bbox 271 1571 379 1605; x_wconf 84' lang='lat' dir='ltr'><strong>usque</strong></span> <span class='ocrx_word' id='word_1_170' title='bbox 401 1560 445 1594; x_wconf 82' lang='lat' dir='ltr'><strong>ad</strong></span> <span class='ocrx_word' id='word_1_171' title='bbox 477 1560 538 1594; x_wconf 87' lang='lat' dir='ltr'><strong>has</strong></span> <span class='ocrx_word' id='word_1_172' title='bbox 569 1560 726 1595; x_wconf 83' lang='lat' dir='ltr'><strong>minutias</strong></span> <span class='ocrx_word' id='word_1_173' title='bbox 754 1561 976 1596; x_wconf 75' lang='lat' dir='ltr'><strong>morosissime.</strong></span> <span class='ocrx_word' id='word_1_174' title='bbox 1008 1574 1150 1596; x_wconf 89' lang='lat' dir='ltr'><strong>censura</strong></span> <span class='ocrx_word' id='word_1_175' title='bbox 1179 1564 1420 1598; x_wconf 81' lang='lat' dir='ltr'>descendebat.</span> <span class='ocrx_word' id='word_1_176' title='bbox 1467 1575 1508 1597; x_wconf 90' lang='lat' dir='ltr'><strong>en</strong></span> <span class='ocrx_word' id='word_1_177' title='bbox 1542 1563 1597 1597; x_wconf 89' lang='lat' dir='ltr'><strong>hic</strong></span> 
     </span>
     <span class='ocr_line' id='line_1_21' title="bbox 130 1606 1593 1654; baseline 0.002 -15"><span class='ocrx_word' id='word_1_178' title='bbox 130 1616 231 1650; x_wconf 78' lang='lat' dir='ltr'><strong>quan</strong></span> <span class='ocrx_word' id='word_1_179' title='bbox 264 1606 436 1640; x_wconf 85' lang='lat' dir='ltr'><strong>elaborato</strong></span> <span class='ocrx_word' id='word_1_180' title='bbox 470 1606 603 1640; x_wconf 82' lang='lat' dir='ltr'><strong>affabre</strong></span> <span class='ocrx_word' id='word_1_181' title='bbox 637 1607 772 1641; x_wconf 86' lang='lat' dir='ltr'><strong>cultello</strong></span> <span class='ocrx_word' id='word_1_182' title='bbox 804 1608 928 1641; x_wconf 85' lang='lat' dir='ltr'><strong>utitur!</strong></span> <span class='ocrx_word' id='word_1_183' title='bbox 960 1607 1048 1642; x_wconf 87' lang='lat' dir='ltr'><strong>alter</strong></span> <span class='ocrx_word' id='word_1_184' title='bbox 1077 1608 1134 1642; x_wconf 86' lang='lat' dir='ltr'><strong>ille</strong></span> <span class='ocrx_word' id='word_1_185' title='bbox 1163 1609 1293 1643; x_wconf 80' lang='lat' dir='ltr'>mamili</span> <span class='ocrx_word' id='word_1_186' title='bbox 1327 1620 1427 1654; x_wconf 88' lang='lat' dir='ltr'><strong>quam</strong></span> <span class='ocrx_word' id='word_1_187' title='bbox 1452 1609 1593 1643; x_wconf 85' lang='lat' dir='ltr'><strong>candido</strong></span> 
     </span>
     <span class='ocr_line' id='line_1_22' title="bbox 130 1652 1594 1699; baseline 0.003 -15"><span class='ocrx_word' id='word_1_188' title='bbox 130 1661 248 1684; x_wconf 81' lang='lat' dir='ltr'><strong>manus</strong></span> <span class='ocrx_word' id='word_1_189' title='bbox 276 1652 400 1696; x_wconf 84' lang='lat' dir='ltr'><strong>tergit!</strong></span> <span class='ocrx_word' id='word_1_190' title='bbox 431 1657 471 1686; x_wconf 87' lang='lat' dir='ltr'><strong>ut</strong></span> <span class='ocrx_word' id='word_1_191' title='bbox 503 1652 569 1686; x_wconf 88' lang='lat' dir='ltr'><strong>iste</strong></span> <span class='ocrx_word' id='word_1_192' title='bbox 599 1652 711 1686; x_wconf 86' lang='lat' dir='ltr'><strong>lautus</strong></span> <span class='ocrx_word' id='word_1_193' title='bbox 743 1652 849 1686; x_wconf 89' lang='lat' dir='ltr'><strong>nitet!</strong></span> <span class='ocrx_word' id='word_1_194' title='bbox 882 1658 920 1687; x_wconf 88' lang='lat' dir='ltr'><strong>ut</strong></span> <span class='ocrx_word' id='word_1_195' title='bbox 951 1655 1063 1687; x_wconf 84' lang='lat' dir='ltr'><strong>fracto</strong></span> <span class='ocrx_word' id='word_1_196' title='bbox 1093 1653 1180 1688; x_wconf 86' lang='lat' dir='ltr'><strong>alius</strong></span> <span class='ocrx_word' id='word_1_197' title='bbox 1202 1660 1239 1688; x_wconf 88' lang='lat' dir='ltr'><strong>et</strong></span> <span class='ocrx_word' id='word_1_198' title='bbox 1263 1654 1381 1688; x_wconf 87' lang='lat' dir='ltr'><strong>deside</strong></span> <span class='ocrx_word' id='word_1_199' title='bbox 1403 1654 1594 1699; x_wconf 78' lang='lat' dir='ltr'><strong>languescit</strong></span> 
     </span>
     <span class='ocr_line' id='line_1_23' title="bbox 128 1695 1594 1744; baseline 0.002 -14"><span class='ocrx_word' id='word_1_200' title='bbox 128 1695 269 1730; x_wconf 85' lang='lat' dir='ltr'><strong>habitu!</strong></span> <span class='ocrx_word' id='word_1_201' title='bbox 301 1702 340 1731; x_wconf 87' lang='lat' dir='ltr'><strong>ut</strong></span> <span class='ocrx_word' id='word_1_202' title='bbox 361 1697 476 1732; x_wconf 87' lang='lat' dir='ltr'><strong>amicis</strong></span> <span class='ocrx_word' id='word_1_203' title='bbox 497 1697 628 1732; x_wconf 73' lang='lat' dir='ltr'><strong>solicite</strong></span> <span class='ocrx_word' id='word_1_204' title='bbox 651 1699 869 1744; x_wconf 74' lang='lat' dir='ltr'><strong>obsequitur!</strong></span> <span class='ocrx_word' id='word_1_205' title='bbox 900 1703 939 1733; x_wconf 92' lang='lat' dir='ltr'><strong>ut</strong></span> <span class='ocrx_word' id='word_1_206' title='bbox 971 1711 1045 1733; x_wconf 90' lang='lat' dir='ltr'><strong>cum</strong></span> <span class='ocrx_word' id='word_1_207' title='bbox 1077 1705 1273 1744; x_wconf 71' lang='lat' dir='ltr'>aegrotaret</span> <span class='ocrx_word' id='word_1_208' title='bbox 1299 1700 1463 1734; x_wconf 89' lang='lat' dir='ltr'><strong>medicum</strong></span> <span class='ocrx_word' id='word_1_209' title='bbox 1492 1700 1594 1734; x_wconf 84' lang='lat' dir='ltr'><strong>adiit!</strong></span> 
     </span>
     <span class='ocr_line' id='line_1_24' title="bbox 125 1742 1591 1790; baseline 0 -12"><span class='ocrx_word' id='word_1_210' title='bbox 125 1747 168 1778; x_wconf 72' lang='lat' dir='ltr'><strong>‚et</strong></span> <span class='ocrx_word' id='word_1_211' title='bbox 188 1742 265 1787; x_wconf 83' lang='lat' dir='ltr'><strong>quis</strong></span> <span class='ocrx_word' id='word_1_212' title='bbox 285 1743 474 1777; x_wconf 74' lang='lat' dir='ltr'><strong>istiusmodi</strong></span> <span class='ocrx_word' id='word_1_213' title='bbox 497 1744 761 1778; x_wconf 81' lang='lat' dir='ltr'><strong>criminationum</strong></span> <span class='ocrx_word' id='word_1_214' title='bbox 795 1744 1079 1790; x_wconf 73' lang='lat' dir='ltr'><strong>ineptissimarum</strong></span> <span class='ocrx_word' id='word_1_215' title='bbox 1101 1745 1196 1779; x_wconf 80' lang='lat' dir='ltr'><strong>inest</strong></span> <span class='ocrx_word' id='word_1_216' title='bbox 1218 1747 1418 1779; x_wconf 67' lang='lat' dir='ltr'><strong>numerum?</strong></span> <span class='ocrx_word' id='word_1_217' title='bbox 1449 1757 1526 1779; x_wconf 87' lang='lat' dir='ltr'><strong>nam</strong></span> <span class='ocrx_word' id='word_1_218' title='bbox 1557 1745 1591 1778; x_wconf 92' lang='lat' dir='ltr'><strong>in</strong></span> 
     </span>
     <span class='ocr_line' id='line_1_25' title="bbox 126 1787 1593 1834; baseline 0.002 -13"><span class='ocrx_word' id='word_1_219' title='bbox 126 1787 175 1821; x_wconf 73' lang='lat' dir='ltr'><strong>iis</strong></span> <span class='ocrx_word' id='word_1_220' title='bbox 195 1788 347 1822; x_wconf 86' lang='lat' dir='ltr'><strong>omnibus</strong></span> <span class='ocrx_word' id='word_1_221' title='bbox 369 1800 479 1834; x_wconf 86' lang='lat' dir='ltr'><strong>quas,</strong></span> <span class='ocrx_word' id='word_1_222' title='bbox 511 1790 604 1824; x_wconf 76' lang='lat' dir='ltr'><strong>velut</strong></span> <span class='ocrx_word' id='word_1_223' title='bbox 634 1790 668 1823; x_wconf 88' lang='lat' dir='ltr'><strong>in</strong></span> <span class='ocrx_word' id='word_1_224' title='bbox 699 1801 823 1831; x_wconf 80' lang='lat' dir='ltr'><strong>scena,</strong></span> <span class='ocrx_word' id='word_1_225' title='bbox 854 1791 1035 1825; x_wconf 74' lang='lat' dir='ltr'><strong>infelicium</strong></span> <span class='ocrx_word' id='word_1_226' title='bbox 1059 1791 1224 1825; x_wconf 85' lang='lat' dir='ltr'><strong>hominum</strong></span> <span class='ocrx_word' id='word_1_227' title='bbox 1247 1802 1445 1825; x_wconf 81' lang='lat' dir='ltr'><strong>aerumnosa</strong></span> <span class='ocrx_word' id='word_1_228' title='bbox 1468 1796 1593 1824; x_wconf 79' lang='lat' dir='ltr'><strong>natura</strong></span> 
     </span>
     <span class='ocr_line' id='line_1_26' title="bbox 128 1833 1592 1879; baseline 0.001 -12"><span class='ocrx_word' id='word_1_229' title='bbox 128 1833 248 1868; x_wconf 74' lang='lat' dir='ltr'><strong>solatio</strong></span> <span class='ocrx_word' id='word_1_230' title='bbox 270 1834 459 1879; x_wconf 82' lang='lat' dir='ltr'><strong>urgentium</strong></span> <span class='ocrx_word' id='word_1_231' title='bbox 483 1835 720 1870; x_wconf 84' lang='lat' dir='ltr'><strong>necessitatum</strong></span> <span class='ocrx_word' id='word_1_232' title='bbox 751 1835 904 1870; x_wconf 76' lang='lat' dir='ltr'><strong>sarcinas</strong></span> <span class='ocrx_word' id='word_1_233' title='bbox 934 1838 1026 1870; x_wconf 81' lang='lat' dir='ltr'><strong>vitae</strong></span> <span class='ocrx_word' id='word_1_234' title='bbox 1047 1837 1271 1870; x_wconf 86' lang='lat' dir='ltr'><strong>subsidiorum</strong></span> <span class='ocrx_word' id='word_1_235' title='bbox 1294 1837 1415 1877; x_wconf 84' lang='lat' dir='ltr'><strong>trahit,</strong></span> <span class='ocrx_word' id='word_1_236' title='bbox 1452 1835 1592 1869; x_wconf 85' lang='lat' dir='ltr'><strong>insidias</strong></span> 
     </span>
     <span class='ocr_line' id='line_1_27' title="bbox 126 1878 1592 1927; baseline 0.001 -15"><span class='ocrx_word' id='word_1_237' title='bbox 126 1878 297 1914; x_wconf 75' lang='lat' dir='ltr'><strong>inhumani</strong></span> <span class='ocrx_word' id='word_1_238' title='bbox 330 1881 494 1915; x_wconf 76' lang='lat' dir='ltr'><strong>satellites</strong></span> <span class='ocrx_word' id='word_1_239' title='bbox 525 1881 735 1915; x_wconf 84' lang='lat' dir='ltr'><strong>collocabant</strong></span> <span class='ocrx_word' id='word_1_240' title='bbox 767 1881 957 1916; x_wconf 89' lang='lat' dir='ltr'><strong>odiosarum</strong></span> <span class='ocrx_word' id='word_1_241' title='bbox 979 1882 1263 1927; x_wconf 85' lang='lat' dir='ltr'><strong>explorationum;</strong></span> <span class='ocrx_word' id='word_1_242' title='bbox 1299 1894 1319 1915; x_wconf 87' lang='lat' dir='ltr'><strong>e</strong></span> <span class='ocrx_word' id='word_1_243' title='bbox 1342 1881 1464 1926; x_wconf 89' lang='lat' dir='ltr'><strong>quibus</strong></span> <span class='ocrx_word' id='word_1_244' title='bbox 1488 1892 1592 1914; x_wconf 87' lang='lat' dir='ltr'><strong>exur-</strong></span> 
     </span>
     <span class='ocr_line' id='line_1_28' title="bbox 126 1925 1591 1972; baseline 0.002 -15"><span class='ocrx_word' id='word_1_245' title='bbox 126 1929 247 1967; x_wconf 81' lang='lat' dir='ltr'><strong>gentes</strong></span> <span class='ocrx_word' id='word_1_246' title='bbox 268 1925 303 1958; x_wconf 89' lang='lat' dir='ltr'><strong>in</strong></span> <span class='ocrx_word' id='word_1_247' title='bbox 324 1926 551 1970; x_wconf 82' lang='lat' dir='ltr'><strong>deprehensos</strong></span> <span class='ocrx_word' id='word_1_248' title='bbox 572 1928 880 1968; x_wconf 70' lang='lat' dir='ltr'><strong>stomachabantur,</strong></span> <span class='ocrx_word' id='word_1_249' title='bbox 896 1928 1133 1972; x_wconf 80' lang='lat' dir='ltr'><strong>obiurgabant,</strong></span> <span class='ocrx_word' id='word_1_250' title='bbox 1157 1928 1355 1967; x_wconf 72' lang='lat' dir='ltr'><strong>mustabant,</strong></span> <span class='ocrx_word' id='word_1_251' title='bbox 1378 1927 1591 1971; x_wconf 88' lang='lat' dir='ltr'><strong>prehenden-</strong></span> 
     </span>
     <span class='ocr_line' id='line_1_29' title="bbox 127 1969 1591 2016; baseline 0.002 -14"><span class='ocrx_word' id='word_1_252' title='bbox 127 1973 180 2002; x_wconf 75' lang='lat' dir='ltr'><strong>tes</strong></span> <span class='ocrx_word' id='word_1_253' title='bbox 202 1969 531 2012; x_wconf 85' lang='lat' dir='ltr'><strong>immisericorditer,</strong></span> <span class='ocrx_word' id='word_1_254' title='bbox 562 1973 747 2016; x_wconf 88' lang='lat' dir='ltr'><strong>prehensos</strong></span> <span class='ocrx_word' id='word_1_255' title='bbox 777 1973 995 2016; x_wconf 84' lang='lat' dir='ltr'><strong>ignominiose</strong></span> <span class='ocrx_word' id='word_1_256' title='bbox 1017 1974 1191 2006; x_wconf 84' lang='lat' dir='ltr'><strong>trahentes</strong></span> <span class='ocrx_word' id='word_1_257' title='bbox 1213 1973 1248 2005; x_wconf 93' lang='lat' dir='ltr'><strong>in</strong></span> <span class='ocrx_word' id='word_1_258' title='bbox 1272 1973 1441 2006; x_wconf 78' lang='lat' dir='ltr'><strong>custodias</strong></span> <span class='ocrx_word' id='word_1_259' title='bbox 1463 1972 1591 2006; x_wconf 88' lang='lat' dir='ltr'><strong>tristis-</strong></span> 
     </span>
     <span class='ocr_line' id='line_1_30' title="bbox 126 2014 1590 2063; baseline 0.003 -15"><span class='ocrx_word' id='word_1_260' title='bbox 126 2014 240 2058; x_wconf 83' lang='lat' dir='ltr'><strong>simas,</strong></span> <span class='ocrx_word' id='word_1_261' title='bbox 263 2016 322 2049; x_wconf 87' lang='lat' dir='ltr'><strong>nbi</strong></span> <span class='ocrx_word' id='word_1_262' title='bbox 343 2016 418 2050; x_wconf 87' lang='lat' dir='ltr'><strong>sine</strong></span> <span class='ocrx_word' id='word_1_263' title='bbox 440 2028 502 2061; x_wconf 89' lang='lat' dir='ltr'><strong>spe</strong></span> <span class='ocrx_word' id='word_1_264' title='bbox 523 2018 725 2061; x_wconf 79' lang='lat' dir='ltr'><strong>impetrandi</strong></span> <span class='ocrx_word' id='word_1_265' title='bbox 745 2018 939 2059; x_wconf 81' lang='lat' dir='ltr'><strong>laxamenti,</strong></span> <span class='ocrx_word' id='word_1_266' title='bbox 965 2019 1039 2052; x_wconf 89' lang='lat' dir='ltr'><strong>sine</strong></span> <span class='ocrx_word' id='word_1_267' title='bbox 1061 2019 1128 2051; x_wconf 93' lang='lat' dir='ltr'><strong>ullo</strong></span> <span class='ocrx_word' id='word_1_268' title='bbox 1151 2023 1414 2063; x_wconf 85' lang='lat' dir='ltr'><strong>temperamento</strong></span> <span class='ocrx_word' id='word_1_269' title='bbox 1438 2018 1590 2052; x_wconf 84' lang='lat' dir='ltr'><strong>indultae</strong></span> 
     </span>
     <span class='ocr_line' id='line_1_31' title="bbox 127 2061 1587 2108; baseline 0.002 -14"><span class='ocrx_word' id='word_1_270' title='bbox 127 2061 434 2095; x_wconf 86' lang='lat' dir='ltr'><strong>consolatiunculae</strong></span> <span class='ocrx_word' id='word_1_271' title='bbox 464 2062 519 2095; x_wconf 85' lang='lat' dir='ltr'><strong>vel</strong></span> <span class='ocrx_word' id='word_1_272' title='bbox 552 2062 726 2104; x_wconf 83' lang='lat' dir='ltr'><strong>minimae,</strong></span> <span class='ocrx_word' id='word_1_273' title='bbox 764 2063 878 2097; x_wconf 87' lang='lat' dir='ltr'><strong>miseri</strong></span> <span class='ocrx_word' id='word_1_274' title='bbox 918 2064 1218 2104; x_wconf 80' lang='lat' dir='ltr'><strong>contabescerent,</strong></span> <span class='ocrx_word' id='word_1_275' title='bbox 1251 2063 1343 2097; x_wconf 84' lang='lat' dir='ltr'><strong>nulla</strong></span> <span class='ocrx_word' id='word_1_276' title='bbox 1377 2064 1587 2108; x_wconf 85' lang='lat' dir='ltr'><strong>quantumvis</strong></span> 
     </span>
     <span class='ocr_line' id='line_1_32' title="bbox 124 2106 1587 2154; baseline 0.003 -15"><span class='ocrx_word' id='word_1_277' title='bbox 124 2106 227 2150; x_wconf 85' lang='lat' dir='ltr'><strong>longa</strong></span> <span class='ocrx_word' id='word_1_278' title='bbox 258 2106 438 2140; x_wconf 84' lang='lat' dir='ltr'><strong>tolerantia</strong></span> <span class='ocrx_word' id='word_1_279' title='bbox 461 2107 619 2140; x_wconf 88' lang='lat' dir='ltr'><strong>malorum</strong></span> <span class='ocrx_word' id='word_1_280' title='bbox 643 2107 824 2141; x_wconf 82' lang='lat' dir='ltr'><strong>crudelium</strong></span> <span class='ocrx_word' id='word_1_281' title='bbox 859 2109 999 2142; x_wconf 86' lang='lat' dir='ltr'><strong>istorum</strong></span> <span class='ocrx_word' id='word_1_282' title='bbox 1030 2108 1253 2142; x_wconf 86' lang='lat' dir='ltr'><strong>insatiabilem</strong></span> <span class='ocrx_word' id='word_1_283' title='bbox 1282 2109 1439 2154; x_wconf 84' lang='lat' dir='ltr'><strong>explente</strong></span> <span class='ocrx_word' id='word_1_284' title='bbox 1466 2109 1587 2143; x_wconf 82' lang='lat' dir='ltr'><strong>ferita-</strong></span> 
     </span>
     <span class='ocr_line' id='line_1_33' title="bbox 125 2152 1585 2200; baseline 0.003 -15"><span class='ocrx_word' id='word_1_285' title='bbox 125 2158 206 2186; x_wconf 88' lang='lat' dir='ltr'><strong>tem.</strong></span> <span class='ocrx_word' id='word_1_286' title='bbox 253 2163 316 2186; x_wconf 88' lang='lat' dir='ltr'><strong>nec</strong></span> <span class='ocrx_word' id='word_1_287' title='bbox 338 2152 488 2196; x_wconf 83' lang='lat' dir='ltr'><strong>singulos</strong></span> <span class='ocrx_word' id='word_1_288' title='bbox 517 2164 662 2186; x_wconf 83' lang='lat' dir='ltr'><strong>vexasse</strong></span> <span class='ocrx_word' id='word_1_289' title='bbox 683 2155 862 2187; x_wconf 85' lang='lat' dir='ltr'><strong>monachos</strong></span> <span class='ocrx_word' id='word_1_290' title='bbox 885 2154 1053 2194; x_wconf 79' lang='lat' dir='ltr'><strong>contenti,</strong></span> <span class='ocrx_word' id='word_1_291' title='bbox 1078 2154 1281 2188; x_wconf 86' lang='lat' dir='ltr'><strong>monasteria</strong></span> <span class='ocrx_word' id='word_1_292' title='bbox 1305 2155 1382 2200; x_wconf 80' lang='lat' dir='ltr'><strong>ipsa</strong></span> <span class='ocrx_word' id='word_1_293' title='bbox 1402 2155 1525 2200; x_wconf 88' lang='lat' dir='ltr'><strong>opibus</strong></span> <span class='ocrx_word' id='word_1_294' title='bbox 1548 2162 1585 2190; x_wconf 88' lang='lat' dir='ltr'><strong>et</strong></span> 
     </span>
     <span class='ocr_line' id='line_1_34' title="bbox 124 2197 1585 2243; baseline 0.003 -12"><span class='ocrx_word' id='word_1_295' title='bbox 124 2197 269 2243; x_wconf 83' lang='lat' dir='ltr'><strong>pecunia</strong></span> <span class='ocrx_word' id='word_1_296' title='bbox 290 2197 446 2232; x_wconf 88' lang='lat' dir='ltr'><strong>tollendis</strong></span> <span class='ocrx_word' id='word_1_297' title='bbox 468 2197 729 2232; x_wconf 83' lang='lat' dir='ltr'><strong>exhauriebant:</strong></span> <span class='ocrx_word' id='word_1_298' title='bbox 752 2199 928 2232; x_wconf 85' lang='lat' dir='ltr'><strong>materiam</strong></span> <span class='ocrx_word' id='word_1_299' title='bbox 958 2199 1177 2243; x_wconf 86' lang='lat' dir='ltr'><strong>cupiditatum</strong></span> <span class='ocrx_word' id='word_1_300' title='bbox 1208 2204 1366 2234; x_wconf 80' lang='lat' dir='ltr'><strong>everrere</strong></span> <span class='ocrx_word' id='word_1_301' title='bbox 1397 2212 1474 2235; x_wconf 87' lang='lat' dir='ltr'><strong>sese</strong></span> <span class='ocrx_word' id='word_1_302' title='bbox 1505 2201 1585 2235; x_wconf 88' lang='lat' dir='ltr'><strong>inde</strong></span> 
     </span>
     <span class='ocr_line' id='line_1_35' title="bbox 123 2243 1584 2290; baseline 0.003 -13"><span class='ocrx_word' id='word_1_303' title='bbox 123 2243 198 2277; x_wconf 82' lang='lat' dir='ltr'><strong>zelo</strong></span> <span class='ocrx_word' id='word_1_304' title='bbox 229 2243 428 2288; x_wconf 86' lang='lat' dir='ltr'><strong>disciplinae</strong></span> <span class='ocrx_word' id='word_1_305' title='bbox 458 2244 676 2281; x_wconf 84' lang='lat' dir='ltr'><strong>dictitantes,</strong></span> <span class='ocrx_word' id='word_1_306' title='bbox 716 2255 784 2289; x_wconf 89' lang='lat' dir='ltr'><strong>quo</strong></span> <span class='ocrx_word' id='word_1_307' title='bbox 819 2244 937 2278; x_wconf 87' lang='lat' dir='ltr'><strong>fomite</strong></span> <span class='ocrx_word' id='word_1_308' title='bbox 970 2244 1102 2278; x_wconf 83' lang='lat' dir='ltr'><strong>scilicet</strong></span> <span class='ocrx_word' id='word_1_309' title='bbox 1133 2245 1287 2280; x_wconf 83' lang='lat' dir='ltr'><strong>detracto</strong></span> <span class='ocrx_word' id='word_1_310' title='bbox 1318 2247 1485 2281; x_wconf 81' lang='lat' dir='ltr'><strong>avaritiae</strong></span> <span class='ocrx_word' id='word_1_311' title='bbox 1517 2247 1584 2290; x_wconf 87' lang='lat' dir='ltr'><strong>(sic</strong></span> 
     </span>
     <span class='ocr_line' id='line_1_36' title="bbox 124 2288 1583 2334; baseline 0.003 -12"><span class='ocrx_word' id='word_1_312' title='bbox 124 2288 213 2322; x_wconf 84' lang='lat' dir='ltr'><strong>enim</strong></span> <span class='ocrx_word' id='word_1_313' title='bbox 236 2289 476 2334; x_wconf 86' lang='lat' dir='ltr'><strong>loquebantur)</strong></span> <span class='ocrx_word' id='word_1_314' title='bbox 511 2290 588 2334; x_wconf 88' lang='lat' dir='ltr'><strong>plus</strong></span> <span class='ocrx_word' id='word_1_315' title='bbox 610 2289 713 2323; x_wconf 87' lang='lat' dir='ltr'><strong>nimio</strong></span> <span class='ocrx_word' id='word_1_316' title='bbox 736 2289 914 2333; x_wconf 79' lang='lat' dir='ltr'><strong>flagrantis</strong></span> <span class='ocrx_word' id='word_1_317' title='bbox 937 2290 1090 2324; x_wconf 88' lang='lat' dir='ltr'><strong>ardorem</strong></span> <span class='ocrx_word' id='word_1_318' title='bbox 1114 2291 1320 2334; x_wconf 80' lang='lat' dir='ltr'><strong>minuereut3</strong></span> <span class='ocrx_word' id='word_1_319' title='bbox 1355 2292 1450 2326; x_wconf 83' lang='lat' dir='ltr'><strong>cuius</strong></span> <span class='ocrx_word' id='word_1_320' title='bbox 1471 2296 1583 2327; x_wconf 84' lang='lat' dir='ltr'><strong>tamen</strong></span> 
     </span>
     <span class='ocr_line' id='line_1_37' title="bbox 122 2334 1586 2379; baseline 0.003 -12"><span class='ocrx_word' id='word_1_321' title='bbox 122 2334 210 2378; x_wconf 86' lang='lat' dir='ltr'><strong>iguis</strong></span> <span class='ocrx_word' id='word_1_322' title='bbox 234 2335 368 2370; x_wconf 79' lang='lat' dir='ltr'><strong>favillae</strong></span> <span class='ocrx_word' id='word_1_323' title='bbox 390 2336 423 2368; x_wconf 89' lang='lat' dir='ltr'><strong>in</strong></span> <span class='ocrx_word' id='word_1_324' title='bbox 448 2336 601 2369; x_wconf 87' lang='lat' dir='ltr'><strong>manibus</strong></span> <span class='ocrx_word' id='word_1_325' title='bbox 622 2334 781 2379; x_wconf 82' lang='lat' dir='ltr'><strong>ipsorum,</strong></span> <span class='ocrx_word' id='word_1_326' title='bbox 802 2335 960 2368; x_wconf 88' lang='lat' dir='ltr'><strong>scintillis</strong></span> <span class='ocrx_word' id='word_1_327' title='bbox 981 2335 1166 2370; x_wconf 89' lang='lat' dir='ltr'><strong>luculenter</strong></span> <span class='ocrx_word' id='word_1_328' title='bbox 1185 2337 1481 2379; x_wconf 85' lang='lat' dir='ltr'><strong>intermicantibus,</strong></span> <span class='ocrx_word' id='word_1_329' title='bbox 1506 2350 1586 2372; x_wconf 88' lang='lat' dir='ltr'><strong>cer-</strong></span> 
     </span>
     <span class='ocr_line' id='line_1_38' title="bbox 123 2381 1582 2426; baseline 0.003 -12"><span class='ocrx_word' id='word_1_330' title='bbox 123 2381 312 2422; x_wconf 84' lang='lat' dir='ltr'><strong>nebantur,</strong></span> <span class='ocrx_word' id='word_1_331' title='bbox 343 2386 384 2415; x_wconf 90' lang='lat' dir='ltr'><strong>ut</strong></span> <span class='ocrx_word' id='word_1_332' title='bbox 414 2382 533 2414; x_wconf 86' lang='lat' dir='ltr'><strong>liceret</strong></span> <span class='ocrx_word' id='word_1_333' title='bbox 561 2381 750 2414; x_wconf 84' lang='lat' dir='ltr'><strong>exclamare</strong></span> <span class='ocrx_word' id='word_1_334' title='bbox 780 2381 894 2414; x_wconf 87' lang='lat' dir='ltr'><strong>tritum</strong></span> <span class='ocrx_word' id='word_1_335' title='bbox 925 2381 1006 2414; x_wconf 86' lang='lat' dir='ltr'><strong>illud</strong></span> <span class='ocrx_word' id='word_1_336' title='bbox 1037 2383 1152 2416; x_wconf 87' lang='lat' dir='ltr'><strong>“heus</strong></span> <span class='ocrx_word' id='word_1_337' title='bbox 1174 2395 1259 2425; x_wconf 79' lang='lat' dir='ltr'><strong>vos,</strong></span> <span class='ocrx_word' id='word_1_338' title='bbox 1287 2384 1427 2418; x_wconf 87' lang='lat' dir='ltr'><strong>aliorum</strong></span> <span class='ocrx_word' id='word_1_339' title='bbox 1450 2383 1582 2426; x_wconf 87' lang='lat' dir='ltr'><strong>medici,</strong></span> 
     </span>
     <span class='ocr_line' id='line_1_39' title="bbox 124 2426 1582 2473; baseline 0.003 -14"><span class='ocrx_word' id='word_1_340' title='bbox 124 2426 266 2460; x_wconf 77' lang='lat' dir='ltr'><strong>sectetis</strong></span> <span class='ocrx_word' id='word_1_341' title='bbox 295 2426 517 2460; x_wconf 88' lang='lat' dir='ltr'><strong>ulceribus!&#39;&#39;</strong></span> <span class='ocrx_word' id='word_1_342' title='bbox 559 2427 632 2468; x_wconf 88' lang='lat' dir='ltr'><strong>his,</strong></span> <span class='ocrx_word' id='word_1_343' title='bbox 662 2432 765 2472; x_wconf 85' lang='lat' dir='ltr'><strong>prout</strong></span> <span class='ocrx_word' id='word_1_344' title='bbox 803 2432 881 2460; x_wconf 89' lang='lat' dir='ltr'><strong>erat</strong></span> <span class='ocrx_word' id='word_1_345' title='bbox 910 2427 1111 2469; x_wconf 81' lang='lat' dir='ltr'><strong>verisimile,</strong></span> <span class='ocrx_word' id='word_1_346' title='bbox 1149 2428 1269 2473; x_wconf 81' lang='lat' dir='ltr'><strong>ingens</strong></span> <span class='ocrx_word' id='word_1_347' title='bbox 1303 2429 1466 2463; x_wconf 84' lang='lat' dir='ltr'><strong>adversus</strong></span> <span class='ocrx_word' id='word_1_348' title='bbox 1497 2430 1582 2463; x_wconf 82' lang='lat' dir='ltr'><strong>istos</strong></span> 
     </span>
     <span class='ocr_line' id='line_1_40' title="bbox 125 2470 1583 2519; baseline 0.002 -14"><span class='ocrx_word' id='word_1_349' title='bbox 125 2470 238 2505; x_wconf 86' lang='lat' dir='ltr'><strong>odium</strong></span> <span class='ocrx_word' id='word_1_350' title='bbox 261 2471 297 2504; x_wconf 90' lang='lat' dir='ltr'><strong>in</strong></span> <span class='ocrx_word' id='word_1_351' title='bbox 319 2472 437 2506; x_wconf 86' lang='lat' dir='ltr'><strong>animis</strong></span> <span class='ocrx_word' id='word_1_352' title='bbox 460 2472 603 2506; x_wconf 82' lang='lat' dir='ltr'><strong>onmium</strong></span> <span class='ocrx_word' id='word_1_353' title='bbox 628 2474 818 2514; x_wconf 85' lang='lat' dir='ltr'><strong>aestuabat,</strong></span> <span class='ocrx_word' id='word_1_354' title='bbox 840 2473 959 2517; x_wconf 89' lang='lat' dir='ltr'><strong>iraque</strong></span> <span class='ocrx_word' id='word_1_355' title='bbox 981 2474 1136 2508; x_wconf 77' lang='lat' dir='ltr'><strong>fervebat</strong></span> <span class='ocrx_word' id='word_1_356' title='bbox 1156 2474 1389 2519; x_wconf 84' lang='lat' dir='ltr'><strong>implacabilis,</strong></span> <span class='ocrx_word' id='word_1_357' title='bbox 1409 2476 1583 2509; x_wconf 87' lang='lat' dir='ltr'><strong>detestan-</strong></span> 
     </span>
     <span class='ocr_line' id='line_1_41' title="bbox 123 2516 1582 2561; baseline 0.003 -12"><span class='ocrx_word' id='word_1_358' title='bbox 123 2516 206 2550; x_wconf 87' lang='lat' dir='ltr'><strong>tium</strong></span> <span class='ocrx_word' id='word_1_359' title='bbox 230 2524 425 2552; x_wconf 79' lang='lat' dir='ltr'><strong>cunctorum</strong></span> <span class='ocrx_word' id='word_1_360' title='bbox 447 2523 518 2552; x_wconf 88' lang='lat' dir='ltr'><strong>tam</strong></span> <span class='ocrx_word' id='word_1_361' title='bbox 542 2519 647 2552; x_wconf 84' lang='lat' dir='ltr'><strong>diram</strong></span> <span class='ocrx_word' id='word_1_362' title='bbox 673 2517 919 2561; x_wconf 82' lang='lat' dir='ltr'><strong>acerbitatem,</strong></span> <span class='ocrx_word' id='word_1_363' title='bbox 949 2518 1025 2552; x_wconf 85' lang='lat' dir='ltr'><strong>unis</strong></span> <span class='ocrx_word' id='word_1_364' title='bbox 1058 2519 1232 2554; x_wconf 86' lang='lat' dir='ltr'><strong>dumtaxat</strong></span> <span class='ocrx_word' id='word_1_365' title='bbox 1254 2521 1318 2555; x_wconf 85' lang='lat' dir='ltr'><strong>illis</strong></span> <span class='ocrx_word' id='word_1_366' title='bbox 1340 2521 1375 2554; x_wconf 92' lang='lat' dir='ltr'><strong>in</strong></span> <span class='ocrx_word' id='word_1_367' title='bbox 1397 2522 1466 2554; x_wconf 86' lang='lat' dir='ltr'><strong>fide</strong></span> <span class='ocrx_word' id='word_1_368' title='bbox 1488 2521 1582 2554; x_wconf 86' lang='lat' dir='ltr'><strong>velut</strong></span> 
     </span>
     <span class='ocr_line' id='line_1_42' title="bbox 122 2561 1581 2608; baseline 0.003 -14"><span class='ocrx_word' id='word_1_369' title='bbox 122 2561 272 2595; x_wconf 83' lang='lat' dir='ltr'><strong>foederis</strong></span> <span class='ocrx_word' id='word_1_370' title='bbox 295 2575 368 2597; x_wconf 92' lang='lat' dir='ltr'><strong>cum</strong></span> <span class='ocrx_word' id='word_1_371' title='bbox 393 2562 445 2597; x_wconf 85' lang='lat' dir='ltr'><strong>his</strong></span> <span class='ocrx_word' id='word_1_372' title='bbox 469 2565 726 2608; x_wconf 83' lang='lat' dir='ltr'><strong>perstantibus,</strong></span> <span class='ocrx_word' id='word_1_373' title='bbox 753 2565 876 2608; x_wconf 85' lang='lat' dir='ltr'><strong>quibus</strong></span> <span class='ocrx_word' id='word_1_374' title='bbox 896 2563 994 2608; x_wconf 87' lang='lat' dir='ltr'><strong>quasi</strong></span> <span class='ocrx_word' id='word_1_375' title='bbox 1015 2565 1206 2599; x_wconf 86' lang='lat' dir='ltr'><strong>domesticis</strong></span> <span class='ocrx_word' id='word_1_376' title='bbox 1228 2572 1264 2600; x_wconf 91' lang='lat' dir='ltr'><strong>et</strong></span> <span class='ocrx_word' id='word_1_377' title='bbox 1284 2566 1439 2600; x_wconf 84' lang='lat' dir='ltr'><strong>interiori</strong></span> <span class='ocrx_word' id='word_1_378' title='bbox 1462 2577 1581 2600; x_wconf 90' lang='lat' dir='ltr'><strong>neces-</strong></span> 
     </span>
     <span class='ocr_line' id='line_1_43' title="bbox 122 2605 1580 2654; baseline 0.002 -14"><span class='ocrx_word' id='word_1_379' title='bbox 122 2605 270 2641; x_wconf 83' lang='lat' dir='ltr'><strong>situdine</strong></span> <span class='ocrx_word' id='word_1_380' title='bbox 291 2609 513 2643; x_wconf 77' lang='lat' dir='ltr'><strong>familiaribus</strong></span> <span class='ocrx_word' id='word_1_381' title='bbox 535 2609 603 2654; x_wconf 86' lang='lat' dir='ltr'><strong>ipsi</strong></span> <span class='ocrx_word' id='word_1_382' title='bbox 636 2611 828 2644; x_wconf 80' lang='lat' dir='ltr'><strong>utebantur.</strong></span> <span class='ocrx_word' id='word_1_383' title='bbox 875 2611 1066 2645; x_wconf 83' lang='lat' dir='ltr'><strong>cumulabat</strong></span> <span class='ocrx_word' id='word_1_384' title='bbox 1093 2612 1199 2646; x_wconf 92' lang='lat' dir='ltr'><strong>oleum</strong></span> <span class='ocrx_word' id='word_1_385' title='bbox 1231 2612 1266 2646; x_wconf 87' lang='lat' dir='ltr'><strong>in</strong></span> <span class='ocrx_word' id='word_1_386' title='bbox 1296 2611 1463 2646; x_wconf 80' lang='lat' dir='ltr'><strong>flammam</strong></span> <span class='ocrx_word' id='word_1_387' title='bbox 1492 2611 1580 2644; x_wconf 85' lang='lat' dir='ltr'><strong>invi-</strong></span> 
     </span>
     <span class='ocr_line' id='line_1_44' title="bbox 122 2651 1579 2703; baseline 0.003 -18"><span class='ocrx_word' id='word_1_388' title='bbox 122 2651 212 2693; x_wconf 81' lang='lat' dir='ltr'><strong>diae,</strong></span> <span class='ocrx_word' id='word_1_389' title='bbox 233 2654 323 2698; x_wconf 89' lang='lat' dir='ltr'><strong>quod</strong></span> <span class='ocrx_word' id='word_1_390' title='bbox 344 2666 387 2688; x_wconf 86' lang='lat' dir='ltr'><strong>ne</strong></span> <span class='ocrx_word' id='word_1_391' title='bbox 409 2655 644 2699; x_wconf 79' lang='lat' dir='ltr'><strong>temperabant</strong></span> <span class='ocrx_word' id='word_1_392' title='bbox 664 2655 801 2700; x_wconf 83' lang='lat' dir='ltr'><strong>quidem</strong></span> <span class='ocrx_word' id='word_1_393' title='bbox 821 2656 974 2689; x_wconf 85' lang='lat' dir='ltr'><strong>manibus</strong></span> <span class='ocrx_word' id='word_1_394' title='bbox 995 2662 1032 2690; x_wconf 87' lang='lat' dir='ltr'><strong>et</strong></span> <span class='ocrx_word' id='word_1_395' title='bbox 1053 2657 1157 2699; x_wconf 69' lang='lat' dir='ltr'><strong>fuste,</strong></span> <span class='ocrx_word' id='word_1_396' title='bbox 1178 2658 1287 2703; x_wconf 83' lang='lat' dir='ltr'><strong>plagis</strong></span> <span class='ocrx_word' id='word_1_397' title='bbox 1309 2658 1473 2691; x_wconf 87' lang='lat' dir='ltr'><strong>interdum</strong></span> <span class='ocrx_word' id='word_1_398' title='bbox 1498 2667 1579 2690; x_wconf 86' lang='lat' dir='ltr'><strong>con-</strong></span> 
     </span>
     <span class='ocr_line' id='line_1_45' title="bbox 121 2697 1580 2753; baseline 0.003 -23"><span class='ocrx_word' id='word_1_399' title='bbox 121 2697 300 2732; x_wconf 81' lang='lat' dir='ltr'><strong>tundentes</strong></span> <span class='ocrx_word' id='word_1_400' title='bbox 320 2711 405 2753; x_wconf 66' lang='lat' dir='ltr'><strong>quos</strong></span> <span class='ocrx_word' id='word_1_401' title='bbox 427 2699 688 2744; x_wconf 85' lang='lat' dir='ltr'><strong>deprehendisse</strong></span> <span class='ocrx_word' id='word_1_402' title='bbox 708 2701 746 2734; x_wconf 89' lang='lat' dir='ltr'><strong>in</strong></span> <span class='ocrx_word' id='word_1_403' title='bbox 767 2701 867 2746; x_wconf 85' lang='lat' dir='ltr'><strong>culpa</strong></span> <span class='ocrx_word' id='word_1_404' title='bbox 897 2700 966 2736; x_wconf 69' lang='lat' dir='ltr'><strong>sibi</strong></span> <span class='ocrx_word' id='word_1_405' title='bbox 986 2702 1212 2745; x_wconf 74' lang='lat' dir='ltr'><strong>videbantur,</strong></span> <span class='ocrx_word' id='word_1_406' title='bbox 1246 2705 1311 2738; x_wconf 82' lang='lat' dir='ltr'><strong>boc</strong></span> <span class='ocrx_word' id='word_1_407' title='bbox 1331 2703 1439 2748; x_wconf 88' lang='lat' dir='ltr'><strong>ipsum</strong></span> <span class='ocrx_word' id='word_1_408' title='bbox 1464 2707 1580 2736; x_wconf 87' lang='lat' dir='ltr'><strong>osten-</strong></span> 
     </span>
     <span class='ocr_line' id='line_1_46' title="bbox 121 2743 1580 2790; baseline 0.002 -14"><span class='ocrx_word' id='word_1_409' title='bbox 121 2747 199 2776; x_wconf 88' lang='lat' dir='ltr'><strong>tare</strong></span> <span class='ocrx_word' id='word_1_410' title='bbox 220 2743 264 2777; x_wconf 90' lang='lat' dir='ltr'><strong>ad</strong></span> <span class='ocrx_word' id='word_1_411' title='bbox 285 2755 339 2778; x_wconf 80' lang='lat' dir='ltr'><strong>sm</strong></span> <span class='ocrx_word' id='word_1_412' title='bbox 359 2745 501 2790; x_wconf 84' lang='lat' dir='ltr'><strong>gloriam</strong></span> <span class='ocrx_word' id='word_1_413' title='bbox 523 2746 728 2788; x_wconf 76' lang='lat' dir='ltr'><strong>gaudentes.</strong></span> <span class='ocrx_word' id='word_1_414' title='bbox 760 2746 852 2790; x_wconf 82' lang='lat' dir='ltr'><strong>quod</strong></span> <span class='ocrx_word' id='word_1_415' title='bbox 872 2745 950 2781; x_wconf 78' lang='lat' dir='ltr'><strong>inde</strong></span> <span class='ocrx_word' id='word_1_416' title='bbox 980 2747 1213 2783; x_wconf 79' lang='lat' dir='ltr'><strong>intellecturos</strong></span> <span class='ocrx_word' id='word_1_417' title='bbox 1235 2759 1348 2783; x_wconf 86' lang='lat' dir='ltr'><strong>omnes</strong></span> <span class='ocrx_word' id='word_1_418' title='bbox 1372 2747 1580 2781; x_wconf 83' lang='lat' dir='ltr'><strong>confiderent</strong></span> 
     </span>
     <span class='ocr_line' id='line_1_47' title="bbox 121 2787 1580 2841; baseline 0.003 -18"><span class='ocrx_word' id='word_1_419' title='bbox 121 2793 248 2834; x_wconf 87' lang='lat' dir='ltr'><strong>quanta</strong></span> <span class='ocrx_word' id='word_1_420' title='bbox 268 2787 303 2823; x_wconf 86' lang='lat' dir='ltr'><strong>in</strong></span> <span class='ocrx_word' id='word_1_421' title='bbox 324 2789 471 2836; x_wconf 80' lang='lat' dir='ltr'><strong>ipsorum</strong></span> <span class='ocrx_word' id='word_1_422' title='bbox 494 2790 610 2826; x_wconf 82' lang='lat' dir='ltr'><strong>animis</strong></span> <span class='ocrx_word' id='word_1_423' title='bbox 630 2792 870 2828; x_wconf 81' lang='lat' dir='ltr'><strong>exardesceret</strong></span> <span class='ocrx_word' id='word_1_424' title='bbox 888 2793 940 2828; x_wconf 83' lang='lat' dir='ltr'><strong>vis</strong></span> <span class='ocrx_word' id='word_1_425' title='bbox 960 2793 1065 2829; x_wconf 83' lang='lat' dir='ltr'><strong>divini</strong></span> <span class='ocrx_word' id='word_1_426' title='bbox 1085 2794 1171 2838; x_wconf 83' lang='lat' dir='ltr'><strong>zeli,</strong></span> <span class='ocrx_word' id='word_1_427' title='bbox 1204 2806 1294 2841; x_wconf 85' lang='lat' dir='ltr'><strong>quae</strong></span> <span class='ocrx_word' id='word_1_428' title='bbox 1315 2794 1474 2828; x_wconf 81' lang='lat' dir='ltr'><strong>cohibere</strong></span> <span class='ocrx_word' id='word_1_429' title='bbox 1495 2793 1580 2828; x_wconf 79' lang='lat' dir='ltr'><strong>istas</strong></span> 
     </span>
    </p>
   </div>
  </div>
 </body>
</html>
