1858 3126
547 187 650 231 LIB.
683 186 717 230 1.
785 182 1142 228 GLOSSARIUM.
1467 180 1563 228 675

127 306 196 350 ml
215 306 270 356 ὥς
291 305 423 359 ἔτυχεν
441 301 708 348 ἀποτίθεσθαι
730 302 797 344 καὶ
814 303 1039 356 ῥιπτεῖσθαι
1054 299 1276 355 προοὶμιον,
1304 296 1413 342 εἶπεν
1436 296 1488 340 ἄν
1506 314 1565 350 τις

127 366 244 404 τοῦτο
283 365 356 414 τῆς
391 359 487 403 ’ὅσον
531 359 644 402 οὔπω
680 358 942 413 γενησομένης
983 360 1242 410 παρατροπῆς
1270 358 1345 396 τοῦ
1380 360 1567 408 καθαροῦ

126 418 196 460 καὶ
215 414 432 471 α’κιβδήλου
450 420 522 468 τῆς
538 417 742 468 ἐκκλησίας
761 412 964 467 δόγματος.
1000 412 1098 452 haec
1114 418 1266 453 sonant.
1305 424 1355 450 ex
1373 412 1447 450 ista
1468 425 1565 450 con-

126 474 287 512 flatione
304 474 423 512 trium
444 472 754 511 ventilabromm
773 484 822 509 ex
839 475 998 521 argento
1014 469 1149 507 formis
1171 467 1480 506 cherubinorum
1497 480 1565 506 ce·

126 529 321 577 latorum,
350 529 394 566 in
415 541 538 566 unum
559 527 849 575 dibambulum‚
878 530 1130 564 consecutum
1150 537 1231 562 esse
1248 529 1294 562 ut
1313 523 1382 561 illa
1407 523 1566 561 materia

128 585 320 623 exciderit
334 583 485 622 honore
502 597 581 635 quo
600 584 757 634 dignata
777 583 886 634 prius
905 582 1054 629 fuerat,
1082 579 1281 618 insidendi
1301 592 1433 617 sacrae
1451 592 1565 617 men-

128 653 192 679 sae
219 646 259 678 et
282 651 332 678 ex
358 653 401 678 ea
431 639 598 691 speciem
629 644 828 689 augustam
855 635 1077 675 ostentandi
1105 636 1254 673 circum
1276 634 1565 686 venerantibus,

128 694 279 734 deiecta
293 707 386 733 vero
407 695 525 732 suerit
542 695 582 732 in
605 707 720 732 usum
741 694 855 743 longe
877 693 1066 741 viliorem,
1094 691 1242 742 quippe
1265 690 1364 728 sacta
1381 690 1566 728 candela-—

128 750 242 790 hrum
260 749 342 788 hue
358 750 533 800 illucque
562 749 751 801 portabile
770 755 809 787 et
830 748 974 800 deponi
994 753 1062 785 aut
1081 746 1220 798 proiici
1246 746 1373 784 ubivis
1394 746 1566 784 solitum.

129 819 246 857 qnam
278 819 362 845 rem
391 807 632 857 Syropulus,
673 804 741 856 qui
771 804 971 855 negotium
1000 801 1287 841 conciliationis
1316 801 1568 839 ecclesiarum

130 863 300 900 Graecae
322 874 368 898 ac
387 861 544 899 Latinae
572 874 644 898 nec
675 860 821 912 suscipi
855 871 1026 910 unquam
1048 858 1239 896 voluisset
1265 869 1338 894 nec
1364 863 1568 908 perpetra—

127 923 214 955 tum
240 916 417 965 admisit,
443 917 487 954 iu
513 929 624 954 omen
649 916 781 968 rapuit
806 929 899 955 mox
916 919 1120 953 secuturae
1142 912 1402 966 pei-versionis
1420 912 1512 964 puri
1530 918 1569 951 et

128 971 271 1010 sinceri
297 971 483 1010 ecclesiae
513 972 723 1022 dogmatis3
765 971 920 1022 qualem
949 970 1144 1017 evenisse,
1177 969 1348 1016 sancita,
1387 967 1568 1006 unanimi

130 1026 306 1067 Orientis
331 1040 422 1065 cum
444 1027 659 1066 Occidente
687 1039 899 1075 consensu,
928 1025 971 1064 in
1000 1039 1111 1064 sacro
1139 1024 1367 1062 Florentino
1398 1023 1568 1062 concilio

130 1082 309 1122 doctrina
327 1083 589 1135 processionis
609 1082 777 1134 Spiritus
796 1082 930 1120 Sancti
950 1094 1000 1119 ex
1015 1088 1126 1133 patre
1144 1080 1327 1131 filioque,
1355 1077 1422 1116 hic
1442 1078 1571 1130 perti·-

129 1151 211 1177 nax
225 1137 268 1176 in
290 1137 439 1177 haeresi
458 1145 498 1177 et
516 1137 723 1178 schismate
741 1138 912 1190 scriptor
931 1143 1076 1175 temere
1094 1150 1139 1174 ac
1156 1135 1380 1187 blaspheme
1396 1147 1477 1173 non
1495 1147 1569 1173 ve-

130 1200 245 1234 retur
264 1193 468 1233 affirmare.
522 1195 624 1233 illud
639 1200 769 1232 tamen
784 1193 881 1232 haec
901 1193 984 1231 eius
1002 1193 1120 1243 impia
1139 1191 1326 1229 divinatio
1343 1187 1439 1228 mihi
1457 1189 1571 1228 affert

131 1249 352 1297 commodi,
385 1256 431 1287 ut
451 1263 498 1287 ex
518 1263 562 1287 eu
587 1250 790 1288 manifeste
817 1253 1002 1300 appareat
1026 1247 1302 1284 dibambulum
1334 1245 1444 1284 aliud
1464 1245 1568 1283 nihil

131 1317 246 1356 quam
265 1307 557 1356 λαμπαδοῦχον,
574 1305 871 1343 instrumentum
890 1303 1136 1355 lampadibus
1150 1301 1346 1352 gestandis
1361 1301 1406 1338 in
1424 1313 1569 1353 pompa

130 1360 323 1413 praeferri
342 1359 588 1412 patriarchae
613 1361 785 1409 solitum,
814 1359 928 1411 quale
946 1360 979 1397 is
998 1371 1228 1410 processuro
1249 1357 1292 1394 in
1312 1356 1462 1394 Italiam
1479 1355 1569 1405 sibi,

133 1428 212 1467 quo
236 1415 405 1465 maxime
432 1422 631 1466 augustam
658 1429 788 1454 rerum
818 1428 975 1452 suarum
1002 1413 1169 1465 speciem
1187 1413 1390 1465 praeberet
1409 1411 1570 1460 Latinis,

133 1483 288 1509 curasse
314 1477 361 1509 ut
386 1485 500 1522 quam
522 1471 846 1523 speciosissimum
870 1470 973 1507 mole
999 1483 1046 1507 ac
1068 1470 1193 1507 forma
1221 1474 1447 1520 pararetur,
1474 1466 1571 1504 hinc

130 1525 405 1576 intelligimus3
437 1526 541 1564 unde
566 1527 610 1564 in
632 1527 675 1565 id
695 1539 819 1564 unum
846 1525 1005 1563 materia
1035 1538 1132 1576 qnae
1157 1525 1282 1562 tribus
1308 1523 1442 1562 altaris
1467 1522 1569 1560 vasis

132 1581 356 1632 suffecerat,
385 1587 443 1620 est
461 1582 645 1633 impensa.
700 1588 739 1620 et
758 1582 920 1633 pertulit
937 1594 1075 1618 revera
1098 1594 1210 1619 suum
1230 1580 1338 1618 istud
1363 1579 1419 1616 sic
1435 1579 1564 1616 fusum
1587 1582 1617 1617 P
1639 1582 1707 1617 474

133 1649 347 1688 casumque
363 1636 640 1675 dibambulum
659 1637 848 1689 Iosephus
866 1636 1320 1688 Constantinopolitanus
1348 1633 1572 1686 patriarcha

132 1692 385 1742 Florentiam,
395 1693 514 1744 idque
531 1693 587 1731 ibi
607 1693 771 1732 solemni
789 1706 860 1731 suo
873 1693 922 1731 ad
938 1706 1080 1744 papam
1098 1703 1256 1730 accessu
1274 1696 1466 1728 ostentare
1483 1694 1570 1726 stu-

133 1748 234 1788 duit.
288 1750 470 1787 audiatur
495 1749 600 1787 idem
622 1749 842 1800 Syropulus
866 1762 899 1788 c.
917 1748 973 1790 24
1000 1754 1093 1786 sect.
1116 1746 1143 1788 4
1171 1761 1210 1798 p.
1231 1749 1302 1788 99:
1334 1742 1415 1784 εἶτα
1441 1744 1573 1794 διεμη-

133 1799 280 1844 νῦσατο
309 1803 335 1845 o‘
357 1801 598 1857 πατριάρχης
619 1807 678 1859 τῷ
698 1800 813 1859 πᾶπᾳ
835 1801 891 1851 ὥς
914 1799 1097 1856 βούλεται
1122 1802 1189 1842 καὶ
1218 1802 1319 1840 ἰδεῖν
1337 1794 1476 1845 αὐτόν,
1503 1796 1573 1838 καὶ

133 1858 204 1898 ἵνα
221 1855 319 1912 τάξῃ
345 1858 497 1911 ἡμέραν
519 1856 620 1900 καθ’
643 1859 697 1911 ἢν
726 1856 954 1911 ἀποδέχεται
977 1860 1092 1899 τοῦτο
1119 1859 1296 1906 ποιῆσαι.
1353 1852 1491 1890 deinde
1512 1854 1571 1890 εἰ·

133 1913 348 1964 gmficavit
381 1915 623 1964 patriarcha
652 1929 784 1965 papae
814 1916 911 1952 velle
935 1928 975 1951 se
1002 1915 1135 1964 ipsum
1162 1914 1304 1959 visere,
1343 1921 1496 1959 rogans
1523 1912 1572 1944 ut

138 1967 242 2005 diem
260 1966 501 2005 admissioni
518 1971 756 2020 assignaret.
812 1970 931 2007 Paulo
954 1974 1043 2019 post
1062 1961 1269 2015 ἐπιστάσης
1290 1959 1365 2005 οὖν
1383 1966 1455 2014 τῆς
1475 1959 1573 2002 ἄπο·

136 2023 348 2074 ταχθείσης
360 2022 522 2077 ἡμέρας,
553 2038 643 2061 cum
651 2026 898 2074 praestituta
919 2022 1002 2059 dics
1021 2021 1253 2067 advenisset,
1282 2019 1336 2056 ait
1356 2018 1573 2070 Syl-opulus

136 2077 401 2130 patriarcham
417 2078 520 2117 inter
539 2085 689 2116 caetera
717 2091 815 2129 quae
838 2080 888 2116 ad
912 2090 1095 2129 pompam
1114 2077 1174 2113 sui
1200 2087 1335 2113 versus
1354 2086 1477 2125 papae
1501 2086 1573 2125 pa·-

135 2134 275 2171 latium
302 2146 506 2185 processus
533 2134 876 2172 commendandam
909 2132 1109 2183 providit,
1145 2131 1299 2168 iussisse
1325 2135 1372 2167 ut
1405 2129 1480 2166 sibi
1509 2128 1571 2165 di.

138 2189 372 2226 bumbulum
398 2195 435 2227 et
453 2188 701 2227 dicanicium
730 2189 1038 2239 praeferrentur:
1068 2184 1222 2234 ἐπέταξε
1242 2183 1284 2224 δὲ
1302 2185 1370 2224 ἵνα
1386 2182 1572 2234 κατέχωσι

137 2243 206 2285 καὶ
227 2241 270 2284 τὸ
283 2239 553 2296 διβᾶμβουλον
571 2244 638 2284 καὶ
653 2242 695 2285 τὰ
713 2244 931 2283 δικανίκιον
950 2242 1173 2294 ἔμπροσθεν
1192 2236 1329 2280 αὐτοῦ.
1386 2245 1444 2277 est
1462 2240 1573 2278 danne-⁴

138 2300 269 2340 νίκιον
288 2299 534 2338 ᾱίοαηίοἰιιηι
555 2300 700 2351 aliquid
730 2299 856 2336 simile
878 2298 1027 2335 baculis
1048 2297 1127 2334 illis
1146 2302 1213 2334 aut
1234 2295 1360 2333 contis
1382 2294 1571 2345 argenteis

140 2355 269 2406 specie
294 2357 493 2395 clavarum
523 2356 670 2407 (vulgo
693 2368 851 2392 massas
876 2354 1043 2401 vocant)
1074 2365 1168 2402 quas
1189 2349 1375 2402 praeferri
1397 2350 1573 2389 videmus

140 2411 179 2448 S.
197 2411 243 2448 R.
262 2410 307 2450 Ε.
325 2411 609 2460 Cardinalibus,
629 2412 723 2448 dum
741 2409 965 2448 solemniter
981 2408 1169 2445 incedunt
1176 2421 1188 2455 3
1218 2405 1391 2456 qualium
1412 2405 1571 2443 Graecis

139 2465 373 2516 patriarchis
391 2467 623 2506 usitatorum
651 2467 826 2504 meminit
843 2463 1066 2502 chronicon
1090 2461 1386 2512 constantinop.
1403 2460 1465 2498 his
1483 2473 1573 2498 ver-

140 2519 221 2558 bis:
261 2521 381 2569 ἰδίαις
406 2522 512 2575 χερσὶ
543 2522 713 2563 δέδωκεν
746 2517 854 2573 αὐτῷ
891 2514 1110 2559 δικανίκιον
1136 2519 1287 2557 πολλοῦ
1314 2514 1447 2564 ἄξιον,
1485 2511 1574 2566 ἤτοι

143 2571 295 2626 ῥάβδον
319 2573 498 2630 ἀργυρᾶν
520 2575 915 2631 περιχεχρυσωμένην.
965 2574 1145 2625 propriis
1162 2572 1349 2610 manibus
1366 2570 1476 2608 dedit
1495 2570 1576 2619 ipsi

143 2627 382 2669 dicwicium
398 2636 538 2684 magni
549 2636 686 2685 pretii,
702 2634 784 2669 sive
801 2633 960 2682 virgam
976 2635 1199 2679 argenteam
1224 2630 1577 2664 circumeat-atam.

143 2691 288 2723 motam
306 2699 402 2726 vero
430 2701 595 2739 pergens
614 2688 834 2740 Syropulus
862 2686 982 2724 fuisse
1007 2685 1129 2722 refert
1154 2681 1398 2734 patriarchae
1419 2685 1580 2717 contro-

143 2740 311 2778 versiam
330 2742 378 2779 de
402 2744 642 2794 praelatione
660 2742 888 2781 dibambuli
915 2747 954 2779 et
982 2738 1192 2787 dicanicii,
1221 2738 1374 2776 dicente
1400 2735 1462 2772 illi
1493 2747 1579 2772 ma-

144 2806 221 2845 8⁰⁰
241 2791 547 2849 chartophylace
575 2796 636 2840 ὅτι
660 2799 837 2840 ἐνταῦθα
855 2792 976 2837 οὐδὲν
996 2791 1191 2848 ἀνήκουσι
1209 2795 1469 2845 προηγεῖσθαι
1484 2791 1580 2830 ταῦ-
