1820 3112
217 153 314 199 120
635 153 872 197 GEORGII
904 154 1256 200 PACHYMERIS

213 271 364 310 παθῶν
397 265 497 321 εἶχεν
507 298 520 319 ,
558 267 593 309 εἴ
621 270 808 316 τοιοῦτος
836 264 893 310 ὢν
923 267 966 311 ἓν
996 268 1145 325 λογίοις
1176 271 1242 312 καὶ
1275 274 1461 321 τοιοῦτος
1481 272 1613 316 δοκῶν
1633 273 1677 316 ἔν

215 333 429 391 δογμάτων
463 331 665 392 ἐπιστήμῃ
699 337 964 392 παραιβασίας
993 339 1060 379 καὶ
1090 337 1214 388 αὐτὸς
1243 338 1478 394 ἓγκαλοῒτο,
1513 342 1580 383 καὶ
1602 345 1676 396 τῆς

211 405 427 459 μεγίστης,
459 401 514 452 ὥς
537 402 716 447 ἔπειθον.
772 403 872 447 ὅθεν
892 406 959 447 καὶ
979 404 1214 460 ἀξιούμενος
1232 408 1431 464 διορθοῦν
1449 407 1498 451 τὸ
1521 410 1677 466 σφαλέν

216 470 362 524 αὐτός,
395 472 437 514 ἐν
467 473 583 530 δεινῷ
613 469 853 526 ποιούμενος
879 473 926 515 τὸ
956 473 1128 531 σφάλμα
1151 473 1358 531 ὁμολογεῖν
1379 476 1420 518 ἓν
1438 483 1525 526 τοῖς
1545 477 1674 520 αὐτοῦ

166 549 196 583 G
219 538 476 596 γράμμασιν,
514 540 588 582 οὐκ
617 541 801 584 ἐπείθετο
813 573 826 594 ,
866 541 970 584 ἀλλὰ
989 544 1055 585 καὶ
1076 546 1370 599 προσωργίζετο
1387 542 1708 602 ὗπερηφανῶν.5

214 609 262 651 τὸ
287 608 323 651 δ’
346 610 536 651 ἐντεῦθεν
557 608 792 665 προσιόντες
811 614 976 663 βασιλεῖ
989 617 1207 666 πεισμονῆς
1231 611 1444 656 ἐνεκάλουν
1465 615 1537 656 καί
1550 613 1586 670 γ’
1609 614 1677 656 αἶ-

218 678 387 732 ρὲσεως,
426 679 492 719 καὶ
517 676 776 732 ἀπεσχίζοντο
798 678 891 721 κατ’
912 678 1044 735 ὀλίγον
1069 680 1219 723 ἐκείνου
1241 679 1296 730 ὥς
1311 682 1370 736 μὴ
1388 681 1530 742 ἀγνοίᾳ
1546 684 1676 738 δῆθεν

163 754 196 788 D
219 747 285 788 καὶ
320 748 555 802 ξυναρπαγῇ
586 744 892 801 περιπεσόντος,
931 746 1036 790 ἀλλὰ
1066 750 1132 791 καὶ
1161 746 1313 806 γνώμῃ.
1392 749 1479 808 (5)
1514 750 1566 794 τὰ
1597 750 1675 807 γὰρ

215 813 296 870 πρὸ
327 818 401 856 τοῦ
433 813 596 869 ἤπειγον
625 812 798 864 τούτους
817 813 1024 866 τοιούτους
1045 815 1148 859 εἷναί
1165 835 1208 860 τε
1231 820 1298 860 καὶ
1319 818 1554 874 φαίνεσθαι.
1622 818 1675 862 τὰ

215 882 258 924 δ’
293 878 398 936 ἦσαν
427 887 592 937 πρῶτον
622 883 695 937 μὲν
715 883 762 926 τὸ
785 889 857 926 τοῦ
872 883 1172 941 Ἀλεξανδρείας
1186 885 1461 939 Ἀθανασιόυ,
1500 886 1546 930 ὃν
1572 891 1674 930 πολ-
1687 897 1732 932 10

96 960 124 994 Ρ
149 961 191 994 81
217 955 302 1000 λοῖς
333 949 487 1006 ὑπῆγον
514 957 600 1000 τοῖς
630 956 822 1006 χαλεποῖς
855 950 1075 1008 πρότερον,
1119 954 1237 1010 μέχρι
1269 956 1335 997 καὶ
1363 955 1493 1010 αὐτῆς
1519 956 1677 1012 ἔξορίας

217 1017 477 1074 περιστάντες
496 1019 570 1074 τὴν
593 1018 819 1076 δριμύτητα
845 1025 926 1064 τῶν
947 1026 1105 1074 κακῶν,
1142 1022 1213 1079 ἐφ’
1237 1017 1270 1081 ᾧ
1292 1022 1364 1066 τὸν
1388 1021 1516 1078 τόμον
1539 1028 1677 1066 καθυ-

213 1086 436 1143 πογρὰψειε
449 1120 462 1139 ,
500 1086 574 1130 κᾶν
594 1089 740 1138 ἐκεῖνος
757 1089 859 1142 μετὰ
883 1089 1034 1139 πολλὰς
1052 1091 1240 1145 ἐπηρείας
1259 1091 1328 1133 τὸν
1347 1092 1422 1145 μὲν
1439 1090 1591 1145 τόμον,
1620 1090 1677 1142 ὥς

213 1157 270 1210 μὴ
299 1154 525 1210 δοκιμάζειν
546 1156 647 1210 ἔχων
673 1154 727 1206 ὥς
747 1156 973 1212 ἀλλοεθνὴς
995 1161 1059 1199 καὶ
1084 1163 1165 1201 τῶν
1184 1157 1388 1215 ἡμετέρων
1420 1162 1552 1203 δοκῶν
1575 1158 1677 1211 ἀξύ-

214 1241 327 1274 νετος
359 1222 380 1267 ὁ
409 1229 607 1276 τοσοῦτος
627 1224 701 1281 τὴν
723 1230 895 1282 γνῶσιν,
931 1224 1183 1285 παρεθεώρει
1192 1259 1207 1282 ,
1245 1227 1372 1284 ἄλλην
1393 1227 1440 1271 δέ
1459 1245 1548 1272 τινα
1571 1226 1673 1284 riuo-
1685 1238 1729 1275 15

308 1333 341 1368 8.
366 1330 438 1376 τοὶ]
461 1331 503 1368 τὸ
531 1333 570 1368 Ρ.
711 1335 765 1369 12.
788 1332 1066 1379 asouordvtsc?

213 1424 389 1459 doctrinae
421 1424 667 1460 existimatione
700 1425 875 1460 subnixum
906 1424 1061 1460 accusari
1091 1425 1314 1461 aberrationis
1336 1437 1358 1460 a
1380 1425 1538 1471 dogmate
1559 1426 1678 1461 ortho-

215 1471 324 1512 doxo,
356 1470 520 1516 eiusque,
552 1476 592 1505 ut
622 1471 673 1506 sui
703 1471 837 1517 quidem
872 1471 1058 1506 adversarii
1087 1473 1295 1517 persuadere
1319 1478 1541 1514 conarentur,
1575 1472 1676 1517 longe

214 1516 433 1560 gravissimae
464 1528 505 1551 ac
534 1517 761 1562 turpissimae.
809 1529 915 1563 quare
938 1518 981 1551 ad
1005 1519 1091 1551 hunc
1115 1518 1175 1552 tali
1196 1518 1426 1562 indignatione
1445 1529 1676 1563 praeoccupa-

214 1568 287 1596 tum
311 1573 384 1595 cum
408 1563 581 1597 venissent
602 1563 661 1608 qui
684 1567 844 1607 rogarent
866 1567 904 1597 ut
926 1563 1000 1609 ipse
1031 1564 1219 1607 corrigeret
1241 1564 1332 1609 quod
1354 1564 1390 1598 in
1413 1568 1504 1598 tomo
1526 1564 1600 1598 eius
1622 1563 1675 1597 vi-

215 1608 302 1641 tiose
334 1607 498 1652 scriptum
528 1614 620 1650 erat,
653 1611 847 1654 praefracte
878 1609 1015 1654 negavit
1046 1620 1230 1653 agnoscere
1260 1621 1298 1644 se
1326 1609 1509 1655 quidquam
1543 1609 1579 1643 in
1611 1619 1674 1643 suo

215 1658 307 1687 tomo
332 1654 420 1698 quod
447 1654 616 1687 emendari
639 1667 723 1700 opus
747 1659 856 1696 esset,
881 1655 923 1689 de
948 1654 1108 1699 petitione
1126 1655 1265 1700 insuper
1287 1655 1345 1690 illa
1366 1655 1461 1700 ipsa,
1485 1653 1537 1688 uti
1559 1655 1603 1689 de
1624 1654 1675 1688 ir·

214 1704 338 1743 rogata
361 1699 424 1733 sibi
450 1700 670 1742 contumelia,
692 1711 918 1745 conquerens,
943 1700 1062 1744 iraque
1087 1712 1129 1734 ex
1153 1702 1244 1735 fastu
1267 1713 1333 1735 non
1355 1700 1484 1735 modica
1505 1699 1673 1735 saeviens.

214 1745 265 1779 sic
294 1745 423 1790 repulsi
453 1746 510 1790 qui
539 1746 764 1790 patriarcham
802 1746 978 1788 adierant,
1013 1746 1207 1791 imperatori
1228 1746 1464 1781 renuntiarunt
1484 1757 1551 1780 non
1573 1745 1673 1780 modo

241 1802 342 1825 ravae
365 1797 481 1826 contra
507 1791 587 1824 fidei
610 1792 730 1837 dogma
753 1792 998 1837 persuasionis,
1030 1793 1089 1826 sed
1111 1792 1230 1826 addita
1258 1793 1337 1827 huic
1358 1791 1549 1838 pervicacia
1570 1791 1674 1826 etiam

213 1802 395 1871 haereseos
434 1840 638 1882 compertum
671 1849 746 1871 eum
776 1839 895 1872 teneri.
941 1837 1167 1883 deincepsque
1204 1838 1325 1872 sensim
1358 1837 1491 1883 plurimi
1523 1837 1567 1871 ab
1600 1836 1673 1872 eius

215 1883 444 1917 communione
467 1895 506 1917 se
529 1883 792 1926 abscindebant,
817 1888 854 1918 ut
876 1883 1017 1918 hominis
1040 1895 1106 1917 non
1128 1884 1318 1928 ignorantia
1339 1884 1472 1918 scilieet
1492 1882 1589 1929 lapsi,
1612 1886 1674 1918 aut

215 1928 248 1962 in
274 1935 376 1973 raptu
398 1930 518 1963 mentis
541 1929 607 1963 alio
630 1935 782 1963 attentae
804 1941 905 1964 caeco
929 1941 990 1974 per
1012 1929 1176 1963 lubricum
1198 1930 1340 1975 impulsu
1362 1930 1398 1963 in
1421 1929 1550 1963 ruinam
1569 1940 1674 1974 prae-

218 1974 371 2019 cipitati,
408 1976 467 2009 sed
500 1980 593 2009 certa
622 1975 766 2010 scientia
788 1975 924 2021 fixaque
948 1975 1046 2010 animi
1069 1975 1255 2020 pertinacia
1279 1987 1427 2010 errorem
1449 1973 1672 2020 amplexantis

217 2031 324 2054 suum.
384 2022 460 2065 (5)
496 2021 581 2055 haec
604 2022 819 2067 patriarchae
842 2021 1050 2055 contumacia
1073 2025 1111 2055 ut
1134 2022 1263 2055 cunctis
1286 2021 1456 2055 videretur
1478 2019 1676 2055 intolerabi-

215 2065 292 2107 lior,
316 2066 488 2101 faciebant
511 2078 598 2111 quae
621 2067 723 2112 paulo
746 2067 839 2113 prius
861 2067 895 2101 in
921 2078 1068 2101 summae
1091 2067 1266 2112 dignitatis
1290 2067 1570 2121 auctoritatisque
1593 2077 1676 2120 per-

217 2122 317 2144 sonas
349 2113 558 2146 severissime
593 2114 626 2147 in
661 2114 725 2147 hoc
755 2125 880 2158 genere
905 2114 959 2158 agi
983 2124 1097 2147 omnes
1127 2113 1296 2149 viderant.
1340 2113 1375 2148 iu
1398 2117 1527 2147 recenti
1549 2122 1676 2157 quippe

217 2157 375 2190 memoria
396 2159 597 2193 versabatur
619 2171 719 2204 quam
742 2160 833 2194 nulla
854 2159 972 2193 fuisset
996 2159 1114 2193 habita
1134 2159 1222 2193 ratio
1245 2160 1382 2194 virtutis
1405 2158 1579 2192 doctrinae
1593 2168 1675 2201 gra-

217 2202 349 2246 dusque
382 2204 575 2248 conspicui,
609 2206 730 2249 quibus
763 2205 1053 2250 Constantinopoli
1087 2205 1307 2249 peregrinans
1330 2204 1501 2239 eminebat
1521 2203 1675 2243 Athana-

217 2247 286 2281 sius
314 2248 559 2283 Alexandrinus
590 2251 801 2294 patriarcha,
837 2262 910 2285 cum
942 2251 1034 2285 illum
1064 2250 1287 2285 ecclesiastici
1309 2250 1446 2284 volente
1467 2249 1673 2293 imperatore

215 2293 507 2328 vehementissime
538 2300 695 2330 urserunt
718 2297 761 2330 ad
785 2297 1065 2342 subscriptionem
1089 2297 1188 2338 tomi,
1215 2295 1424 2340 gravissimis
1454 2293 1593 2328 inflictis
1614 2304 1673 2327 re-

217 2339 350 2372 cusanti
379 2340 516 2384 poenis,
547 2352 653 2386 usque
676 2342 718 2375 ad
741 2343 850 2387 ipsam
874 2343 1069 2385 eiectionem
1092 2342 1125 2376 in
1148 2342 1292 2376 exilium.
1339 2341 1459 2386 quibus
1489 2339 1544 2373 ille
1575 2338 1674 2374 minis

216 2384 379 2429 malisque
408 2397 475 2419 non
498 2391 691 2430 pertractus
713 2389 848 2432 quidem
883 2400 1021 2432 prorsus
1045 2393 1098 2422 est
1121 2399 1161 2422 eo
1182 2399 1250 2432 quo
1273 2386 1526 2431 impellebatur:
1558 2388 1673 2418 tamen

220 2431 344 2464 acerba
370 2431 512 2475 plurima
536 2443 736 2477 perpessus,
768 2434 903 2467 tandem
926 2434 1036 2478 aliquo
1061 2433 1158 2467 modo
1181 2432 1382 2468 satisfacere
1404 2430 1556 2472 curavit,
1589 2430 1674 2464 alle-

218 2479 301 2520 gata
322 2476 538 2511 excusatione
557 2477 744 2521 plausibili,
767 2479 855 2512 baud
879 2490 974 2512 suum
998 2490 1092 2519 esse,
1116 2478 1255 2512 hominis
1277 2477 1376 2521 longe
1397 2488 1419 2511 a
1441 2487 1503 2510 sua
1525 2474 1673 2510 ecclesia

218 2522 322 2556 vitam
356 2533 500 2567 peregre
531 2523 702 2568 privatam
735 2524 928 2565 actitantis‚
963 2524 1124 2568 scriptum
1147 2523 1311 2568 praesidis
1335 2522 1406 2556 eius
1428 2522 1524 2556 urbis
1546 2521 1581 2555 in
1603 2532 1673 2566 qua.

217 2567 293 2612 ipse
323 2567 444 2612 hospes
474 2569 634 2613 degeret,
667 2569 787 2602 iudicio
821 2580 881 2603 suo
905 2570 1090 2610 subiicere,
1124 2570 1212 2614 quod
1236 2570 1387 2603 facturus
1410 2568 1604 2610 videretur,
1638 2566 1671 2600 si

217 2625 313 2648 suum
334 2613 384 2648 illi
407 2625 428 2648 a
449 2625 488 2648 se
510 2615 597 2648 lecto
621 2615 833 2649 subscribere
855 2626 974 2648 nomen
997 2619 1184 2649 attentaret
1205 2614 1241 2648 in
1264 2615 1394 2658 signum
1417 2613 1603 2648 sententiae
1626 2612 1672 2646 de

214 2659 288 2704 ipso
313 2670 414 2703 suae,
446 2660 644 2706 praesertim
679 2671 751 2694 cum
786 2661 931 2705 probare
953 2660 1076 2694 librum
1098 2660 1343 2705 inexploratum
1365 2671 1461 2694 nemo
1484 2669 1587 2692 sanus
1609 2658 1673 2692 de-

215 2705 336 2747 beret,
370 2707 547 2751 explorare
577 2710 688 2740 autem
719 2711 780 2740 aut
813 2712 974 2751 quantum
1005 2717 1067 2751 par
1100 2715 1174 2740 erat
1203 2706 1394 2752 expendere
1415 2710 1486 2740 tam
1509 2704 1614 2739 multa
1634 2703 1672 2738 in

214 2755 305 2785 tomo
327 2752 454 2796 scripta
477 2752 537 2786 otii
560 2763 601 2786 ac
623 2751 796 2786 facultatis
818 2764 885 2786 non
907 2756 998 2786 esset
1018 2763 1112 2792 suae,
1135 2752 1291 2798 quoniam
1314 2751 1393 2786 alibi
1413 2751 1575 2785 educatus
1591 2759 1674 2784 usus

217 2807 258 2830 ac
280 2807 398 2832 sensus
421 2797 577 2844 proprios
601 2798 993 2845 Constantinopolitanae
1025 2797 1189 2833 ecclesiae
1211 2798 1320 2833 miuus
1348 2802 1545 2844 perspectos
1566 2796 1674 2831 habe-
