1858 3126
225 187 320 232 358
644 183 882 228 GEORGII
914 183 1268 229 PACHYMERIS

224 305 300 344 τοῦ
315 295 520 344 Ἰωάννου.
592 298 632 342 οἱ
652 298 813 349 πλείους
836 298 881 342 δὲ
899 300 967 342 καὶ
987 296 1340 356 περιφανέστεροι,
1379 296 1502 356 ὅρκον
1527 298 1695 356 τιθέμε-

225 387 286 412 νοι
315 368 363 411 τὸ
393 367 565 422 λεχθέν,
603 365 889 424 παραιτήσεως
914 367 988 422 μὲν
1025 368 1173 423 ἐκείνης
1195 364 1371 423 ἠλόγουν
1393 365 1587 423 πάμπαν,
1617 368 1694 412 κᾶν

225 437 377 494 ἐμμένῃ
396 434 527 494 ταύτῃ
545 435 621 479 κᾶν
642 436 700 491 μὴ
721 436 964 491 ἐκθέμενος,
1001 435 1060 491 μὴ
1081 436 1256 479 δυνατὸν
1290 437 1314 478 δ
1321 435 1333 451 ‘
1363 433 1463 479 εἶναι
1487 436 1613 480 αὐτὸν
1636 438 1693 480 ἵε-

225 509 385 563 ρᾶσθαι
408 505 454 548 τὸ
491 504 574 548 ἀπὸ
597 507 716 548 τοῦδε
731 538 744 557 ,
781 505 839 560 μὴ
862 502 1008 554 δόντος
1039 504 1198 561 δηλαδὴ
1226 503 1301 554 τὰς
1322 504 1439 554 δίκας
1459 509 1533 548 τοῦ
1557 509 1695 562 Σηλυ-

223 575 348 631 βρίας
368 578 442 630 τῆς
462 575 517 624 εἲς
535 573 661 616 αὐτὸν
686 572 846 631 ὕβρεως
859 587 869 597 ·
903 574 1009 629 μηδὲ
1037 574 1115 629 γὰρ
1136 572 1313 616 δυνατὸν
1338 571 1438 616 εἶναι
1458 574 1574 624 δίκας
1593 572 1727 622 {mi-5

221 661 307 698 χειν
332 642 403 686 τὸν
432 642 492 698 μὴ
522 640 675 699 τρόπον
706 640 937 699 κατηγόρου
966 642 1178 685 σταθέντα
1207 641 1314 697 μηδὲ
1340 639 1559 698 προδήλως
1574 641 1698 700 ὑβρί-

175 715 208 750 Ῑ)
232 728 378 757 σαντα.
448 709 469 755 ὅ
500 711 640 765 μέντοι
679 728 721 768 γε
754 711 1057 768 Φιλαδελφείας
1092 708 1330 766 Θεόληπτος
1369 710 1472 767 πρὸς
1510 711 1584 767 τὴν
1620 715 1696 755 τοῦ

219 780 393 838 Ἐφέσου
421 778 613 823 Ἰωάννου
643 777 895 823 κατάστασιν
926 777 1088 839 συνόδῳ
1121 776 1234 837 πάσῃ
1269 781 1608 836 διαμφισβητῶν,
1647 780 1696 824 τὸ

225 849 411 892 ἐκποδών
436 849 627 905 γενέσθαι
658 848 729 892 τὸν
756 845 1013 905 πατριάρχην
1040 845 1408 906 ὅμογνωμονοῦντᾶ
1429 848 1467 891 οἱ
1489 850 1577 905 περὶ
1599 847 1698 893 τού-

225 934 300 962 του
320 922 394 974 τῆς
414 918 562 968 οἰκείας
585 915 748 975 γνώμης
767 915 990 961 κατάλυσιν
1010 917 1058 961 τὸ
1081 915 1248 973 σύμπαν
1269 914 1453 972 οἰόμενος
1462 949 1476 970 ,
1511 917 1636 975 ἀπρῖξ
1653 934 1696 961 τε
1709 927 1754 964 10

225 986 351 1042 εἴχετο
376 983 551 1041 τούτου,
589 989 657 1030 καὶ
686 990 745 1046 τῷ
776 987 1014 1043 Σηλυβρίας
1042 986 1168 1029 ἐτίθει
1201 986 1362 1036 δικαίας
1391 985 1468 1036 τὰς
1487 987 1604 1036 δίκας
1624 991 1700 1043 τῆς

226 1055 527 1114 καθαιρέσεως,
565 1055 626 1098 δι’
649 1054 699 1106 ἃς
716 1055 936 1113 ἀπρακτεῖν
955 1056 1021 1098 καὶ
1040 1055 1087 1098 τὸ
1110 1057 1260 1109 δοκοῦν
1284 1056 1340 1104 εἲς
1362 1053 1484 1111 ὅρκον
1504 1054 1547 1106 ἔξ
1571 1055 1700 1112 ἀναγ-

227 1125 354 1168 καίων
377 1123 494 1184 ᾤετο.
563 1122 774 1181 ἀντέλεγον
796 1124 841 1167 δὲ
861 1127 1064 1177 πλεῖστοι,
1102 1125 1169 1166 καὶ
1190 1120 1372 1178 μάλιστα
1394 1121 1550 1179 ταύτης
1565 1141 1608 1181 γε
1631 1126 1700 1167 καὶ

174 1194 208 1230 Ε
234 1192 352 1236 αὐτοὶ
376 1198 451 1250 τῆς
475 1192 609 1244 αἰτίας
637 1193 750 1236 ἕνεκα
762 1225 775 1246 ,
811 1192 886 1236 σὺν
910 1189 973 1243 οἷς
1002 1194 1069 1235 καὶ
1084 1191 1279 1247 βασιλεὺς
1297 1189 1419 1249 ὅρκον
1438 1191 1565 1250 ἔκρινε
1585 1193 1698 1250 μέγι-

227 1279 326 1305 στον
349 1262 396 1306 τὸ
420 1261 579 1317 λεχθέν.
648 1261 753 1317 πλὴν
774 1261 817 1304 δ’
842 1260 941 1304 ἀλλ’
975 1262 1010 1304 εἰ
1031 1259 1247 1315 βούλοιτο,
1277 1260 1407 1318 φησί,
1444 1259 1698 1319 πατριάρχης
1711 1272 1753 1308 15

228 1328 534 1387 ἀναλαμβάνειν
559 1331 626 1374 καὶ
649 1329 781 1381 οὕτως
805 1329 876 1374 τὸν
905 1327 1062 1388 θρόνον
1091 1331 1156 1373 καὶ
1179 1329 1253 1386 τὴν
1277 1325 1422 1385 τιμήν,
1461 1330 1620 1387 ἕτοιμος
1643 1329 1700 1374 εἷ-

317 1453 352 1488 9.
376 1451 551 1498 ἐμποδών
575 1452 614 1487 Ρ.

227 1555 371 1602 demque
392 1556 594 1592 illustriores
625 1555 762 1598 horum,
798 1555 953 1602 persuasi
983 1556 1090 1591 verba
1120 1568 1210 1603 quae
1244 1556 1387 1591 Ioannes
1417 1555 1563 1590 dixisset
1584 1566 1699 1590 veram

226 1601 405 1637 iuramenti
428 1604 582 1638 obtinere
606 1603 686 1641 vim,
707 1602 840 1636 minime
866 1602 1053 1636 habendam
1075 1602 1245 1637 ducebant
1267 1603 1432 1636 rationem
1463 1601 1700 1644 abdicationis,

226 1659 316 1693 quae
346 1649 391 1683 ab
421 1649 479 1683 illo
502 1650 630 1695 scripta
651 1653 920 1690 monstraretur,
955 1648 1029 1682 sive
1062 1648 1095 1681 in
1119 1660 1161 1682 ea
1185 1651 1400 1694 permaneret
1421 1646 1496 1682 sive
1518 1659 1606 1690 non,
1639 1647 1702 1702 qui

227 1693 428 1740 scripserat.
474 1694 550 1729 fieri
575 1700 688 1729 autem
713 1706 778 1728 non
803 1705 904 1739 posse
926 1694 1176 1728 contendebant
1199 1699 1237 1728 ut
1259 1694 1287 1728 is
1312 1697 1389 1739 post
1404 1693 1468 1728 hoc
1484 1693 1609 1727 dictum
1634 1698 1701 1727 nte

226 1740 429 1784 fungeretur
450 1741 655 1783 sacerdotio,
679 1740 742 1774 nisi
764 1739 930 1785 positione
952 1739 1156 1773 conditionis
1179 1740 1242 1774 sub
1265 1751 1335 1785 qua
1355 1738 1514 1780 iurasset,
1537 1739 1701 1784 religione

226 1785 442 1821 iurisiurandi
465 1788 674 1822 solveretur:
699 1797 765 1820 non
788 1785 877 1820 enim
900 1785 1049 1820 eierasse
1073 1786 1228 1819 absolute
1249 1785 1485 1828 sacerdotium,
1509 1786 1572 1820 sed
1587 1785 1701 1831 quoad

228 1842 357 1877 poenas
379 1833 605 1879 Selybriensis
629 1835 728 1866 daret
750 1831 922 1876 irrogatae
947 1831 1015 1876 ipsi
1039 1831 1273 1866 contumeliae.
1320 1831 1437 1876 itaque
1460 1831 1580 1877 punito
1602 1832 1701 1865 iuxta

228 1877 301 1912 eius
335 1884 453 1914 votum
487 1878 716 1924 Selybriensi‚
747 1878 831 1912 nibil
862 1876 1066 1912 obstiturum
1098 1878 1275 1923 quominus
1308 1877 1453 1911 Ioannes
1484 1877 1633 1922 legitime
1663 1877 1702 1912 in

229 1924 351 1958 throno
381 1925 594 1971 persisteret.
651 1935 768 1959 verum
798 1923 1021 1958 conditionem
1053 1924 1151 1958 istam
1185 1924 1265 1970 poni
1295 1923 1554 1969 haudquaquam
1585 1934 1701 1969 posse,

229 1969 437 2005 adiiciebant
458 1971 572 2014 iidem,
596 1970 753 2017 quoniam
775 1969 900 2003 iustum
924 1981 989 2004 non
1012 1975 1103 2004 esset
1126 1969 1397 2014 Selybriensem,
1421 1971 1479 2014 qui
1502 1980 1567 2004 non
1591 1970 1701 2014 palam

229 2027 269 2050 se
291 2022 464 2051 auctorem
487 2016 711 2052 accusationis
732 2015 956 2058 ostendisset,
988 2016 1050 2050 sed
1072 2016 1135 2050 sub
1158 2016 1228 2050 fide
1251 2015 1369 2050 arcani
1390 2027 1460 2050 rem
1483 2015 1526 2050 ab
1550 2015 1616 2050 alio
1639 2026 1703 2050 au-

229 2061 335 2096 ditam
365 2063 663 2107 communicasset,
701 2062 820 2108 poenis
852 2061 1084 2096 calumniatori
1114 2062 1239 2097 debitis
1268 2061 1401 2096 subiici.
1459 2065 1497 2095 at
1529 2061 1703 2096 Philadel-

229 2107 378 2152 phiensis
401 2109 631 2155 Theoleptus,
664 2108 722 2162 qui
745 2108 836 2143 circa
858 2107 1107 2142 restitutionem
1129 2108 1263 2143 Ioannis
1287 2107 1451 2153 Ephesini
1473 2107 1603 2152 synodo
1626 2107 1703 2141 uni-

229 2164 352 2189 versae
374 2156 633 2200 refragabatur,
655 2155 796 2197 videns,
829 2154 858 2189 si
881 2159 1114 2189 removeretur
1136 2166 1157 2189 a
1178 2153 1342 2199 regimine
1363 2153 1556 2199 patriarcha
1579 2152 1612 2187 in
1635 2153 1701 2186 hoc

229 2199 298 2233 sibi
321 2204 441 2235 contra
463 2201 620 2235 iudicium
644 2200 784 2236 aliorum
817 2200 1023 2243 assentiens,
1057 2200 1191 2235 unicum
1213 2212 1281 2246 quo
1305 2199 1472 2235 niteretur
1492 2198 1699 2233 subtrahen-

230 2245 309 2279 dum
331 2257 414 2279 suae
437 2247 626 2281 sententiae
649 2246 843 2290 tibicinem,
879 2246 969 2281 unde
991 2246 1081 2282 illam
1104 2247 1192 2281 haud
1216 2245 1317 2280 dubie
1339 2243 1518 2279 contrariis
1540 2246 1593 2277 tot
1614 2243 1701 2278 alio-

229 2301 305 2325 rum
337 2291 596 2327 auctoritatibus
630 2293 902 2335 succubituram,
932 2293 1022 2327 fixus
1052 2292 1324 2327 irrevocabiliter
1355 2290 1535 2336 perstabat
1564 2289 1600 2323 in
1632 2300 1699 2323 non

230 2336 459 2390 permittenda
481 2338 758 2372 exauctoratione
781 2339 932 2380 Ioannis,
963 2338 1050 2373 viam
1083 2339 1223 2372 eandem
1247 2349 1269 2372 a
1291 2336 1462 2382 plerisque
1483 2334 1699 2379 gravioribus

229 2382 349 2416 mitam
372 2387 492 2418 tenens
514 2384 557 2418 de
579 2383 797 2418 iurisiurandi
820 2384 950 2418 vinculo
983 2395 1065 2418 vere
1087 2383 1171 2429 ipsi,
1202 2383 1263 2418 sed
1294 2382 1357 2416 sub
1391 2379 1580 2414 conditione
1601 2381 1700 2415 dum-

229 2432 330 2462 taxat
352 2427 485 2463 innexo.
533 2433 702 2463 caeterum
735 2429 851 2464 aiebat
883 2429 997 2474 positu
1029 2430 1162 2464 facilem
1183 2432 1219 2463 et
1240 2428 1336 2462 salva
1356 2426 1487 2460 iustitia
1508 2426 1701 2462 executioni

231 2473 454 2508 mandabilem
477 2474 576 2508 istam
599 2474 822 2508 conditionem
845 2486 933 2509 esse.
980 2475 1132 2520 adeoque
1154 2483 1359 2518 magnopere
1381 2472 1528 2516 urgebat
1550 2477 1588 2507 ut
1599 2473 1701 2518 Sely-

230 2519 376 2554 briensis
399 2524 540 2565 propter
562 2524 691 2554 temere
714 2520 889 2564 vulgatum
911 2520 955 2554 de
977 2520 1171 2566 patriarcba
1200 2519 1319 2553 falsum
1353 2517 1477 2552 crimen
1502 2518 1701 2564 episcopatu

231 2569 459 2607 amoveretur,
493 2577 535 2600 ac
557 2565 608 2599 sic
630 2564 702 2600 voti
726 2576 861 2610 compos
884 2569 920 2599 et
942 2567 1029 2600 nodo
1053 2568 1232 2610 susceptae
1254 2563 1427 2609 religionis
1449 2564 1536 2598 liber
1557 2565 1701 2600 Ioannes

231 2612 353 2646 throno
377 2611 595 2658 patriarchali
618 2610 828 2646 redderetur.
875 2611 953 2645 huic
976 2611 1063 2656 pleri
1087 2622 1131 2645 ue
1152 2611 1399 2656 repugnabant,
1423 2610 1564 2645 maxime
1586 2610 1700 2645 niten-

233 2662 288 2692 tes
313 2669 354 2691 ea
376 2668 476 2704 quam
499 2656 642 2692 indicavi
666 2656 769 2691 ducta
789 2668 832 2691 ex
855 2656 1019 2691 iniustitia
1036 2661 1073 2691 ta
1088 2656 1116 2690 is
1139 2656 1365 2691 damnationis
1387 2656 1531 2690 ratione.
1576 2655 1700 2702 quibus

233 2715 272 2738 se
306 2702 514 2748 adiungebat
543 2702 745 2748 imperator,
779 2702 855 2736 veri
883 2702 1084 2744 iuramenti,
1117 2711 1153 2736 et
1182 2701 1317 2747 quidem
1341 2702 1496 2745 maximi,
1527 2701 1563 2736 in
1585 2701 1700 2736 verbis

233 2749 370 2783 Ioannis
399 2750 467 2784 vim
490 2749 579 2783 haud
603 2748 705 2782 dubie
728 2748 974 2793 agnoscendam
998 2759 1159 2792 censens,
1186 2758 1251 2782 nec
1275 2748 1406 2782 modum
1430 2760 1472 2782 ea
1495 2747 1700 2792 desungendi

231 2806 294 2839 per
317 2795 463 2841 iniquam
485 2793 713 2839 Selybriensis
736 2793 986 2840 oppressionem
1020 2794 1181 2840 probans.
1226 2793 1375 2828 addebat
1397 2793 1485 2828 idem
1507 2798 1639 2835 tamen,
1669 2792 1699 2826 si

232 2840 287 2874 vel
310 2840 359 2876 sic
382 2840 578 2888 patriarcha
602 2840 705 2876 vellet
727 2841 882 2876 thronum
913 2844 949 2875 et
979 2840 1138 2876 honorem
1161 2851 1350 2884 resumere,
1384 2843 1538 2887 paratum
1562 2851 1600 2875 se
1622 2849 1699 2872 esse
