1858 3126
238 174 336 220 330
662 173 900 217 GEORGII
942 173 1294 220 PACHYMERIS

236 292 370 332 ταῦτα
396 287 743 344 προσεταιρίζεται
764 291 848 331 τῶν
865 287 1065 346 Περσῶν,
1094 290 1163 332 καὶ
1181 287 1334 347 τρόπον
1353 293 1571 348 λη“ι’·στορος
1593 309 1706 349 περι-

237 358 348 411 θέει,
381 356 570 413 ἐμφανὴς
599 355 657 400 ὢν
688 355 715 413 ἢ
745 355 1076 413 ἀμυνούμενοςῆ
1101 356 1363 414 πεσούμενος.
1433 358 1490 411 ὥς
1509 361 1554 405 δὲ
1575 379 1706 405 κατα-

236 426 390 483 τρέχων
411 423 574 482 ἠρήμου
597 425 674 476 τὰς
689 423 830 484 χώρας
856 428 924 470 ’καὶ
949 426 1024 483 τὴν
1043 425 1309 485 ἀνταγῶνισιν
1332 427 1522 482 ἔσπευδε,
1559 430 1606 474 τὸ
1629 435 1704 474 τοῦ

236 494 388 550 Μελὴκ
407 498 521 550 λῆμα
539 494 586 539 τὸ
609 492 815 552 μόρσιμον
834 496 1028 553 ἒρεθίζει,
1070 498 1138 539 καὶ
1161 501 1309 541 τοῦτον
1335 497 1471 557 ἐκείνῳ
1493 499 1706 555 συνίστησι

238 565 344 607 κατὰ
373 561 566 618 πόλεμον.
638 558 687 608 οἷ)
708 564 759 620 δὴ
783 565 1057 622 συρραγέντος
1086 563 1261 622 σφάλλει
1280 566 1352 610 τὸν
1371 566 1522 622 Μελὴκ
1541 564 1566 622 ἦ
1585 565 1738 623 τύχη,5

236 635 303 677 καὶ
333 630 355 677 ὅ
377 634 503 684 ἵππος
527 631 611 693 ὅλῳ
629 634 776 691 ῥυτῆρι
801 631 1026 692 φερόμενος
1043 631 1296 691 συγκάμπτει
1311 635 1371 678 τώ
1388 633 1510 689 πόδε,
1545 637 1614 679 καὶ
1636 635 1708 682 τὸν

183 712 216 747 D
239 699 439 758 ἐπιβάτην
465 701 571 757 μεθ’
603 701 665 746 ὅτι
694 704 886 759 πλείστης
920 708 995 759 τῆς
1031 701 1164 761 ῥύμης
1195 706 1260 747 ἐπὶ
1291 701 1389 761 γόνυ
1419 709 1704 765 συγκατασπᾷ,

234 774 301 816 καὶ
333 771 452 828 ἔργον
486 770 636 814 αὐτίκα
672 769 842 827 σπάθης
870 770 892 816 ὅ
924 771 1058 816 πεσὼν
1086 774 1251 829 γίνεται.
1322 777 1457 817 ταῦτα
1488 772 1561 817 τὸν
1584 771 1705 830 Ἄλῆν

233 842 383 899 ἐπῇρεν
403 842 459 891 εἲς
479 839 598 897 ἷίγκον
611 839 846 897 Ἀμούριον,
885 841 1109 885 κάντεῦθεν
1129 841 1317 899 συνάγων
1338 843 1552 892 πλείστους
1573 846 1706 893 κακῶς

233 909 335 967 ἕδρα
359 909 413 953 τὰ
426 908 651 964 Ῥωμαίων.
724 908 840 954 οὕπω
857 911 903 953 δὲ
920 908 1036 964 μάλα
1056 911 1108 967 δὴ
1127 914 1195 954 καὶ
1214 912 1254 962 ἐς
1274 910 1415 964 τέλος,
1452 911 1527 961 ἕως
1547 905 1594 953 οὗ
1613 913 1706 954 dae-
1719 921 1762 956 10

231 976 374 1035 μόνιόν
397 996 436 1022 τι
452 977 612 1034 μήνιμα
639 979 710 1038 (τί
726 979 804 1037 γὰρ
824 978 874 1023 ἂν
899 979 999 1023 ἄλλο
1019 981 1087 1041 καὶ
1110 979 1213 1024 εἴποι
1232 997 1294 1031 τις
1302 979 1345 1038 3)
1376 979 1483 1024 κατὰ
1495 978 1707 1035 Ῥωμαίων

234 1046 463 1106 ἔφύσησεν,
498 1047 520 1091 ὃ
551 1047 603 1103 δὴ
635 1050 702 1091 καὶ
725 1048 893 1100 λέξεται.
966 1047 1021 1100 ὥς
1042 1050 1120 1106 γὰρ
1137 1049 1265 1106 πέραν
1287 1047 1530 1106 Σαγγάρεως
1549 1049 1707 1105 διατρί-

233 1122 321 1172 βων
342 1124 430 1168 τοΐς
449 1117 529 1161 ἀνὰ
548 1121 697 1161 τοῦτον
722 1118 936 1175 φρουρίοις
956 1119 1133 1175 ι’σχυρῶς
1151 1112 1438 1175 ἅντεκροῦετο,
1475 1116 1502 1160 ἃ
1533 1115 1708 1174 φθάσας

235 1185 257 1230 ὅ
288 1187 483 1240 βασιλεὺς
507 1183 706 1247 συνῴκισε
724 1187 901 1243 Μιχαὴλ
922 1189 990 1230 καὶ
1013 1194 1208 1245 σταυροῖς
1230 1187 1444 1243 μηκίστοις
1463 1186 1506 1229 ἔκ
1526 1185 1706 1243 δένδρων

180 1263 213 1298 Ε
237 1255 619 1312 ἆξινοκοπηθέντων
635 1257 789 1310 μεταξὺ
810 1253 1096 1314 κατωχύρωσε,
1130 1256 1247 1314 μέχρι
1266 1258 1332 1301 καὶ
1351 1257 1392 1307 ἐς
1412 1253 1557 1299 ἑκατὸν
1575 1252 1707 1306 πόδας
1720 1262 1761 1298 15

230 1325 278 1369 τὸ
305 1326 419 1376 ἐντὸς
439 1323 596 1375 πλάτος
616 1325 775 1380 ἄβατον
797 1324 1087 1382 καταστήσας,
1127 1324 1183 1376 ὥς
1205 1326 1247 1369 ἐν
1267 1332 1354 1376 τοῖς
1375 1321 1556 1383 πρώτοις
1573 1315 1708 1381 λόγοις

231 1394 417 1451 ἐλέγομεν
427 1427 441 1449 ,
481 1396 548 1438 καὶ
567 1390 617 1450 ἦν
635 1399 694 1455 τῷ
718 1394 861 1454 Πέρσῃ
881 1395 1052 1452 στερρὸν
1071 1396 1262 1439 ἐντεῦθεν
1279 1395 1327 1438 τὸ
1347 1398 1423 1450 τῆς
1441 1395 1708 1451 καταδρομῆς

233 1461 429 1519 κώλυμα,
467 1464 650 1520 Κρονίου
679 1464 810 1520 μηνὸς
840 1466 884 1507 ἐκ
913 1469 989 1508 τοῦ
1011 1468 1267 1522 παραχρῆμα
1288 1461 1310 1508 ὁ
1335 1462 1522 1519 ποταμὸς
1538 1479 1706 1518 μετοχε-

232 1530 390 1576 τεύεται
407 1534 475 1575 καὶ
495 1535 606 1587 ζητεῖ
629 1533 704 1588 τὴν
726 1533 907 1577 παλαιὰν
932 1534 1092 1589 κοίτην,
1131 1533 1238 1577 καθ’
1256 1532 1306 1588 ἢν
1328 1534 1396 1576 καὶ
1417 1530 1442 1588 ἦ
1467 1528 1708 1575 Ἰουστινιοῖ-

231 1619 334 1652 νειος
364 1602 662 1659 ποντογέφυρα.
733 1601 907 1660 ὕστερον
939 1603 985 1645 δὲ
1012 1601 1378 1657 μετοχετευθέντος
1399 1604 1475 1644 τοῦ
1497 1603 1703 1654 ποταμοῦ,
1716 1610 1764 1644 20

233 1781 319 1816 liata
353 1779 419 1815 sibi
450 1791 552 1815 manu
586 1791 652 1814 non
683 1779 817 1814 modica
847 1780 1028 1815 Persarum
1059 1779 1327 1815 latrocinabatur
1348 1779 1635 1821 circumcursans,
1666 1790 1707 1813 ac

235 1829 337 1874 plane
358 1838 443 1872 prae
466 1837 504 1861 se
524 1827 638 1861 ferens
662 1831 723 1861 aut
744 1825 907 1861 ultionem
930 1839 968 1861 se
991 1832 1170 1872 capturum
1193 1826 1236 1861 de
1259 1826 1391 1860 Meleco
1414 1831 1475 1860 aut
1498 1826 1535 1860 in
1560 1825 1634 1860 eius
1655 1825 1707 1859 rei

236 1877 361 1908 conatu
395 1872 641 1908 occubiturum.
687 1884 762 1907 cum
794 1883 877 1918 ergo
907 1872 1196 1907 incursationibus
1228 1876 1346 1907 vastat
1377 1872 1536 1917 regiones
1557 1874 1594 1906 et
1615 1870 1708 1905 omni

237 1919 372 1954 ratione
401 1919 600 1954 conserendi
631 1930 706 1954 cum
740 1919 839 1953 hoste
871 1919 1062 1953 certaminis
1092 1919 1288 1953 occasiones
1311 1922 1451 1963 captat,
1486 1917 1577 1952 haud
1598 1916 1708 1963 impar

238 1965 365 2000 Meleci
389 1966 431 2000 ad
454 1977 602 2012 pugnam
625 1964 780 2006 audacia,
804 1975 865 1999 suo
889 1965 978 2000 hunc
999 1966 1073 1999 fato
1095 1968 1314 2012 perurgente,
1337 1964 1418 1998 Hali
1439 1963 1577 1999 obiecit.
1616 1973 1709 1997 com-

238 2012 420 2046 mittuntur
443 2023 525 2057 ergo
548 2012 637 2046 inter
659 2023 735 2046 sese
759 2011 868 2046 Hales
890 2015 926 2046 et
948 2011 1082 2054 Mela,
1113 2011 1390 2057 ferocissimeque
1408 2010 1553 2045 invicem
1576 2010 1709 2055 petunt.

238 2058 300 2092 sed
329 2057 498 2092 Melecum
528 2059 667 2093 fortuna
697 2057 864 2092 deseruit:
897 2068 974 2092 nam
1009 2057 1083 2092 eius
1115 2068 1223 2103 equus
1244 2057 1328 2092 totis
1350 2056 1490 2091 habenis
1521 2056 1650 2090 effusus
1670 2053 1709 2088 in

239 2114 374 2137 cursum
406 2105 513 2150 pedes
546 2104 736 2139 anteriores
766 2103 921 2147 inflexit,
955 2114 1190 2150 sessoremque
1219 2103 1362 2138 maximo
1383 2103 1515 2149 impetu
1535 2102 1571 2136 in
1597 2111 1709 2147 genua

238 2160 380 2196 pronum
417 2150 562 2192 abiecit;
597 2162 664 2196 quo
697 2150 814 2185 statim
836 2151 868 2185 is
891 2161 912 2184 a
935 2161 1017 2185 casu
1045 2162 1126 2184 ense
1155 2150 1331 2184 confossus
1361 2148 1503 2184 interiit.
1551 2147 1608 2182 hic
1629 2157 1708 2180 suc-

239 2206 355 2229 cessus
378 2195 522 2238 Halem,
552 2197 684 2230 nomine
706 2197 774 2231 iam
799 2197 906 2242 patris
930 2196 974 2230 ad
997 2208 1091 2231 suum
1116 2196 1230 2231 addito
1253 2195 1425 2229 Amurium
1447 2197 1582 2240 quoque
1602 2203 1706 2227 voca-

237 2246 322 2282 tum,
345 2240 378 2274 in
400 2253 555 2286 magnam
580 2243 818 2277 confidentiam
840 2242 988 2277 inflavit.
1034 2243 1216 2288 subitoque
1237 2241 1315 2275 inde
1338 2239 1554 2285 congregatis
1576 2237 1706 2282 maguis

238 2286 346 2331 copiis
369 2287 540 2322 Romanas
562 2288 719 2333 regiones
744 2289 995 2323 incursionibus
1015 2288 1213 2330 infestabat,
1236 2287 1381 2322 nondum
1402 2290 1517 2320 tamen
1539 2286 1599 2318 aut
1620 2282 1707 2317 mul-

237 2338 309 2367 tum
331 2332 478 2367 fidenter
510 2337 572 2368 aut
601 2335 701 2368 valde
734 2335 945 2380 perniciose,
981 2335 1042 2368 sed
1074 2333 1325 2369 dissimulanter
1358 2335 1394 2366 et
1418 2331 1564 2371 leviter,
1597 2328 1705 2362 donec

235 2389 311 2414 eum
336 2378 449 2413 divina
472 2379 638 2424 quaedam
660 2380 745 2414 ultio
768 2381 863 2426 (quo
891 2381 980 2415 enim
1002 2380 1069 2414 alio
1092 2380 1168 2426 quis
1188 2379 1319 2414 nomine
1337 2388 1452 2411 casum
1467 2379 1549 2411 tunc
1562 2374 1706 2409 maxime

235 2424 370 2460 noxium
402 2425 577 2470 inopinato
601 2425 827 2461 incurrentem
849 2426 1078 2470 vocaverit‘l)
1111 2424 1288 2459 tumefecit
1317 2423 1480 2458 adversus
1511 2421 1704 2463 Romamn

236 2482 337 2516 quem
360 2481 473 2505 casum
495 2471 552 2504 hic
574 2472 732 2506 referam.
780 2483 854 2505 cum
885 2472 975 2506 enim
998 2472 1102 2506 Hales
1131 2471 1274 2504 antehac
1295 2469 1387 2503 ultra
1410 2467 1590 2512 Sangarim
1614 2478 1707 2501 com·

236 2527 372 2552 morans
394 2516 514 2562 positis
536 2516 606 2551 illic
629 2516 766 2551 arcibus
786 2517 902 2551 valide
924 2517 1161 2562 repelleretur,
1183 2525 1268 2561 quas
1291 2525 1390 2549 arces
1411 2514 1598 2559 imperator
1621 2523 1706 2547 con-

237 2562 374 2597 diderat
406 2562 578 2606 Michael,
613 2566 650 2597 et
683 2566 782 2607 septo
816 2562 968 2597 exterius
991 2567 1170 2607 praetento
1193 2560 1396 2595 decussatim
1421 2560 1630 2594 obiectorum
1651 2557 1707 2592 in-

238 2609 387 2654 gentium
409 2608 584 2655 stipitum,
617 2619 661 2643 ex
687 2608 867 2643 arboribus
897 2608 1009 2642 securi
1035 2607 1220 2649 dedolatis,
1253 2606 1364 2651 perite
1386 2605 1595 2647 muniverat,
1625 2614 1706 2650 spa-

241 2655 327 2690 tium
349 2655 440 2690 ultra
462 2654 663 2690 munitiones
684 2654 807 2700 pedum
833 2657 968 2688 centum
990 2652 1049 2687 illo
1071 2652 1272 2688 antemurali
1290 2652 1389 2697 plane
1405 2651 1531 2687 invium
1554 2655 1590 2685 et
1610 2649 1707 2684 inac-

243 2712 375 2736 cessum
405 2700 561 2736 hostibus
591 2700 745 2743 faciens,
774 2699 1051 2746 quemadmodum
1083 2700 1118 2733 in
1155 2698 1325 2744 prioribus
1353 2697 1450 2732 libris
1475 2696 1639 2738 diximus,
1670 2698 1707 2729 et

244 2752 323 2782 erat
345 2748 410 2782 hoc
431 2748 558 2783 Persae
581 2759 624 2781 ex
647 2759 690 2782 ea
712 2751 813 2793 parte
834 2746 1064 2792 insuperabile
1084 2744 1310 2779 incursionum
1331 2743 1553 2785 obstaculum,
1576 2740 1706 2777 Martio

246 2804 327 2828 ecce
356 2805 472 2829 mense
503 2797 646 2839 repente
677 2793 802 2828 fluvius
833 2793 966 2827 alveum
995 2791 1142 2827 mutavit
1162 2789 1368 2836 repetiitque
1390 2789 1501 2824 cubile
1523 2787 1706 2833 antiquum,

246 2839 290 2874 ad
314 2841 404 2886 quod
421 2839 500 2876 olim
523 2841 640 2876 fuerat
661 2838 891 2875 Iustinianeus
912 2849 999 2886 pons
1022 2841 1247 2873 constructus.
1293 2838 1414 2882 postea
1441 2834 1600 2870 traducto
1627 2831 1707 2868 inde
