1858 3126
328 135 406 178 DE
434 134 770 179 ANDRONICO
798 135 1178 180 PALAEOLOGO
1207 137 1254 180 L.
1281 136 1355 181 IV.
1499 136 1596 184 343

123 250 193 293 καὶ
209 248 267 305 μὴ
287 245 498 307 πρόφασις
517 250 574 299 εἷς
589 248 635 292 τὸ
657 247 752 304 ἑξῆς
772 245 880 300 δόξω
895 247 1154 303 σκανδάλου,
1193 249 1270 294 σῦν
1291 248 1407 310 αὐτῷ
1426 251 1497 294 καὶ
1521 250 1599 307 τὴν

124 318 228 375 ἐμὴν
255 323 539 375 παραιτοῦμαι
568 315 813 375 ἱερωσύνην,
855 317 903 360 τὸ
935 318 1040 374 μέγα
1072 318 1203 369 ὅντως
1233 320 1325 373 ἐμοὶ
1357 323 1498 375 χρῆμα
1526 322 1597 363 καὶ

125 391 201 431 τοῦ
219 387 373 437 παντὸς
394 385 598 438 ἀντάξιον.
667 391 801 430 ταῦτα
827 387 976 441 τίθημι
1002 385 1185 444 γνώριμα
1202 392 1253 444 τῇ
1276 388 1320 430 ἔκ
1339 392 1444 431 θεοῦ
1466 393 1592 442 βασι-

125 457 213 516 λείᾳ
231 473 308 499 σου
327 457 394 498 καὶ
414 461 503 506 τοῖς
522 452 740 505 δεσπόταις
753 472 837 508 μου
853 461 940 505 τοῖς
962 454 1192 511 ἀρχιερεῦσι
1208 459 1399 511 Χριστοῦ
1431 457 1499 499 διὰ
1520 461 1594 513 τῆς
1618 471 1649 505 c

93 521 412 581 ὅπαραιτῆσεως
435 521 613 580 ταύτης,
654 523 714 566 δι’
747 517 797 578 ἧς
826 525 894 566 καὶ
916 524 1072 566 τελείαν
1103 524 1212 578 νέμω
1235 523 1493 581 συγχώρησιν
1512 533 1600 577 τοῖς

126 610 171 636 τε
198 591 395 649 ὗβρίσασι
421 599 509 644 τοῖς
530 609 574 636 τε
601 593 658 642 εἷς
683 597 807 636 τοῦτο
836 590 1110 648 συνεργήσασι
1135 595 1203 635 καὶ
1232 599 1318 643 τοῖς
1348 599 1599 650 προαχθεῖσι

125 660 289 712 τούτοις
307 666 549 714 πιστεῦσαι,
585 663 654 703 καὶ
669 663 788 711 ἵλεως
813 660 956 711 αὐτοῖς
973 661 1033 716 εἴη
1063 660 1133 704 διὰ
1154 665 1278 705 τοῦτο
1299 660 1414 711 θεός.
1484 662 1535 705 ἂν
1552 663 1601 706 δέ

125 747 165 774 τι
188 734 330 787 συμβῇ
364 732 422 780 εἲς
448 730 503 773 τὰ
532 730 689 785 ψυχικᾶ
718 731 786 772 καὶ
812 731 870 780 εἷς
891 729 944 772 τὰ
965 730 1180 784 σωματικὰ
1201 732 1257 780 εἷς
1283 730 1359 785 τὴν
1379 729 1498 787 ἇγιάν
1519 736 1596 775 τοῦ

123 803 228 842 θεοῦ
250 799 464 854 ἐκκλησίαν
486 797 513 853 ἢ
543 800 600 849 εἷς
626 798 699 843 τὸν
726 798 826 842 λαὸν
848 802 924 841 τοῦ
951 802 1079 851 θεοῦ,
1115 797 1260 848 &3564-
1281 801 1363 854 εἶμι
1387 803 1440 856 τῇ
1456 797 1596 857 χάριτι

71 874 116 908 10
125 871 200 911 τοῦ
225 870 415 925 Χριστοῦ
433 868 558 922 μου.”
626 866 703 923 εἶχε
721 869 788 910 καὶ
807 865 1052 924 ὑπογραφὴν
1070 865 1192 923 τήνδε
1216 872 1229 892 ‘
1235 865 1444 924 ’Ἰωάννης
1462 886 1598 923 μονα-

125 936 198 991 χός
225 934 247 980 ὃ
264 938 525 992 χρηματίσας
541 934 798 994 πατριάρχης
816 934 1343 986 Κωνσταντινουπόλεως.”’

271 1009 421 1048 Ταῦτα
447 1003 617 1063 γράψας
643 1022 687 1048 τε
707 1007 774 1048 καὶ
790 1002 1041 1062 ὖπογράψας
1059 1007 1127 1048 καὶ
1146 1010 1204 1064 τῷ
1221 1009 1388 1059 βασιλεῖ
1400 1003 1593 1048 ἀποστεί-
1616 1005 1646 1039 D

123 1078 226 1127 λας,
269 1075 337 1117 καὶ
364 1073 471 1116 αὐτὰ
499 1073 552 1117 τὰ
574 1078 650 1130 τῆς
667 1072 970 1131 ἀρχιερωσύνης
1001 1071 1397 1130 ἀπαμφιασάμενος,
1433 1072 1599 1131 ἀφησύ-

119 1144 219 1198 χαζε
237 1147 325 1193 τοῖς
342 1142 608 1199 ἐγνωσμένοις
627 1144 822 1197 ἐμμένων.
895 1143 1091 1197 βασιλεὺς
1111 1144 1156 1186 δὲ
1182 1141 1399 1196 δεξάμενος
1417 1143 1493 1198 τὴν
1514 1161 1598 1186 πα-

72 1222 115 1257 15
128 1213 315 1268 ραίτησιν
343 1211 440 1255 οὐδ’
463 1211 613 1266 ἤθελεν
645 1209 919 1255 ἀναπτύσσειν
942 1213 986 1262 ἐξ
1004 1211 1216 1265 εὐλαβείας
1234 1211 1340 1253 ἀλλὰ
1359 1212 1458 1267 πυρὶ
1481 1209 1598 1254 διδό-

126 1298 193 1323 ναι
202 1313 215 1333 ,
253 1280 344 1323 ἐπεὶ
364 1282 431 1324 καὶ
462 1279 608 1323 ἄλλοτε
637 1280 766 1323 ταῦτ’
799 1281 1012 1336 ἔπραττεν.
1081 1281 1164 1323 ἐπεὶ
1186 1279 1232 1323 δ’
1255 1279 1597 1336 ἀναγνωσθέντος

122 1349 196 1391 τὸν
227 1346 482 1405 πατριάρχην
511 1349 634 1404 ἤκουε
662 1350 832 1405 λέγοντα
860 1347 916 1398 ὡς
938 1346 1112 1403 ὀμόσοι,
1151 1349 1194 1391 ἐν
1214 1350 1404 1406 φροντίδι
1424 1349 1596 1406 μεγίστῃ

126 1412 197 1471 ἦν,
231 1418 300 1459 καὶ
322 1415 345 1459 ὅ
372 1434 412 1460 τι
435 1419 525 1473 περὶ
553 1415 714 1460 τούτων
738 1417 937 1474 ἀρχιερεῖς
954 1415 1237 1474 ἀποφήναιντο
1258 1415 1473 1460 διεσκόπει.
1544 1417 1593 1461 τὸ

121 1486 197 1539 μὲν
216 1480 290 1528 οῦν
307 1483 395 1539 ἅμα
418 1484 618 1529 δεικνύναι
639 1488 707 1528 καὶ
729 1484 921 1538 ἐξετάζειν
942 1484 1095 1542 ἐφιέναι
1114 1486 1166 1528 τὰ
1187 1487 1398 1543 ἐφεστῶτα
1419 1490 1470 1542 τῇ
1487 1483 1587 1528 Ῥω-
1614 1488 1647 1522 Ε

70 1555 246 1609 eostur&
277 1554 384 1596 κακὰ
412 1554 461 1597 οὗ
489 1561 689 1612 παρεῖχεν.
771 1552 928 1611 ’ἡμέρας
956 1554 1035 1611 γὰρ
1064 1552 1239 1610 ἑκάστης
1265 1554 1505 1611 ἠγγέλλοντο
1540 1555 1592 1597 τὰ

216 1663 271 1699 19.
294 1661 343 1699 τὰ
366 1662 495 1700 deerat.

120 1755 289 1802 praebere
311 1754 429 1791 videar
451 1755 614 1799 scandali,
634 1767 744 1791 meum
768 1767 904 1803 quoque
927 1756 1047 1791 abdico
1070 1756 1309 1799 sacerdotium,
1335 1766 1492 1800 magnum
1515 1755 1597 1790 mihi

121 1812 162 1835 re
182 1812 270 1836 vcra
292 1806 328 1836 et
350 1801 520 1846 quantivis
545 1802 649 1836 decus
672 1802 784 1848 pretii.
833 1803 919 1837 haec
940 1806 1022 1836 nota
1042 1803 1130 1837 facio
1154 1802 1313 1836 divinitus
1336 1804 1467 1835 electae
1489 1801 1594 1834 maie-

123 1846 207 1880 stati
236 1852 318 1882 tuae
348 1851 385 1881 et
415 1847 559 1881 dominis
588 1848 672 1883 meis
705 1849 872 1894 episcopis
896 1847 1027 1882 Christi
1060 1858 1122 1893 per
1155 1848 1242 1882 hanc
1273 1847 1340 1881 rite
1364 1847 1594 1891 consignatam

124 1891 352 1926 abdicationis
374 1893 570 1936 formulam3
595 1905 662 1948 per
685 1906 785 1940 quam
809 1898 845 1928 et
867 1894 998 1939 plenam
1021 1893 1199 1939 impertior
1221 1894 1353 1927 veniam
1376 1897 1446 1926 tam
1468 1892 1512 1926 iis
1536 1892 1596 1937 qui

123 1947 178 1970 me
197 1937 393 1980 laeserunt,
427 1950 527 1983 quam
549 1951 608 1983 qm
631 1941 806 1986 cooperati
830 1940 878 1974 eis
900 1940 935 1973 in
958 1951 1010 1973 me
1033 1939 1196 1973 laedendo
1220 1943 1299 1972 sunt
1322 1938 1448 1983 quique
1470 1937 1593 1972 abduci

124 1992 163 2017 se
186 1982 279 2027 passi
302 1988 381 2017 sunt
403 1984 449 2017 ad
471 1984 524 2018 his
545 1985 647 2018 fidem
677 1985 910 2020 adhibendam.
955 1985 1078 2029 quibus
1112 1985 1264 2026 cunctis,
1295 1988 1394 2029 opto,
1426 1983 1593 2029 propitius

124 2027 292 2062 condonet
323 2029 411 2062 hanc
444 2029 577 2075 culpam
601 2031 695 2065 deus.
741 2032 831 2065 unde
853 2030 884 2064 si
907 2030 988 2075 quid
1011 2041 1054 2063 ex
1077 2041 1118 2064 ea
1140 2029 1323 2075 perniciem
1345 2030 1495 2063 inserens
1518 2029 1593 2063 ani-

124 2073 244 2108 mabus
267 2076 326 2108 aut
348 2074 547 2119 corporibus
576 2075 611 2109 in
642 2076 819 2110 ecclesiam
850 2076 904 2109 dei
936 2079 1087 2109 sanctam
1111 2080 1171 2109 aut
1193 2075 1227 2108 in
1251 2075 1306 2108 dei
1328 2075 1487 2121 populum
1511 2087 1594 2110 eve-

124 2118 202 2154 nire
223 2118 412 2164 contingat,
435 2119 595 2154 innocens
617 2121 715 2155 huius
737 2133 801 2166 ego
825 2132 888 2166 per
910 2121 1041 2154 Christi
1065 2121 1131 2154 mei
1153 2121 1296 2166 gratiam
1321 2120 1429 2155 sum.''
1474 2121 1593 2155 hacte-

125 2176 189 2200 nus
212 2165 408 2207 abdicatio;
442 2177 530 2211 quae
563 2170 598 2200 et
620 2167 737 2200 habuit
759 2166 1040 2212 subscriptionem
1062 2166 1164 2200 talem
1194 2166 1373 2202 “Ioannes
1395 2168 1592 2210 monachus,

123 2210 183 2258 qui
205 2223 299 2246 eram
323 2210 522 2258 patriarcha
546 2211 888 2258 Constantinopolis?

214 2279 281 2314 His
302 2279 441 2326 scriptis
463 2284 499 2315 et
520 2279 724 2324 subscriptis
746 2284 850 2325 atque
883 2279 925 2313 ad
948 2279 1187 2325 imperatorem
1208 2280 1338 2322 missis,
1372 2281 1459 2327 ipsis
1490 2292 1592 2327 prae·

125 2328 224 2360 terea
246 2331 368 2371 sponte
390 2332 512 2360 exutus
535 2327 784 2371 patriarchatus
803 2325 1006 2371 insignibus,
1039 2326 1239 2371 quiescebat
1260 2327 1296 2361 in
1317 2328 1421 2362 semel
1443 2327 1591 2361 decretis

124 2377 295 2416 perstans.
324 2373 391 2406 hoc
413 2372 577 2418 scriptum
600 2372 780 2418 accipienti
803 2372 1000 2415 imperatori
1021 2371 1182 2417 impetum
1204 2372 1322 2407 iniecit
1342 2373 1463 2417 religio
1485 2385 1590 2419 quae-

122 2417 202 2452 dam
224 2417 328 2452 animi
350 2429 416 2452 non
439 2418 637 2453 admittendi
660 2430 725 2453 nec
747 2418 902 2463 legendi,
932 2417 992 2451 sed
1026 2423 1128 2463 prout
1151 2417 1236 2452 alias
1256 2420 1290 2453 in
1312 2430 1352 2452 re
1373 2419 1474 2453 simili
1498 2421 1593 2452 sece-

124 2467 203 2504 nt,
230 2463 469 2508 inexplicatum
491 2465 561 2510 igni
583 2464 750 2499 tradendi.
796 2464 932 2498 tandem
954 2468 1067 2497 tamen
1089 2464 1133 2498 ad
1155 2464 1189 2498 id
1211 2465 1409 2500 audiendum
1438 2466 1517 2498 dum
1540 2464 1592 2499 le·

124 2515 265 2552 geretur
284 2510 454 2553 inductus,
476 2511 534 2545 ubi
558 2511 689 2545 audivit
710 2511 879 2544 dicentem
910 2509 1135 2554 patriarcham
1157 2522 1195 2544 se
1215 2511 1360 2553 iurasse,
1381 2512 1417 2545 in
1437 2510 1591 2545 solicitu-

123 2553 205 2588 dine
226 2555 292 2590 fnit
312 2557 470 2599 maxima,
494 2562 532 2591 et
553 2556 606 2591 rei
628 2556 788 2591 iudicium
811 2556 1009 2602 permittere
1029 2555 1207 2591 sententiis
1237 2557 1472 2602 episcoporum
1496 2555 1591 2599 cogi-

125 2599 235 2634 nbat.
281 2601 342 2636 sed
372 2603 471 2637 simul
502 2603 606 2638 etiam
628 2603 829 2637 recurrebat
858 2601 968 2636 animo
992 2601 1081 2635 hand
1103 2613 1181 2636 esse
1201 2614 1290 2637 nunc
1311 2607 1444 2647 tempus
1466 2612 1591 2646 oppor-

127 2649 244 2679 tunum
266 2646 476 2683 inchoandae
498 2649 549 2683 rei
569 2653 710 2691 tantae,
739 2648 838 2683 malis
868 2647 1017 2692 undique
1038 2647 1231 2692 ingentibus
1249 2649 1286 2683 in
1309 2660 1380 2682 rem
1404 2649 1590 2681 Romanam

126 2689 368 2742 ingruentibus.
414 2706 575 2740 quorsum
606 2695 693 2729 enim
723 2693 998 2728 communicanda
1027 2694 1195 2740 episcopis
1225 2700 1263 2728 et
1284 2705 1399 2728 eorum
1422 2693 1590 2727 delibera-

129 2735 277 2789 boqibm
298 2739 537 2775 committenda
558 2740 774 2775 abdicatione
793 2741 860 2775 ista
882 2751 969 2774 novo
986 2750 1026 2773 se
1047 2750 1090 2774 ao
1110 2742 1312 2785 permolesto
1332 2739 1512 2773 intricaret
1532 2750 1594 2772 ne-

129 2785 241 2824 gotio,
271 2793 346 2818 cum
378 2785 609 2832 undecumque
639 2787 843 2822 obrueretur
876 2785 1020 2832 trepidis
1042 2786 1195 2831 quotidie
1218 2785 1346 2821 nuntiis
1366 2784 1594 2820 indicantibus
