1820 3112
323 129 401 172 DE
433 125 769 171 ANDRONICO
802 123 1177 169 PALAEOLOGO
1211 123 1260 166 L.
1294 121 1370 168 lII.
1474 121 1575 167 277

107 243 201 301 πρὶν
223 245 358 293 καλῶς
381 242 448 285 καὶ
472 244 677 298 φανῆναι,
715 240 783 282 καὶ
810 242 934 282 τοῦτο
953 238 1017 281 ἐπὶ
1038 238 1131 281 δυσὶ
1151 238 1219 280 καὶ
1240 237 1347 295 τρισὶ
1368 236 1484 280 παισὶ
1507 236 1574 293 γε’-

104 329 235 370 your.
304 311 389 354 ἐπεὶ
421 310 466 353 δὲ
488 311 555 352 καὶ
584 307 610 363 ἦ
635 311 768 358 νεᾶνις
798 305 904 362 αὕτη
936 305 1181 362 ἄπεγεννᾶτο
1198 307 1267 349 καὶ
1286 303 1422 364 φόβος
1444 305 1575 356 δεινὸς

106 376 157 437 ἦν
189 380 258 423 καὶ
294 381 385 437 περὶ
414 377 547 435 αὐτῇ,
594 381 677 420 τῶν
714 393 778 426 τις
811 379 1012 432 γυναικῶν
1046 375 1270 431 ἐμπείρων,
1313 374 1401 429 ἅμα
1432 375 1479 417 δέ
1505 376 1574 416 καὶ

106 453 289 504 σεμνῶν,
327 447 483 502 βουλὴν
516 443 683 502 εἰσάγει,
717 444 821 500 πλὴν
854 443 930 499 τὴν
960 441 1125 499 συνήθη
1153 447 1345 495 πολλοῖς,
1386 441 1494 486 καθ’
1520 441 1572 498 ἢν

71 518 159 573 5δὴ
196 517 263 560 καὶ
290 513 484 568 σώζοιντο
515 514 569 557 τὰ
595 510 839 569 γεννήματα.
921 514 989 554 καὶ
1027 509 1052 566 ἦ
1084 509 1240 566 βουλή,
1290 508 1448 561 εῗκόνας
1484 516 1568 554 τῶν
1591 525 1624 560 D

104 581 367 642 προυχόντων
384 585 426 627 ἓν
443 580 687 632 ἀποστόλοις
704 579 862 625 δώδεκα
880 578 1115 635 στήσαντας
1133 580 1285 636 κηρούς
1302 578 1509 635 ἷσομήκεις
1527 597 1571 624 τε

105 655 173 697 καὶ
202 650 490 707 ἵσοστάθμους
518 653 585 695 καὶ
605 650 683 706 ἅμ’
703 649 910 706 ἡμμένους
937 648 999 692 ἄν’
1023 646 1199 704 ἑκάστην
1230 646 1468 704 πήξασθαι,
1502 650 1572 691 καὶ

103 721 204 780 ὖπέρ
233 726 309 765 τοῦ
349 723 492 765 νεωστὶ
521 718 786 777 γεννηθέντος
817 715 1004 761 ἱκετεύειν
1038 715 1305 772 ψάλλοντας,
1351 717 1570 773 ἕπε’χοντας
1592 733 1622 767 p
1648 733 1713 769 138

103 791 179 847 τὴν
198 789 319 846 εὐχὴν
335 790 454 845 μέχρι
474 790 540 832 καὶ
572 788 702 844 αὐτῆς
731 788 783 843 δὴ
802 791 877 843 τῆς
908 788 952 829 ἐκ
988 790 1063 830 τοῦ
1085 787 1216 843 πυρὸς
1233 790 1316 830 τῶν
1336 791 1472 842 κηρῶν
1490 787 1569 828 δα-

51 872 97 907 10
107 856 345 915 πανῆσεως,
383 860 450 902 καὶ
471 856 543 916 ἐφ’
567 851 615 901 οὗ
641 857 692 913 δὴ
714 854 735 900 ὅ
760 853 1063 912 περιγενόμενος
1082 859 1163 898 τῶν
1182 854 1318 898 ἄλλων
1337 855 1437 905 τέως
1455 854 1570 912 ἄφα-

104 929 329 972 melissum
350 925 447 982 ἵστη
461 959 474 979 ,
512 923 661 970 τοῦτου
682 926 748 968 καὶ
770 924 955 979 τοῦνομα
974 929 1026 982 τῇ
1049 923 1249 980 ἆρτιγενεῖ
1274 925 1473 967 τίθεσθαι
1495 927 1571 967 τοῦ

101 1003 296 1054 περιεῖναι
315 995 472 1038 κάκεῖνο
491 992 799 1052 φυλαττόμενον
821 994 948 1037 ἕνεκα.
1022 991 1043 1036 ὃ
1067 993 1117 1047 δὴ
1138 994 1204 1035 καὶ
1224 993 1357 1050 γέγονε
1378 990 1470 1036 τότε
1487 997 1572 1045 βα-

102 1065 245 1115 σιλέως
272 1061 603 1118 προστάξαντος,
640 1064 707 1106 καὶ
737 1067 795 1122 τῷ
823 1063 980 1116 Σίμωνι
1010 1059 1175 1119 ὃκηρός
1192 1062 1459 1114 εἰέλὲλειπτο,
1497 1062 1564 1104 καὶ
1587 1071 1618 1106 Β

100 1134 281 1189 Σιμωνὶς
313 1131 341 1190 ἦ
375 1132 587 1190 ἅρτιγενὴς
617 1129 878 1189 παρωνύμως
902 1128 1085 1187 ἐκλήθη,
1131 1130 1206 1187 τὴν
1240 1130 1467 1187 ὀνομασίαν
1492 1134 1569 1174 τοῦ

32 1213 89 1248 -15
100 1199 333 1246 ἀποστόλου
354 1203 411 1252 εἷς
428 1202 617 1258 φυλακὴν
636 1201 834 1259 φέρουσα.

237 1271 317 1316 33.
390 1268 497 1313 Τότε
527 1271 665 1314 τοίνυν
698 1271 765 1312 καὶ
778 1267 931 1325 χειμών
958 1264 1183 1326 ἐφειστήκει
1216 1267 1289 1309 καὶ
1307 1263 1517 1322 χειμώνων
1538 1265 1564 1311 ὅ
1585 1278 1615 1313 C

98 1338 313 1395 μέγιστος,
363 1340 430 1382 καὶ
458 1341 541 1382 τῶν
569 1339 756 1389 ἐξαισίων
765 1371 778 1390 ,
827 1339 894 1380 καὶ
921 1336 967 1381 ὃν
998 1339 1097 1380 ἰδεῖν
1116 1353 1180 1379 πω
1203 1337 1272 1378 καὶ
1290 1334 1569 1392 γηράσκω-σιν

99 1406 295 1462 οὖδαμῶς
314 1406 521 1464 ἐξεγένετο.
588 1404 691 1463 τόση
710 1406 787 1464 γὰρ
808 1405 909 1462 χιὼν
933 1405 1249 1460 ἓπεστοΙβαστο,
1289 1402 1346 1455 ὥς
1366 1408 1567 1460 κλεισθῆ-

98 1514 202 1548 aegre
224 1502 420 1549 imperatori
442 1505 557 1538 fuerat
578 1503 733 1538 subtrahi
756 1502 914 1548 praecoci
937 1502 968 1536 ei
991 1503 1063 1537 sato
1085 1501 1250 1536 femineos
1271 1502 1383 1543 fetus,
1419 1501 1456 1535 in
1489 1500 1573 1546 ipsu

96 1549 214 1584 statim
236 1549 401 1584 extinctos
423 1554 512 1584 ortu.
559 1557 737 1595 postquam
761 1561 843 1594 ergo
863 1549 899 1582 id
922 1549 1044 1584 iterum
1068 1553 1104 1582 et
1125 1547 1241 1591 tertio,
1253 1547 1396 1582 totidem
1420 1546 1569 1581 elatione

95 1601 313 1641 praematura
335 1601 488 1630 natarum
512 1595 582 1642 ipsi
605 1607 626 1630 e
647 1595 791 1639 coniuge
809 1595 1008 1641 puellarum,
1032 1605 1167 1640 passum
1188 1605 1227 1628 se
1241 1593 1452 1628 Andronicus
1474 1592 1564 1627 baud

94 1641 229 1676 modico
260 1640 376 1675 dolore
407 1641 626 1683 meminerat,
657 1646 809 1676 metuens
838 1641 872 1675 in
906 1641 971 1675 hac
999 1652 1134 1686 quoque
1167 1644 1290 1685 quarto
1320 1639 1413 1673 edita
1443 1638 1562 1673 uxoris

94 1692 197 1732 partu
221 1686 359 1721 similem
383 1688 601 1722 acerbitatem
625 1699 724 1722 casus
744 1686 883 1730 infesti,
909 1687 1056 1721 libenter
1078 1687 1211 1731 accepit
1232 1685 1406 1719 consilium
1430 1696 1451 1718 a
1475 1695 1561 1730 qua-

95 1732 174 1766 dam
195 1733 380 1767 venerabili
402 1738 439 1767 et
461 1734 575 1767 talium
598 1733 782 1777 experienti
814 1737 968 1767 matrona
990 1738 1198 1776 suggestum.
1246 1732 1331 1765 haec
1360 1730 1469 1765 suasit
1491 1731 1562 1763 An·-

95 1782 195 1822 gusto
218 1789 288 1812 rem
311 1790 375 1813 usn
399 1785 594 1824 compertae
617 1791 638 1814 a
659 1778 774 1813 multis
803 1778 839 1812 in
871 1779 947 1825 pari
970 1778 1166 1812 calamitate
1187 1777 1368 1818 utilitatis,
1402 1786 1560 1809 successu

95 1827 213 1858 secuto
234 1823 387 1858 vitalium
409 1825 460 1859 sic
481 1825 746 1867 reddendorum,
781 1824 839 1869 qui
871 1825 964 1869 prius
986 1823 1155 1870 praemori
1179 1823 1356 1862 solebant,
1389 1826 1561 1866 partuum,

95 1868 250 1903 nimirum
270 1874 310 1903 ut
332 1871 458 1904 circum
480 1870 597 1905 ordine
621 1871 674 1904 dis
719 1870 754 1904 ni
776 1874 914 1904 curaret
933 1870 1098 1914 imagines
1120 1868 1299 1914 primorum
1324 1866 1454 1900 Christi
1476 1877 1562 1912 apo-

96 1913 258 1948 stolorum
280 1915 476 1958 duodecim;
505 1916 655 1960 singulos
674 1883 797 1950 inarum
821 1916 942 1961 cuique
964 1927 1081 1950 cereos
1103 1915 1263 1956 adderet,
1293 1912 1387 1957 paris
1409 1912 1500 1945 inter
1522 1922 1561 1945 se

96 1970 211 1993 omnes
233 1960 393 2004 ponderis
414 1966 451 1994 et
471 1961 692 2005 longitudinis
715 1967 835 1996 exacte
856 1961 999 1995 invicem
1022 1961 1216 2000 dimensae;
1246 1959 1308 1992 has
1339 1968 1456 1991 sacras
1487 1957 1561 1992 ico-

95 2015 158 2039 nes
181 2007 217 2038 et
241 2004 294 2039 bis
316 2006 489 2050 appositas
514 2007 671 2042 candelas
692 2006 877 2052 imperaret
900 2007 932 2040 ei
955 2007 1029 2040 loco
1052 2006 1177 2039 circum
1198 2014 1358 2038 accensas
1381 2002 1498 2045 statui,
1522 2002 1558 2037 in

96 2061 164 2096 quo
188 2050 274 2084 certi
295 2051 443 2085 homines
475 2056 612 2086 orantes
644 2064 706 2098 pro
741 2063 862 2086 reeens
888 2056 969 2086 nata
991 2051 1139 2097 puellula
1160 2051 1306 2096 psalmos
1330 2051 1366 2083 et
1385 2048 1558 2094 supplico.-

95 2096 223 2130 tionum
246 2095 282 2129 id
305 2107 411 2140 genus
434 2097 594 2131 formulas
624 2096 810 2131 continenti
840 2101 978 2132 eatenus
1001 2095 1179 2131 devotione
1199 2095 1416 2141 pronuntiare
1436 2106 1558 2140 perse-

93 2144 274 2183 verarent,
306 2141 417 2187 quoad
441 2142 583 2186 depasta
604 2142 684 2187 igne
714 2148 908 2176 cunctorum
933 2153 1011 2177 cera
1032 2142 1194 2175 funalium
1215 2141 1302 2175 haec
1323 2140 1454 2186 pariter
1478 2140 1555 2174 uni-

92 2198 195 2222 versa
234 2187 349 2221 lucere
382 2187 571 2222 desiissent.
628 2189 871 2222 observandum
907 2191 1019 2221 antem
1051 2198 1184 2221 cereum
1219 2198 1318 2232 quem
1350 2190 1554 2232 postremum

94 2233 307 2276 contingeret
329 2232 471 2277 absumi,
497 2240 533 2267 et
555 2233 629 2268 eius
653 2233 762 2268 sancti
785 2233 930 2278 apostoli
954 2233 1049 2267 cuius
1071 2233 1190 2266 fuisset
1216 2232 1353 2277 imagini
1374 2232 1554 2266 adiunctus

94 2278 163 2314 iste
193 2290 276 2324 prae
308 2279 455 2313 caeteris
484 2279 586 2313 vivax
618 2290 760 2322 cereus,
792 2290 912 2313 nomen
944 2278 1114 2324 puppulae
1142 2277 1339 2312 indendum:
1374 2278 1436 2312 tali
1466 2277 1555 2312 enim

93 2323 214 2366 omine,
238 2324 287 2358 uti
309 2325 450 2370 pignore
470 2324 551 2359 inde
574 2325 724 2359 adfuturi
754 2323 954 2369 patrocinii,
988 2323 1121 2368 sperari
1143 2324 1271 2369 prolem
1291 2324 1380 2358 banc
1401 2323 1555 2369 superio·

93 2380 168 2403 rum
189 2369 279 2404 tristi
302 2371 487 2406 conditioni
517 2371 724 2406 eximendam
748 2369 1063 2416 provehendamque
1083 2369 1219 2404 innoxie
1240 2370 1276 2405 iu
1307 2369 1431 2404 aetatis
1456 2369 1553 2404 adnl-

93 2418 153 2448 tae
173 2416 420 2452 salubritatem.
466 2429 508 2451 ea
530 2429 604 2451 cum
627 2421 742 2451 essent
764 2422 844 2450 tunc
867 2422 945 2450 acta
966 2415 1105 2450 iubente
1126 2415 1343 2462 imperatore,
1365 2419 1400 2450 et
1423 2414 1554 2449 cunctis

92 2464 266 2506 superstes
289 2462 411 2497 ardere
431 2462 567 2497 ultimus
589 2465 758 2497 cessasset
779 2462 933 2495 admotus
956 2461 1063 2495 sancti
1089 2461 1234 2506 apostoli
1253 2461 1399 2496 Simonis
1418 2459 1555 2505 imagini

94 2517 233 2550 cereus,
256 2519 376 2542 nomen
397 2508 476 2543 inde
501 2509 634 2554 puellae
656 2507 820 2542 Simonidi
843 2509 969 2541 sactum
1000 2510 1075 2550 est3
1106 2507 1286 2553 evenitque
1312 2507 1419 2541 litatis
1449 2505 1553 2546 votis,

94 2554 135 2584 ut
156 2556 299 2596 patrono
321 2552 471 2598 indigete
500 2559 698 2600 praestante
715 2553 889 2588 infantiles
913 2552 1062 2586 eluctata
1083 2551 1277 2588 debilitates
1297 2553 1416 2599 puberi
1439 2563 1479 2587 se
1500 2552 1552 2585 fe-

91 2594 205 2631 liciter
227 2598 322 2643 regia
338 2599 424 2634 baec
445 2600 557 2646 proles
579 2598 769 2635 admoverit
788 2597 1049 2633 adolescentiae.

113 2684 124 2694 ·
171 2642 241 2694 .33.
286 2644 355 2678 Hic
376 2656 479 2690 porro
500 2657 607 2680 annus
629 2657 696 2691 quo
716 2645 804 2680 inita
824 2647 877 2678 est
899 2655 975 2678 cum
997 2643 1091 2679 orale
1110 2643 1254 2679 Serbiae
1274 2643 1476 2684 conventio,
1498 2641 1551 2675 in-

94 2697 202 2730 sigms
222 2687 290 2721 fuit
309 2689 424 2734 rigore
445 2690 563 2726 hiemis
584 2703 650 2726 non
679 2691 786 2726 solum
806 2689 974 2731 maximo,
996 2689 1058 2724 sed
1079 2694 1127 2731 et,
1148 2693 1188 2724 ut
1208 2690 1260 2725 sio
1280 2690 1413 2736 loquar,
1434 2686 1554 2734 prodi-

95 2730 285 2774 giosissimo
306 2735 408 2770 facile
429 2737 572 2771 omnium
584 2763 596 2779 ‚
625 2739 794 2790 quotquot
822 2735 920 2770 annis
951 2739 1045 2769 retro
1065 2734 1171 2782 lapsis
1192 2740 1332 2782 possent
1351 2733 1476 2768 vidisse
1496 2743 1553 2766 re-

97 2776 232 2812 cordari
261 2779 320 2824 qui
348 2781 604 2828 longaevissime
635 2783 836 2818 senuissent.
881 2779 968 2817 tanti
1001 2779 1123 2818 nivium
1154 2792 1301 2828 aggeres
1328 2791 1433 2827 supra
1456 2789 1554 2814 omne
