1858 3126
53 583 57 586 ’
131 589 179 629 ΙΙ,
195 589 272 630 592,
289 588 321 621 5.
347 589 424 628 603,
447 587 499 622 14.

576 159 761 207 INDEX
801 157 1154 204 HISTORIGUS.

138 275 254 309 fmus
275 270 389 306 Vecoo
413 267 628 316 patriarchae
652 267 680 309 1,
703 268 783 310 479,
805 267 840 302 9.

135 321 297 365 procurat
321 315 535 370 ‘promulgari
585 314 750 348 novellam
796 313 841 348 de

135 370 330 443 sagacius
344 361 684 440 Mllefflbgsssamm
703 407 841 449 satrapa

134 453 170 487 in
194 452 376 488 Catelanos
399 451 550 497 perfidus
566 451 610 493 ΙΙ,
626 451 706 491 591,
726 452 755 483 1.
803 460 840 483 se

132 498 174 532 iis
188 501 311 543 purgat
323 497 371 531 ib.
391 498 433 531 15
449 508 524 541 sqq.
582 497 618 529 in
633 495 745 528 Asiam
765 499 838 528 tra-

132 543 238 578 iectus
254 545 328 576 cum
341 542 544 586 imperatore
562 546 711 574 tractare
726 540 839 584 pergit

546 585 730 632 persuadet
752 586 837 619 Per-

131 634 180 668 sis
202 638 241 667 ut
254 634 486 676 Amogabaros
506 632 662 666 deserant
685 631 731 670 11,
754 631 836 671 631,

131 679 377 765 fflaetssraditus
398 677 619 723 Amogabaris
640 687 766 722 poenas
778 675 839 709 dat

179 751 326 803 lmm’nar
368 768 553 813 Nicephori
595 767 757 812 despotae
793 766 837 799 F.

132 813 293 848 nichasii
313 813 493 847 Andronici
523 814 565 848 F.
588 824 709 860 sponsa
733 812 837 845 offer-

133 865 192 893 tur
213 859 266 901 ΙΙ,
291 861 380 902 200,
407 861 450 894 17
473 870 548 903 sqq.
613 870 676 892 eae
699 857 837 902 nuptiae

132 905 178 938 ab
201 905 365 950 episcopis
400 909 539 949 propter
563 903 837 944 consanguinita-

131 955 199 983 tem
229 961 295 984 non
325 949 542 983 admittuntur
578 950 630 990 11,
661 950 742 990 201,
778 950 834 982 11.

130 994 289 1074 1{hilippo
314 995 404 1039 regis
434 994 578 1040 Apuliae
601 994 716 1039 nepoti
741 993 837 1027 nubit

164 1065 176 1083 ,
199 1042 278 1083 202,
301 1040 335 1074 3.

174 1084 291 1118 Iudaei
306 1084 348 1118 ad
363 1085 526 1119 carnificis
541 1083 756 1118 ministerium
773 1082 836 1117 ad-

128 1129 238 1164 hiberi
261 1130 351 1163 soliti
373 1131 418 1173 ll,
443 1131 521 1173 229,
541 1132 573 1165 1.

127 1175 398 1255 ulnassstgniangns
423 1186 508 1222 pons
532 1186 636 1221 super
658 1173 835 1218 Sangarim

163 1246 331 1299 ’lanionia
346 1265 512 1299 Arabibus
524 1264 612 1300 dicta
623 1263 834 1306 Nicomedia,

128 1313 166 1345 et
176 1310 271 1344 Iznic
283 1310 414 1344 Nicaea
428 1311 475 1354 11,
493 1311 572 1346 831.

173 1366 282 1401 Kanis
318 1367 552 1401 Tocharorum
592 1366 744 1400 Cazanes
786 1364 832 1407 11,

127 1411 207 1454 456,
237 1414 292 1447 11.
338 1412 372 1446 id
395 1413 594 1447 vocabulum
619 1411 786 1445 diversum
811 1421 834 1443 a

128 1457 245 1490 Chane
259 1457 304 1495 ΙΙ.
321 1459 400 1492 689.
510 1454 514 1460 ’

171 1501 299 1536 Kublai
304 1502 513 1547 Mogulensis
521 1503 704 1548 imperator
711 1501 754 1542 ΙΙ,
765 1500 833 1535 814

170 1558 320 1594 Lucem
342 1559 465 1604 primus
486 1559 520 1593 in
542 1558 672 1594 moenia
688 1557 832 1603 Cpoleos

127 1605 283 1638 escendit
297 1604 326 1645 Ι,
345 1605 420 1647 142,
439 1606 492 1638 18.

170 1649 346 1683 Lachanas
368 1662 389 1684 e
412 1650 550 1683 subulco
571 1649 614 1682 fit
636 1648 707 1682 dux
734 1659 832 1681 exer-

126 1693 214 1727 citus
228 1694 258 1736 Ι,
271 1694 350 1734 430,
371 1696 424 1730 18.
472 1695 726 1728 Constantinum
749 1693 832 1726 Bul-

125 1738 245 1782 gariae
259 1749 371 1781 regem
386 1740 511 1784 victum
525 1740 651 1774 occidit
661 1740 688 1779 I,
705 1739 782 1778 432¹,
798 1740 830 1775 8.

126 1783 238 1816 Maria
265 1783 336 1816 eius
375 1783 477 1817 vidua
514 1786 548 1817 in
590 1785 830 1819 matrimonium

127 1828 228 1862 ducta
237 1833 416 1861 coronatur
426 1840 486 1862 rex
494 1829 674 1871 Bulgariae
683 1830 709 1869 1,
718 1829 795 1866 441,
807 1830 829 1862 9

126 1883 200 1917 sqq.
214 1873 357 1906 crudelis
366 1873 399 1905 in
408 1873 559 1916 captivos
570 1873 598 1914 Ι,
610 1871 689 1911 445,
702 1874 745 1906 10
754 1883 830 1916 sqq.

125 1917 291 1951 rebellant
305 1917 338 1950 in
354 1929 428 1950 eum
438 1918 575 1960 Bulgari
595 1917 731 1960 eiusque
745 1927 829 1949 uxo—

126 1974 197 1996 rem
206 1962 492 1996 deduntRomanis
500 1963 526 2000 Ι,
535 1963 613 2002 446,
628 1961 679 1995 14.
695 1961 830 1994 'I'erno-

125 2008 204 2042 bum
219 2007 350 2040 obsidet
363 2007 397 2048 1,
412 2008 491 2049 466,
507 2008 540 2042 3.
586 2007 754 2039 Romanos
777 2005 828 2039 bis

126 2052 232 2086 vincit
245 2051 291 2086 ib.
303 2053 337 2086 9.
355 2053 495 2097 supplex
506 2064 526 2084 a
535 2053 636 2095 Noga
645 2051 829 2084 trucidatur

124 2097 173 2131 ib.
199 2098 245 2131 20
269 2108 343 2141 sqq.
396 2097 683 2130 Pseudolachanas
707 2095 829 2127 fraude

126 2142 337 2185 deprehensa
356 2142 390 2173 in
407 2151 573 2174 carcerem
594 2137 769 2174 coniicitur
783 2139 827 2180 11,

127 2187 204 2228 188,
222 2185 266 2220 14
280 2196 354 2230 sqq.
381 2187 455 2228 192,
473 2185 505 2219 4.

168 2230 338 2263 Laminses
362 2230 428 2263 dux
453 2230 629 2264 Persarum
654 2229 745 2263 bello
773 2228 827 2262 in-

123 2275 229 2309 festat
242 2275 315 2308 loca
326 2275 425 2319 Cpoli
437 2275 623 2309 adiacentia
636 2274 682 2314 II,
698 2275 776 2317 316,
793 2275 826 2308 9.

169 2320 291 2362 laqueo
322 2331 399 2353 reos
436 2320 646 2364 strangulare
667 2319 827 2352 Italorum

123 2375 190 2399 non
207 2366 414 2399 Graecorum
434 2365 535 2399 moris
551 2365 598 2407 Π,
614 2364 691 2408 425,
714 2365 767 2399 18.

167 2410 302 2444 Lardea
338 2421 399 2444 arx
442 2411 485 2444 ab
528 2408 825 2456 Osphentistlilabo

123 2455 250 2488 mnnita
262 2455 308 2497 11,
323 2457 401 2497 558,
426 2456 467 2490 19
482 2467 557 2500 sqq.

166 2499 279 2534 Latini
304 2500 403 2545 Cpoli
429 2501 596 2545 pelluntur
619 2500 647 2542 Ι,
672 2499 747 2543 144,
770 2500 825 2533 11.

146 2545 251 2578 roelio
278 2546 389 2579 navali
414 2557 435 2578 a
462 2545 620 2580 Romanis
649 2545 827 2579 vincuntur

175 2589 254 2632 334,
277 2591 310 2624 8.
356 2590 487 2624 admissi
513 2592 555 2626 ad
571 2590 827 2625 communionem

123 2643 210 2677 pace
221 2635 433 2668 ecclesiarum
443 2637 533 2670 sacta
556 2637 582 2678 1,
595 2637 673 2678 399,
693 2636 736 2670 17
750 2646 825 2679 sqq.

123 2688 237 2711 eorum
261 2679 373 2713 clades
396 2679 439 2713 ad
460 2681 663 2725 Bellagrada
691 2680 725 2722 Ι,
747 2680 826 2720 508,

121 2723 145 2755 4
155 2732 229 2766 sqq.
277 2724 367 2769 capti
380 2724 414 2758 in
428 2725 595 2770 triumpho
609 2727 776 2760 ducuntur
791 2728 827 2759 et

123 2768 250 2802 carceri
274 2769 503 2814 mancipantur
521 2771 559 2815 1,
575 2771 663 2813 515,
682 2772 726 2806 17
745 2781 821 2815 sqq.

1494 157 1591 206 891

927 267 1042 302 Laura
1056 266 1149 300 locus
1162 264 1192 307 1,
1207 264 1288 310 414,
1303 267 1339 299 4.

928 314 1082 347 Lazarus
1103 310 1298 346 Gorionites
1320 312 1520 344 excaecatus
1536 311 1590 346 in-

884 363 994 392 terest
1030 356 1210 392 conventui
1255 355 1508 400 Atramyffiensi
1546 357 1593 398 11,

884 405 940 445 59,
967 404 1021 438 14.
1067 407 1207 436 vocatur
1229 403 1273 436 ab
1296 401 1489 435 Andronico
1510 402 1592 447 imp.

883 449 928 483 ad
945 449 1144 494 colloquium
1158 452 1355 481 nocturnum
1375 447 1421 489 ΙΙ,
1437 447 1517 487 354,
1535 449 1593 482 14.

928 495 1035 539 legati
1050 493 1226 528 Michaelis
1250 493 1330 537 imp.
1351 492 1396 526 ad
1419 503 1540 538 papam
1563 492 1593 535 1,

885 542 960 581 168,
988 542 1041 575 14.
1072 540 1151 582 209,
1177 540 1230 573 16.
1253 539 1330 579 384,
1359 540 1414 573 10.
1450 538 1530 580 505,
1554 539 1592 573 7.

882 586 927 619 ad
953 585 1126 619 Tocharos
1149 587 1183 618 et
1196 583 1380 627 Aethiopes
1402 583 1431 622 Ι,
1457 583 1534 625 174,
1554 584 1590 618 3.

883 631 926 664 ad
946 642 1059 675 regem
1075 629 1268 664 Pannoniae
1290 629 1318 672 Ι,
1341 629 1420 670 317,
1445 630 1499 663 14.
1545 629 1590 663 ad

882 677 1004 710 cralem
1021 676 1162 710 Serbiae
1184 675 1211 716 Ι,
1237 674 1316 715 351,
1336 676 1369 708 1.
1414 673 1459 707 ad
1473 685 1589 718 regen

881 722 1048 756 Franciae
1070 722 1098 764 Ι,
1121 722 1209 761 361,
1232 719 1266 756 5.
1321 730 1431 763 papae
1456 719 1500 754 ad
1522 719 1592 753 im·

881 772 1074 812 peratorem
1098 767 1126 811 Ι,
1154 766 1242 807 369,
1267 765 1300 799 9.
1325 765 1403 806 398,
1425 764 1460 799 4.
1515 766 1590 799 An-

881 812 1008 846 dronici
1029 813 1108 856 imp.
1134 811 1175 845 ad
1193 822 1237 856 pa
1261 820 1313 844 am
1326 809 1453 843 infecta
1475 821 1516 844 re
1529 822 1589 844 re—

882 858 985 892 deunt
1002 858 1045 900 ΙΙ,
1060 858 1139 898 243,
1155 858 1189 892 7.
1255 855 1345 899 egat-i
1362 855 1509 899 gentium
1524 868 1589 890 ex·-

881 910 1023 937 terarnm
1064 903 1108 935 ab
1143 901 1399 946 imperatoribus
1432 901 1467 935 in
1498 901 1587 936 atrio

882 949 991 994 excipi
1013 948 1103 982 soliti
1127 947 1173 990 ΙΙ,
1202 947 1279 981 665.

925 995 1018 1037 leges
1040 993 1271 1026 Tocharorum
1294 1001 1475 1037 earumque
1495 990 1585 1026 lator

879 1039 905 1080 Ι,
928 1039 1006 1080 345,
1036 1039 1090 1075 16.

924 1084 1070 1118 Lemnus

878 1130 1214 1219 43sse39bmefecms
1238 1172 1516 1219 orphanotrophii
1534 1172 1585 1207 le-

877 1226 976 1265 gatus
992 1220 1034 1253 ad
1053 1220 1202 1252 Venetos
1216 1219 1262 1262 11,
1278 1219 1353 1260 243,
1369 1220 1403 1252 9.

923 1266 995 1300 Leo
1010 1265 1062 1298 ΙΙΙ
1077 1275 1166 1310 papa
1182 1275 1247 1297 non
1273 1264 1419 1297 admittit
1437 1263 1584 1298 additio-

878 1322 951 1345 nem
970 1311 1011 1344 ad
1027 1310 1211 1353 symbolum
1227 1309 1392 1353 quoddam
1407 1310 1436 1350 I,
1458 1310 1538 1344 669.

922 1356 1096 1390 Leovitius
1118 1354 1316 1399 praedicens
1341 1366 1385 1388 ex
1406 1354 1585 1400 eclipsibus

878 1402 990 1435 futura
1006 1401 1164 1435 vanitatis
1180 1404 1313 1433 notatus
1328 1400 1357 1442 Ι,
1374 1401 1451 1435 719.

922 1446 1123 1480 Libadarins
1154 1445 1425 1490 protovestiarita
1448 1449 1483 1480 et
1497 1446 1584 1480 Sar-

878 1491 975 1525 dibus
1017 1493 1211 1536 praefectus
1246 1490 1406 1524 sollicitus
1445 1496 1586 1536 propter

876 1537 1091 1571 rebellionem
1125 1536 1400 1581 Philanthropeni
1434 1536 1480 1578 11,
1504 1538 1586 1578 220,

879 1584 933 1616 18.
980 1593 1052 1616 cum
1083 1581 1303 1615 Cretensibus
1335 1581 1378 1614 de
1407 1581 1478 1614 eius
1503 1592 1588 1628 pro-

877 1627 1002 1661 ditione
1025 1628 1097 1671 agit
1119 1627 1163 1669 11,
1183 1627 1263 1669 223,
1289 1627 1322 1660 8.
1370 1632 1485 1660 contra
1510 1638 1587 1661 eum

876 1672 970 1705 ducit
994 1673 1039 1715 Π,
1062 1674 1141 1714 226,
1167 1673 1201 1706 5.
1234 1683 1307 1705 eum
1329 1672 1496 1715 proditum
1518 1672 1585 1705 sibi

878 1718 970 1762 capit
984 1718 1030 1751 ib.
1044 1719 1095 1752 16.
1109 1717 1241 1750 Iudaeis
1257 1717 1502 1750 excaecandum
1513 1722 1587 1751 tra-

876 1763 925 1796 dit
944 1763 996 1802 11,
1021 1764 1099 1805 229,
1127 1765 1158 1797 1.
1206 1762 1250 1794 ob
1268 1773 1337 1794 rem
1353 1763 1439 1795 bene
1453 1766 1586 1806 gestam

876 1808 1057 1841 bonoribus
1074 1811 1215 1851 augetur
1229 1806 1273 1847 Π,
1288 1807 1367 1845 231,
1386 1808 1439 1841 17.

918 1853 1120 1896 logariastae
1149 1851 1248 1896 quale
1286 1851 1435 1885 officium
1463 1851 1509 1885 sit
1535 1851 1583 1896 11,

919 1942 1032 1975 Lucas
1054 1940 1156 1986 episc.
1174 1940 1350 1984 Bizyensis
1363 1941 1412 1982 11,
1426 1942 1505 1980 377.
1525 1942 1583 1977 11.

918 1986 1028 2019 Lucas
1045 1986 1255 2030 praepositus
1274 1986 1472 2020 monasterio
1482 1987 1580 2020 Pan-

873 2034 1033 2076 tepoptae
1050 2032 1093 2072 ΙΙ,
1111 2031 1186 2067 185.
1207 2032 1261 2064 12.

918 2076 1110 2109 Ludovicus
1121 2075 1283 2109 Cellotius
1294 2075 1450 2110 defensus
1460 2075 1489 2118 Ι,
1499 2076 1578 2111 613.

871 2119 1018 2198 Πίιᾶιόιίε
1044 2121 1177 2164 eclipsis
1201 2121 1276 2155 visa
1306 2131 1338 2156 a.
1379 2120 1458 2154 Chr.
1490 2121 1578 2156 1302

906 2190 916 2206 ‚
1001 2190 1012 2200 .

916 2218 1084 2252 Macarius
1108 2219 1270 2252 Columba
1292 2225 1469 2254 accusatus
1492 2232 1575 2266 per-

871 2263 1046 2297 duellionis
1071 2276 1196 2308 poenas
1222 2264 1280 2297 dat
1296 2265 1323 2305 Ι,
1339 2266 1417 2306 489,
1434 2267 1468 2301 8.
1513 2279 1578 2302 ex-

872 2313 1029 2343 caecatus
1049 2308 1192 2343 interest
1209 2310 1386 2343 conventui
1401 2313 1576 2356 Atramyt-

870 2354 969 2387 tiensi
994 2354 1039 2394 11,
1067 2354 1122 2398 59,
1151 2354 1207 2389 14.
1265 2360 1405 2388 vocatur
1434 2357 1476 2390 ab
1502 2359 1575 2391 An-

871 2399 1007 2432 dronico
1031 2398 1109 2444 imp.
1141 2399 1185 2432 ad
1213 2399 1412 2445 colloquium
1434 2406 1576 2436 noctur-

871 2455 947 2478 num
965 2443 1010 2485 11,
1026 2445 1105 2485 354,
1122 2445 1175 2479 14.

915 2489 1084 2522 Macarius
1098 2489 1197 2534 episc.
1222 2489 1366 2523 Pisidiae
1380 2490 1408 2531 Ι,
1425 2491 1502 2531 267,
1520 2492 1576 2527 10.

915 2533 1085 2567 Macarius
1100 2534 1314 2568 Achridensis
1329 2535 1498 2569 benedicit
1512 2547 1577 2569 nu-

870 2578 951 2624 ptiis
967 2578 1066 2612 erulis
1085 2591 1158 2612 eum
1176 2579 1346 2613 Simonide
1365 2580 1409 2622 ΙΙ,
1423 2579 1502 2622 Qfi,
1521 2582 1574 2618 19.

913 2623 1108 2657 Macbrama
1132 2623 1309 2658 Rontzerii
1341 2624 1435 2658 iussu
1467 2625 1574 2660 inter-

868 2669 980 2703 ficitur
993 2669 1040 2710 11,
1054 2669 1132 2711 437,
1147 2670 1179 2704 7.

912 2725 1093 2760 Macronus
1122 2725 1342 2760 cubicularius
1371 2730 1573 2762 excaecatus

867 2770 897 2814 Ι,
911 2772 990 2812 207,
1008 2770 1061 2805 14.

1093 1083 1261 1128 expilatur
1285 1092 1307 1116 a
1329 1081 1514 1116 Rontzerio
1539 1081 1587 1126 11,
