1858 3126
483 169 584 212 ΠΒ.
614 168 691 216 111.
761 168 1239 212 CHRONOLOGIGUS.
1480 169 1577 216 847

170 273 248 334 25⁸2}
287 273 447 335 ξιξῇζ-
469 273 632 334 ωιζζὴιξῑῦ·
676 275 771 315 bant
797 290 819 314 a
853 276 935 318 kal.
970 276 1051 315 Ian.
1083 276 1174 314 anni
1204 254 1399 329 sequentis
1434 278 1578 318 Christi

306 339 437 379 nuqua...
617 369 626 377 ,
679 334 799 380 1298,
827 337 979 383 reperta
1004 339 1094 370 sunt
1119 333 1262 384 scripta
1291 333 1338 370 ab
1355 332 1579 384 Athanasio,

292 373 438 432 Bssffim
470 370 627 399 Α’δωὼι
677 393 880 437 antequam
912 387 1175 437 patn'archatu
1202 388 1379 436 cederet,
1413 402 1577 440 compo-

155 444 259 483 1297
365 444 392 482 3
477 441 611 521 mig&
676 442 748 479 sita
773 448 810 480 et
827 442 1045 503 recondita,
1074 443 1213 494 quibus
1230 443 1431 481 anathema
1451 445 1577 482 intor-

524 501 540 519 c
615 511 623 519 .
914 498 923 505 ·
954 497 963 505 ·
1525 500 1534 507 ·

543 530 572 571 4
676 496 1579 606 323¹2'5b2‘13ssssss‘3542‘13:253513‘22‘5325'2‘33

675 613 814 646 ventus
841 607 924 659 ipse
950 609 1220 660 expatriarcha
1250 609 1479 648 Athanasius
1502 625 1579 648 no-

674 676 767 701 vum
778 663 967 714 scriptum
986 663 1108 713 dedit,
1126 678 1202 715 quo
1217 665 1282 702 illa
1295 666 1428 717 priora
1449 679 1580 704 emen-

675 717 790 756 dabat
807 725 873 756 aut
892 719 1108 759 revocabat.
1163 719 1192 760 l.
1211 723 1235 761 3
1254 735 1288 758 c.
1307 720 1373 763 24.

728 783 889 822 Ioannes
909 783 1164 823 Tarchaniota
1175 786 1347 825 mittitur
1363 799 1447 825 cum
1467 800 1579 826 exer-

679 839 764 877 citu
795 840 844 877 ad
878 839 1039 878 limitem
1068 841 1220 892 imperii
1246 841 1479 880 firmandum
1513 843 1582 880 ad-

673 908 808 932 versus
833 895 956 933 minas
984 902 1021 933 et
1046 895 1287 935 incursiones
1316 898 1583 937 Tocharorum

673 950 933 988 Triballorum
958 951 1166 990 Serborum
1188 959 1226 990 et
1245 954 1470 1000 Persarum3
1502 967 1580 1004 quo

674 1006 716 1043 in
734 1005 888 1056 negotio
917 1007 1128 1058 prudenter
1148 1013 1187 1046 et
1206 1014 1362 1047 strenue
1386 1016 1580 1048 versatur.

673 1062 702 1101 1.
718 1064 745 1103 8
766 1075 798 1099 c.
817 1062 880 1102 25.

733 1126 899 1165 michael
928 1127 1172 1165 Constantini
1203 1128 1295 1165 olim
1324 1130 1425 1179 regis
1442 1130 1583 1179 Balga-

676 1183 756 1221 riae
775 1187 813 1220 et
843 1183 987 1221 Mariae
1017 1183 1232 1221 Andronici
1261 1185 1516 1223 consobrinae
1531 1185 1583 1222 fi-

676 1238 751 1276 lius
776 1237 823 1275 ab
844 1237 922 1275 hoc
937 1239 1107 1276 mittitur
1124 1240 1171 1276 ad
1189 1241 1497 1290 recuperandum
1515 1254 1583 1292 pa-

676 1300 831 1331 ternum
843 1305 1022 1343 regnum:
1044 1293 1111 1331 sed
1123 1294 1292 1331 factione
1311 1295 1393 1332 illic
1406 1295 1583 1346 Osphen-

677 1347 856 1385 tisthlabi
887 1349 1155 1398 praevalente,
1196 1350 1379 1388 exclusus
1406 1351 1584 1389 Ternobo

680 1403 826 1440 circum
844 1409 958 1442 errat.
1014 1403 1045 1442 l.
1069 1407 1094 1444 3
1114 1417 1147 1441 c.
1165 1407 1231 1445 26.

738 1468 938 1507 Diluvium
958 1469 1174 1520 perniciose
1187 1469 1379 1508 inundans
1398 1482 1447 1507 ex
1462 1469 1587 1508 imbre

679 1522 894 1561 vehementi
918 1530 955 1562 et
985 1525 1124 1574 longo,
1162 1525 1224 1563 die
1250 1527 1303 1566 29
1339 1525 1504 1575 Augusti
1522 1539 1588 1562 ca-

680 1579 816 1628 dente,
845 1579 1003 1617 videtur
1022 1579 1098 1618 hoc
1114 1593 1215 1618 anno
1234 1580 1462 1630 contigisse,
1491 1594 1586 1619 nar-

682 1640 810 1671 ratum
839 1634 866 1671 1.
884 1637 909 1675 3
927 1645 961 1673 c.
978 1636 1046 1675 27.

657 1717 1583 1737 ——n———r—-fl—-ss———t———n

133 1771 137 1774 ”
163 1763 268 1806 1298
373 1763 399 1804 4
493 1760 621 1789 Andron.
742 1766 906 1804 Ioannes
945 1767 1131 1804 Lazornm
1184 1765 1364 1817 princeps
1407 1765 1588 1814 moritur,

486 1847 628 1875 Michael.
689 1821 918 1859 succedente
934 1821 991 1858 illi
1013 1821 1096 1858 filio
1116 1821 1264 1858 Alexio.
1319 1821 1345 1857 l.
1370 1822 1396 1861 3
1415 1833 1447 1857 c.
1467 1822 1532 1861 29.

559 1886 584 1926 5
742 1876 904 1912 Matrem
920 1874 1035 1912 huius
1051 1874 1259 1912 Eudociam
1277 1887 1297 1911 a
1317 1873 1393 1912 viri
1404 1879 1528 1911 morte
1538 1874 1587 1911 ad

690 1928 847 1967 fratrem
871 1929 1139 1966 Andronicum
1169 1929 1440 1980 imperatorem
1485 1942 1587 1979 pro-

688 1985 827 2021 fectam
844 1981 909 2020 hic
925 1984 1115 2022 collocare
1133 1984 1227 2022 crali
1246 1983 1401 2022 Serbiae
1433 1983 1587 2034 cogitat.

686 2038 713 2076 l.
732 2041 759 2080 3
780 2052 813 2078 c.
831 2041 896 2080 30.

741 2093 903 2130 Ioannes
919 2091 1066 2131 Veccus
1080 2092 1172 2130 olim
1183 2091 1404 2144 patriarcba
1423 2093 1587 2132 moritur

688 2148 729 2185 in
754 2161 905 2186 carcere
941 2148 1045 2199 apud
1070 2160 1193 2186 arcem
1225 2149 1263 2186 S.
1291 2148 1489 2199 Gregorii,
1517 2149 1587 2187 sub

688 2203 803 2240 finem
820 2201 958 2240 Martii.
1015 2203 1043 2242 l.
1066 2205 1090 2243 3
1113 2215 1145 2242 c.
1164 2205 1229 2243 29.

743 2256 917 2295 Eudocia
935 2257 975 2294 in
989 2257 1178 2295 viduitate
1194 2263 1361 2308 perstare
1377 2264 1480 2296 certa
1493 2271 1587 2295 cou-

690 2313 853 2350 nubium
875 2312 987 2350 cralis
1006 2312 1159 2350 Serbiae
1174 2319 1338 2351 recusat.
1385 2312 1415 2351 l.
1435 2316 1460 2354 3
1477 2327 1508 2351 c.
1520 2316 1585 2354 30.

747 2368 801 2406 Ea
819 2380 886 2418 spe
907 2367 1075 2405 deiectus
1102 2367 1346 2405 Andronicus
1364 2367 1589 2418 imperator,

694 2435 781 2460 cum
811 2422 1066 2460 necessarium
1100 2428 1254 2473 putaret
1282 2423 1478 2460 devincire
1515 2423 1587 2459 sibi

693 2478 834 2515 cralem
859 2476 1045 2514 affinitate
1070 2477 1225 2526 intima,
1254 2478 1450 2529 propriam
1471 2477 1586 2514 filium

690 2532 946 2580 Simonidem,
978 2545 1058 2569 non
1085 2532 1248 2570 multum
1280 2533 1439 2571 sexenni
1463 2531 1586 2568 maio-

688 2601 768 2626 rem
783 2616 796 2636 ,
826 2586 900 2638 ipsi
929 2585 1043 2624 offert
1063 2587 1104 2624 in
1129 2600 1319 2637 sponsam.
1373 2587 1399 2626 l.
1422 2590 1446 2627 3
1470 2599 1504 2624 c.
1525 2589 1590 2626 81-

743 2641 979 2693 Theophane
1006 2655 1116 2679 soror
1146 2642 1288 2680 Mariae
1315 2641 1490 2690 coniugis
1518 2641 1589 2678 Mi-

689 2698 832 2736 chaelis
847 2697 1010 2747 Augusti
1028 2696 1203 2744 iunioris,
1231 2696 1437 2734 Theodora
1458 2695 1589 2733 nomi-

688 2759 778 2792 nata
807 2752 850 2790 in
876 2751 1099 2791 memoriam
1133 2750 1265 2789 matris
1298 2749 1513 2789 Andronici
1534 2749 1588 2788 sic
