1820 3112
392 167 467 209 DE
501 165 835 210 ANDRONICO
865 163 1241 209 PALAEOLOGO
1275 165 1321 208 L.
1351 164 1406 209 Π.
1512 161 1608 209 145

140 279 188 323 δὲ
207 279 273 322 καὶ
292 278 396 335 παρ’
424 276 596 334 ἑκάτερα
627 275 784 334 στῆσας
820 278 871 321 τὰ
895 278 1038 334 ἀγαθὰ
1057 274 1421 333 μαρτυρήσοντας,
1458 276 1610 333 προσέ-

138 365 263 391 ταττε
292 348 417 404 λέγειν
444 348 619 397 ἐκείνους
649 347 675 390 ἃ
703 347 755 402 δὴ
781 349 848 389 καὶ
877 349 1090 390 συνοίδασι
1115 348 1205 402 περὶ
1227 345 1404 402 τάνδρὸς
1428 344 1601 396 ἑαυτοῖς.
1628 353 1658 388 Β

141 417 181 459 οἱ
201 418 246 459 δὲ
266 421 464 459 τοσοῦτον
490 420 679 466 πιθανῶς
705 415 839 471 ἔλεγον
852 447 866 468 ,
915 414 1207 471 προστιθέντες
1235 416 1302 456 καὶ
1332 413 1482 470 ὅρκους
1513 415 1612 464 τοῦς

141 486 206 527 3⁷1}
228 486 358 527 πίστει
380 488 455 528 τοῦ
473 484 674 539 βασιλέως
698 486 766 526 καὶ
797 484 849 539 δὴ
872 484 1051 533 καὶτοὺς
1075 481 1271 538 συνήθεις
1290 482 1465 536 ἄλλους,
1506 482 1612 526 ὥστε

109 552 364 607 5θαυμάσαι
396 554 470 606 μὲν
498 551 676 606 πάντας,
721 552 793 595 τὸν
825 553 873 595 δέ
898 570 940 609 γε
974 553 1102 609 μέγαν
1134 551 1363 608 ’λογοθέτην
1381 553 1447 594 καὶ
1469 555 1610 609 γραφῇ

142 623 287 665 δοῦναι
307 625 439 664 ταῦτα
460 626 693 676 πεισθῆναι.

282 691 359 735 15.
434 688 556 733 Οὕτω
586 689 638 746 δὴ
657 691 723 733 καὶ
745 688 856 739 ἅπαξ
875 689 941 730 καὶ
972 689 1034 738 δὶς
1054 687 1117 730 ἐπὶ
1137 691 1282 730 κοινῶν
1302 685 1508 738 evulgem
1530 692 1606 731 λα·
1630 701 1660 735 Α

141 757 355 812 ληθίντων
374 762 456 802 τῶν
474 757 571 801 κατ’
591 759 740 802 ἐκεῖνον
754 791 767 812 ,
805 757 939 812 ἐπειδὴ
964 756 1041 799 ἔδει
1064 758 1130 799 καὶ
1153 757 1265 812 παρὰ
1286 757 1488 811 βασιλέως
1507 775 1611 814 προ-

139 825 396 880 βάλλεσθαι,
431 825 756 881 ὑποτεμνόμενος
788 825 810 870 ὁ
843 829 1005 881 κρατῶν
1031 826 1165 884 ἐκείνῳ
1196 824 1267 868 τὸν
1296 823 1448 878 κόπον,
1486 827 1529 868 ἐν
1550 830 1611 884 τῷ

86 895 317 954 1ομεγίστῳ
344 897 531 955 παλατίῳ
560 896 664 938 κατὰ
696 895 769 938 τόν
796 893 1116 937 ’Ῑουστινιάνειον
1147 895 1376 949 τρίκλινον,
1414 893 1459 937 ὃν
1478 892 1500 937 ὅ
1520 895 1611 944 νέος

139 963 423 1014 Ἰουστινιανός
452 962 683 1019 ἓδομήσατο
715 964 877 1015 ἔξαιτον
895 962 995 1006 ὄντα
1016 964 1083 1005 καὶ
1106 962 1234 1018 με’γαν
1255 965 1321 1005 καὶ
1342 962 1608 1017 θαυμαστόν,

139 1032 299 1088 λε’χριον
330 1031 430 1075 ὄντα
461 1040 548 1083 τοῖς
577 1033 682 1076 κατὰ
710 1030 843 1082 πύλας
869 1034 1037 1074 εἰσιοῦσι
1066 1029 1240 1087 πρώτως
1258 1033 1325 1074 καὶ
1347 1031 1511 1075 ἄνωθεν
1535 1033 1610 1082 ἕως

140 1098 252 1143 κάτω
279 1098 497 1156 διήκοντα,
545 1100 735 1158 λαμπρὸν
764 1102 839 1156 μὲν
862 1102 1014 1155 τοίχοις
1039 1099 1229 1155 λαμπρὸν
1261 1099 1303 1143 δ’
1335 1098 1501 1157 ἐδάφει,
1541 1102 1609 1143 καὶ

139 1169 327 1226 περιττὸν
354 1169 401 1212 τό
428 1168 599 1223 κάλλος,
643 1170 688 1220 ὃς
710 1174 768 1229 τῷ
794 1167 931 1228 χρόνῳ
958 1170 1243 1225 παρεγκλιθεῖς
1265 1170 1328 1211 ἐπὶ
1351 1167 1513 1224 θάτερα
1535 1167 1606 1212 vd-
1630 1179 1660 1214 Β

86 1238 130 1275 15
142 1253 215 1280 του
234 1239 372 1290 βιαίου
389 1236 646 1289 πνεύσαντος
676 1237 848 1295 ὕστερον
875 1238 1142 1290 καταπίπτει,
1180 1235 1236 1287 ὥς
1252 1238 1358 1293 μηδὲ
1377 1240 1412 1279 εἰ
1432 1233 1482 1292 ἦν
1501 1237 1611 1288 οἶκος

141 1305 265 1348 ἐκεῖσε
292 1304 419 1348 πάλαι
452 1309 518 1350 καὶ
543 1314 629 1357 τοῖς
662 1309 794 1350 ἰδοῦσι
824 1308 1119 1363 γνωρίζεσθαι,
1147 1332 1199 1338 -——
1220 1306 1325 1348 κατὰ
1355 1311 1503 1349 τοῦτον
1522 1308 1611 1349 τοί-

139 1391 214 1416 νυν
236 1374 308 1416 τὸν
322 1377 546 1431 τρίκλινον,
584 1373 798 1430 ἱστάμενον
828 1373 945 1427 τότε,
986 1379 1059 1428 τῆς
1080 1371 1234 1425 τάξεως
1260 1377 1466 1431 γεγονυίας
1482 1392 1611 1431 μεγα-

139 1446 353 1498 λοπρεπῶς
382 1445 449 1485 καὶ
480 1442 536 1494 ὥς
569 1443 647 1487 ἔδει
665 1442 921 1499 πατριάρχην
939 1441 1229 1497 προβάλλεται.
1299 1442 1430 1493 εὐθύς
1445 1461 1487 1487 τε
1513 1441 1610 1487 κλό-

140 1527 212 1561 νος
242 1509 329 1554 οἶον
361 1512 612 1568 ἐπισημαίνει
643 1518 692 1571 τῇ
713 1518 787 1571 γῇ,
825 1515 892 1556 καὶ
921 1519 1018 1562 παῖς
1039 1529 1099 1562 τις
1119 1512 1224 1554 κατὰ
1243 1512 1318 1568 τὴν
1337 1512 1451 1555 Νέαν
1471 1512 1606 1556 πεσὼν
1630 1521 1659 1555 P
1682 1522 1728 1556 98

138 1619 266 1655 stitutis
289 1621 333 1655 iis
354 1621 412 1667 qui
434 1622 523 1656 bona
546 1622 589 1657 de
610 1622 796 1658 Athanasio
818 1622 1057 1665 testabantur,
1089 1621 1193 1656 iussit
1224 1622 1300 1656 illos
1323 1633 1412 1667 qnae
1436 1627 1610 1667 comperta

139 1667 184 1700 de
205 1666 262 1700 illo
284 1668 447 1702 haberent
469 1668 595 1703 dicere.
641 1669 675 1702 hi
706 1673 775 1703 tam
807 1669 945 1713 copiose
977 1681 1018 1703 ac
1047 1668 1276 1703 verisimiliter
1305 1668 1397 1702 illurn
1427 1668 1610 1713 praedica-

139 1717 230 1754 runt,
253 1713 408 1758 repetitis
430 1714 550 1756 etiam,
573 1715 697 1760 quibus
718 1715 783 1749 iam
807 1715 908 1748 fidem
932 1716 1048 1749 talium
1073 1717 1227 1758 Augusto
1250 1715 1416 1755 fecerant,
1438 1714 1609 1748 iuramen-

137 1758 196 1800 tis,
220 1763 257 1792 et
279 1759 440 1794 adhibitis
461 1760 536 1794 aliis
561 1761 678 1795 eodem
694 1787 705 1802 ‚
726 1761 849 1806 quibus
871 1761 972 1805 vulgo
996 1760 1047 1795 uti
1070 1772 1278 1794 consuevere
1299 1760 1357 1805 qni
1380 1760 1533 1794 studiose
1555 1759 1609 1793 di-

139 1809 220 1838 cunt
246 1804 289 1838 ad
313 1805 576 1850 persuasionem,
601 1807 797 1841 efficacibus
819 1807 990 1849 formulis,
1013 1807 1066 1840 ita
1088 1812 1230 1840 cunctos
1251 1806 1286 1839 in
1310 1805 1512 1840 sententiam
1533 1810 1609 1839 tra-

138 1855 274 1894 xerunt,
297 1856 337 1884 ut
357 1852 574 1886 Athanasium
598 1853 656 1898 qui
679 1854 824 1887 aderant
845 1865 908 1898 pro
931 1854 1006 1887 viro
1029 1853 1130 1898 plane
1152 1851 1293 1886 mirifico
1315 1852 1549 1895 suspicerent,
1573 1856 1610 1885 et

139 1906 281 1940 magnus
302 1897 474 1941 logotheta
495 1898 610 1932 induci
633 1910 670 1933 se
691 1899 820 1933 sineret
853 1899 899 1933 ad
931 1911 972 1934 ea
994 1910 1083 1945 quae
1105 1898 1150 1932 de
1171 1897 1228 1931 illo
1251 1897 1428 1942 splendide
1449 1897 1610 1931 sereban-

138 1947 196 1975 tur
220 1942 346 1986 scripto
370 1944 632 1988 complectenda.

235 1987 289 2022 15.
334 1988 373 2021 ln
405 1989 493 2022 hunc
521 1990 655 2023 modum
686 2001 760 2024 cum
791 1991 895 2025 semel
926 1994 964 2025 et
993 1990 1114 2024 iterum
1135 1988 1170 2022 in
1194 1987 1414 2022 conventibus
1435 1987 1541 2022 locuti
1563 1988 1608 2023 de

139 2032 321 2066 Athanasio
343 2034 487 2067 fuissent
512 2035 570 2080 qui
593 2035 625 2068 ei
647 2036 822 2075 favebant,
845 2048 909 2070 nec
929 2035 1109 2081 quidquam
1133 2034 1202 2068 iam
1225 2033 1412 2068 desiderari
1433 2034 1609 2069 videretur

139 2078 206 2112 nisi
227 2084 266 2111 ut
287 2083 356 2112 tam
380 2079 502 2122 (lignus
523 2080 612 2114 omni
635 2081 764 2115 honore
785 2081 839 2115 vir
869 2082 904 2115 in
927 2081 1131 2115 destinatum
1162 2079 1196 2113 ei
1218 2080 1373 2113 thronum
1397 2080 1441 2114 ab
1463 2079 1609 2126 impera-

139 2130 216 2158 tore
237 2130 513 2169 promoveretur,
542 2127 832 2170 compendifacere
863 2127 911 2161 illi
935 2130 1108 2170 Augustus
1138 2125 1225 2158 idem
1258 2126 1398 2160 studens
1420 2137 1545 2161 moram
1570 2131 1607 2162 et

139 2169 324 2204 molestiam
347 2170 383 2204 in
404 2171 513 2204 locum
536 2170 567 2204 ei
590 2172 753 2205 functioni
777 2172 911 2206 solitum
934 2172 1056 2212 eundi,
1078 2170 1302 2205 ceremoniam
1323 2171 1423 2205 istam
1446 2172 1522 2206 fieri
1543 2185 1606 2207 vo-

139 2215 203 2249 luit
225 2216 314 2261 apud
338 2227 493 2260 magnum
518 2217 679 2261 palatium
702 2217 736 2251 in
758 2218 904 2251 triclinio
926 2217 1146 2258 Iustiniana»,
1162 2217 1251 2262 quod
1264 2217 1471 2252 lastinianus
1490 2217 1605 2253 iunior

138 2266 366 2296 exstruxerat.
412 2264 490 2296 aula
514 2263 599 2296 baec
622 2268 676 2297 est
696 2263 850 2307 insignis,
865 2263 976 2304 ampla
998 2263 1208 2308 mirificeque
1229 2268 1360 2304 ornata,
1382 2263 1519 2310 oblique
1541 2276 1607 2310 ap-

138 2319 264 2362 parens
286 2308 412 2351 primas
434 2308 589 2353 protinus
614 2310 731 2342 valvas
759 2309 1000 2351 subeuntibus,
1030 2321 1051 2344 a
1082 2320 1208 2343 summo
1239 2308 1401 2353 fastigio,
1431 2310 1505 2345 sine
1534 2312 1605 2344 ulla

137 2354 397 2398 interpositione
419 2355 550 2389 mediae
572 2354 846 2398 contignationis,
868 2355 912 2389 ad
934 2355 1035 2389 imum
1057 2366 1124 2389 uno
1145 2354 1250 2388 ductu
1274 2355 1467 2400 pertinens,
1499 2356 1604 2391 muris

137 2399 218 2433 hinc
238 2398 318 2432 inde
338 2400 584 2444 speciosissime
606 2400 813 2442 incrustatis,
841 2404 951 2434 strato
973 2413 1107 2446 quoque
1129 2400 1203 2446 pari
1224 2401 1478 2446 magnificentia
1509 2402 1605 2446 pavi-

116 2448 249 2478 -mento
271 2445 472 2490 splendida,
494 2447 683 2491 elegantiae
707 2447 806 2492 plane
828 2446 1122 2492 incomparabilis3
1155 2446 1247 2491 quod
1269 2451 1390 2492 postea
1412 2448 1604 2483 aedificium

137 2495 313 2524 vetustare
342 2491 535 2526 inclinatum
566 2493 602 2526 in
632 2493 779 2534 ruinam,
809 2492 1092 2538 superingruente
1116 2491 1262 2538 denique
1292 2493 1327 2527 in
1360 2505 1499 2539 pronam
1522 2493 1604 2528 aevi

139 2547 263 2580 quassu
288 2541 417 2581 partem
442 2543 557 2572 austro
581 2539 787 2579 vehementi,
824 2539 1005 2583 procubuit
1026 2542 1143 2583 strage
1163 2538 1292 2583 ingenti
1316 2541 1518 2581 concidens,
1550 2540 1604 2573 ita

139 2586 179 2614 nt
201 2581 299 2615 hodie
319 2582 528 2618 intuentibus
549 2584 658 2618 locum
681 2596 724 2619 ne
744 2585 888 2629 vestigia
906 2584 1039 2629 quidem
1062 2590 1122 2618 aut
1142 2585 1304 2628 reliquiae
1324 2586 1529 2630 superstites
1551 2585 1606 2618 ul-

138 2626 262 2660 lins‘in
284 2639 325 2662 eo
348 2629 437 2670 solo,
471 2630 592 2664 nedum
614 2635 684 2665 tam
706 2630 846 2664 illustris
876 2635 1070 2664 structurae
1094 2630 1163 2664 illic
1185 2630 1262 2664 olim
1287 2640 1425 2666 erectae
1446 2630 1605 2665 indicium

138 2672 278 2706 faciant.
323 2673 359 2707 in
391 2675 455 2708 hoc
485 2687 567 2719 ergo
601 2681 682 2710 tunc
704 2681 818 2710 stante
840 2676 984 2710 triclinio
1007 2687 1156 2721 congrua
1178 2677 1239 2710 tali
1261 2677 1426 2711 functioni
1449 2676 1605 2720 magnifi-

138 2718 252 2752 centia
271 2720 509 2762 promotionem
531 2721 568 2755 in
592 2722 857 2766 patriarchatum
878 2721 1055 2756 Athanasii
1074 2725 1247 2767 Augustus
1268 2723 1466 2757 celebravit.
1513 2721 1606 2767 quod

138 2762 216 2796 fieri
239 2763 316 2797 dum
337 2764 525 2810 inciperet,
548 2769 698 2812 auspicio
720 2768 835 2802 statim
858 2768 948 2802 haud
971 2779 1136 2814 prospero
1159 2773 1256 2802 terra
1281 2780 1347 2802 non
1369 2769 1442 2802 sine
1466 2769 1606 2813 fragore

139 2809 365 2851 contremuit,
395 2817 432 2844 et
462 2823 548 2856 puer
579 2814 714 2857 quidam
744 2813 836 2848 circa
864 2814 976 2850 Neam
1007 2825 1152 2849 excussu
1186 2826 1348 2848 corruens
1382 2814 1538 2860 graviter
1561 2825 1604 2848 ex

195 2861 372 2906 Georgius
400 2863 627 2908 Pachymeres
655 2866 706 2900 ΙΙ.
1275 2866 1329 2904 10
