1774 3120
227 197 292 247 12
640 197 878 244 GEORGII
919 197 1272 243 PACHYMERIS

224 317 361 357 λοιντο
373 347 387 366 ,
424 313 487 356 ἐπὶ
503 311 730 367 Ῥωμαίους
755 309 888 369 ὅρμᾶν
906 312 978 354 καί
999 311 1044 368 γ’
1069 310 1258 366 ἑτοίμους
1286 313 1490 368 κειμένους
1509 315 1565 364 εἷς
1587 333 1691 372 προ-

224 383 356 438 νομὴν
375 379 543 437 ἀπάγειν
566 398 608 424 τε
628 382 696 423 καὶ
714 378 920 424 σκυλεύειν
939 381 1012 423 τὸν
1031 385 1150 438 σφῶν
1168 379 1322 436 τρόπον
1341 385 1408 426 καὶ
1430 380 1570 438 νόμον,
1607 403 1692 439 μη-

229 451 297 494 δὲν
326 450 502 505 μηδενὸς
532 451 837 507 φροντίζοντας.
908 454 968 508 τῷ
995 467 1058 492 τοι
1089 452 1155 492 καὶ
1177 450 1267 500 νέος
1290 449 1387 494 &vo
1410 449 1688 509 ὗπολειφθείς,

226 518 299 573 ἕτη
330 518 502 574 γεγονὼς
533 519 715 574 τέσσαρα
744 517 847 575 πρὸς
872 525 958 567 τοῖς
988 518 1113 561 εἴκοσι
1133 516 1343 574 τηνικάδε,
1378 519 1483 577 πρὸς
1501 525 1689 564 τοιοῦτον

224 586 344 643 ὄγκον
363 587 492 643 ἀρχῆς
511 584 788 644 κατωρρῶδει.
849 582 945 642 ηῧξε
968 587 1013 629 δὲ
1032 586 1107 642 τὴν
1129 587 1335 644 ὀρρωδίαν
1351 590 1418 631 καὶ
1435 586 1461 644 ἦ
1478 593 1561 632 τῶν
1580 595 1721 645 τερα-5

222 653 390 711 γμάτων
410 654 626 712 σύγχυσις,
662 658 730 698 καὶ
748 654 810 698 ὅτι
834 659 1003 705 πολλοῖς
1021 656 1299 713 ἕπεισφρῆσαν
1317 657 1363 700 τὸ
1382 661 1458 712 τῆς
1475 657 1690 713 ἐκκλησίας

221 722 454 767 σκάνδαλον
482 724 727 767 ἀποστατεῖν
754 725 876 766 ἐποίει
905 724 980 774 τὰς
1007 723 1172 780 γνώμας
1198 730 1274 768 τοῦ
1304 723 1618 780 βασιλεύοντος,
1652 729 1689 769 εἰ

220 794 288 835 καὶ
309 800 394 843 τοῖς
418 791 582 847 σώμασι
601 794 702 844 τέως
717 789 1014 848 ὖποτετάχατο,
1083 793 1136 836 τὰ
1156 795 1230 848 μέν
1247 789 1321 837 οὖν
1341 795 1455 849 παρὰ
1474 792 1606 844 πόδας
1619 795 1688 838 καὶ

166 869 199 904 C
221 863 312 904 λίαν
342 860 607 918 ἔξεθεράπευε
618 895 631 915 ,
676 863 882 911 πλείστοις
910 862 985 915 μέν
1011 863 1078 904 καὶ
1098 862 1239 912 ἄλλοις
1258 862 1510 918 συμβούλοις
1522 861 1687 920 χριόμε-

215 947 309 983 νος,
346 928 526 985 μάλιστα
548 931 593 973 δὲ
614 933 681 973 καὶ
701 927 981 987 διαφερόντως
1005 935 1064 990 τῷ
1091 929 1344 984 ΖΙΙουζάλωνι
1371 930 1602 991 Θεοδώρῳ,
1638 930 1686 976 ὃν
1699 942 1743 977 10

216 997 240 1042 ὅ
271 999 410 1056 πατὴρ
446 1002 503 1050 εἷς
528 999 655 1055 μέγαν
688 999 916 1055 λογοθέτην
960 1003 1035 1042 τοῦ
1066 998 1357 1056 Ἀκροπολίτου
1393 998 1686 1051 ἀποθανόντος

216 1068 351 1122 ἐτίμα.
423 1070 490 1111 καὶ
508 1068 558 1123 δὴ
581 1069 624 1111 ἐκ
642 1066 821 1125 μεγάλου
842 1068 997 1110 παπίου
1023 1066 1109 1112 εἶτα
1138 1069 1183 1111 δὲ
1211 1071 1278 1112 καὶ
1299 1070 1511 1127 πιγκέρνου
1533 1071 1590 1120 εἷς
1609 1070 1685 1124 με’-

213 1153 292 1192 γαν
315 1142 591 1180 κονοσταῦλον
611 1137 684 1180 τὸν
708 1133 1024 1193 Ταρχανειιῦτην
1043 1133 1218 1192 τιμήσας
1236 1141 1408 1192 Γλαβᾶν
1432 1144 1520 1188 τοῖς
1542 1135 1684 1192 Τοχό-

215 1222 302 1261 ροις
322 1206 533 1262 ἐφίστησιν
546 1239 559 1259 ,
597 1205 671 1249 οὐκ
693 1205 827 1262 ὀλίγου
848 1206 917 1247 καὶ
934 1209 1010 1248 τοῦ
1027 1203 1256 1260 Ῥωμαϊκοῦ
1278 1208 1369 1264 περὶ
1386 1206 1459 1250 τὸν
1479 1205 1683 1262 δεσπότην

214 1274 391 1329 Μιχαὴλ
410 1273 552 1326 ὄντος,
589 1274 661 1332 ἐφ’
689 1269 798 1334 ᾧπερ
822 1278 933 1330 σφᾶς
959 1271 1140 1330 ὁρμῆσαι
1170 1274 1247 1326 ἔξω
1275 1293 1355 1319 που
1384 1280 1459 1332 τῆς
1479 1279 1562 1318 τῶν
1578 1273 1679 1318 Ῥω-
1694 1286 1736 1323 15

213 1343 348 1397 μαίων
374 1345 430 1393 εἷς
461 1347 730 1399 Τριβαλλῶν,
777 1342 827 1386 οὗ
853 1344 970 1402 χρείᾳ
1005 1343 1106 1393 τέως
1129 1343 1330 1398 πολέμου,
1377 1343 1483 1388 ἀλλὰ
1511 1343 1683 1400 κε’ρδους

163 1426 198 1461 D
221 1415 305 1455 τῶν
331 1412 585 1467 κεκλημένων
607 1414 676 1455 καὶ
711 1409 871 1455 σκύλων
891 1413 960 1454 καὶ
980 1410 1204 1467 λημμάτων
1224 1413 1361 1467 ἕνεκα,
1407 1410 1464 1463 ὥς
1483 1412 1543 1468 μὴ
1562 1412 1682 1469 κενὴν

216 1481 335 1537 σφίσι
367 1482 557 1536 γενέσθαι
594 1481 670 1536 τὴν
702 1481 964 1536 ἐκστρατείαν
973 1513 987 1532 ,
1032 1482 1100 1522 καὶ
1126 1485 1285 1535 μᾶλλον
1310 1482 1681 1538 παρακεκλημένοις

212 1549 317 1605 πρὸς
346 1550 569 1604 βασιλέως,
615 1543 747 1603 ἒξζῶν
773 1551 840 1591 καὶ
874 1550 1238 1606 καταδραμοῦνται
1274 1547 1678 1607 μισθοφορήσουσιν.

212 1616 234 1660 ὂ
257 1620 282 1659 δ
292 1617 302 1633 ’
328 1613 400 1660 οὖν
417 1617 611 1672 βασιλεὺς
628 1618 682 1661 τὰ
699 1615 835 1663 εἲκότα
853 1617 1026 1667 ἐκείνους
1043 1619 1111 1660 καὶ
1138 1616 1272 1674 λόγοις
1293 1620 1360 1661 καὶ
1380 1617 1529 1675 δώροις
1555 1621 1734 1675 φιλο-20

210 1684 526 1744 φρονησάμενος
546 1684 713 1743 συνάμα
729 1693 817 1736 τοῖς
838 1685 945 1743 ἀμφὶ
965 1686 1036 1728 τὸν
1060 1684 1263 1743 δεσπότην
1283 1687 1439 1730 καὶτὸν
1457 1687 1585 1743 μέγαν
1604 1704 1677 1730 κο-

208 1844 330 1875 extera
353 1840 594 1886 rapiendorum
616 1840 812 1883 offerretur,
831 1851 876 1875 ne
896 1839 964 1886 ipsi
979 1851 1022 1875 ea
1044 1839 1110 1875 sibi
1124 1840 1276 1876 Romana
1298 1839 1448 1884 regione,
1462 1839 1582 1876 inermi
1603 1842 1677 1875 tum

208 1892 245 1921 et
268 1887 311 1920 ad
335 1898 463 1921 omnem
486 1887 642 1921 iniuriam
666 1886 839 1932 exposita,
874 1887 1007 1931 agenda
1027 1886 1232 1932 ferendaque
1255 1897 1375 1929 magno
1397 1885 1533 1931 publico
1554 1885 1675 1919 damno

208 1933 438 1975 conficerent,
469 1933 595 1978 quippe
624 1933 775 1967 homines
807 1932 963 1967 innutriti
991 1932 1176 1967 latrociniis
1200 1935 1235 1965 et
1256 1931 1379 1965 nullam
1409 1942 1567 1976 umquam
1589 1931 1674 1965 iuris

207 1983 244 2012 et
268 1979 370 2024 aequi
393 1979 483 2015 soliti
513 1979 642 2013 habere
664 1979 841 2014 rationem.
887 1978 950 2012 tali
974 1978 1051 2012 vice
1080 1988 1194 2012 rerum
1216 1989 1259 2011 ac
1282 1977 1424 2022 periculi
1447 1977 1592 2023 publici,
1614 1977 1674 2011 de-

206 2024 350 2059 stitutus
383 2025 535 2070 parentis
567 2025 663 2059 obitu
694 2025 826 2059 iuvenis
846 2023 1054 2070 imperator,
1075 2035 1180 2058 annos
1202 2029 1302 2057 natus
1324 2027 1472 2068 quatuor
1493 2034 1598 2069 :upra
1619 2023 1674 2058 vi-

205 2070 314 2112 ginti,
338 2070 458 2105 merito
483 2071 527 2105 ad
549 2076 680 2105 tantam
702 2071 947 2116 impendentem
970 2081 1082 2104 rerum
1105 2069 1226 2103 molem
1251 2069 1522 2104 exhorrescebat.
1569 2079 1672 2112 auge-

207 2115 357 2160 bantque
380 2117 552 2150 horrorem
577 2117 783 2151 domesticae
807 2118 927 2151 turbae
948 2115 1168 2162 reipublicae,
1191 2127 1211 2149 e
1233 2115 1406 2159 religionis
1428 2114 1588 2150 scandalo
1610 2125 1674 2148 na-

205 2166 286 2203 tae3
321 2161 410 2195 unde
434 2163 627 2206 contigerat
648 2163 886 2208 imperatorem
910 2163 954 2196 ab
977 2162 1140 2195 ecclesiae
1163 2161 1368 2195 auctoritate
1387 2161 1455 2196 iam
1478 2160 1587 2195 animo
1610 2160 1673 2194 de-

205 2206 330 2249 ficere,
362 2212 540 2252 utcumque
572 2220 714 2253 corpore
745 2221 787 2243 ac
817 2208 932 2254 specie
963 2209 1075 2242 adhuc
1103 2208 1137 2241 in
1171 2207 1380 2241 subiectione
1402 2208 1582 2252 perstaret.
1628 2216 1672 2240 ne

204 2253 342 2296 negotio
374 2253 506 2297 quidem
539 2256 609 2287 tum
640 2255 782 2288 maxime
810 2253 947 2299 urgenti
968 2254 1154 2288 Tocharici
1183 2252 1327 2287 terroris
1356 2253 1490 2286 abunde
1520 2250 1673 2296 providit

204 2298 426 2339 Andronicus,
453 2298 610 2343 prudenti
632 2311 713 2333 usus
737 2301 875 2333 consilio
897 2311 972 2334 cum
995 2300 1173 2334 multorum
1197 2299 1349 2339 aliorum,
1371 2302 1442 2331 tum
1463 2296 1670 2342 potissimum

204 2343 393 2378 Muzalonis
408 2344 594 2387 Theodori,
613 2356 710 2389 quem
735 2351 834 2390 pater
856 2346 890 2379 in
912 2346 1023 2390 magni
1048 2345 1240 2389 iogothetae
1253 2344 1449 2388 dignitatem
1471 2345 1547 2376 loco
1562 2342 1672 2376 Acro-

203 2390 333 2435 politae
365 2389 486 2423 mortui
515 2394 743 2434 promoverat.
791 2402 833 2424 ex
865 2391 963 2425 huius
992 2391 1098 2435 igitur
1119 2389 1287 2424 sententia
1310 2399 1386 2422 cum
1408 2387 1672 2422 Tarchaniotem

203 2435 353 2469 Glabam
384 2446 427 2468 ex
458 2446 579 2478 magno
602 2436 704 2480 papia
727 2439 763 2468 et
786 2440 906 2479 postea
938 2437 1101 2480 pincerna
1123 2446 1279 2479 magnum
1302 2433 1532 2470 conostauium
1554 2432 1671 2467 decla-

202 2484 327 2522 rasset,
351 2480 469 2514 ducem
494 2481 650 2526 praeficit
671 2480 853 2524 Tocharis‚
876 2481 1045 2515 Romanas
1064 2481 1178 2526 copias
1194 2491 1260 2514 non
1284 2490 1410 2524 paucas
1433 2480 1524 2512 cirea
1545 2489 1584 2512 se
1607 2478 1670 2515 ha-

203 2527 307 2561 bente
330 2525 496 2561 Michaele
529 2527 692 2572 despota,
726 2531 766 2560 ut
789 2537 847 2560 eos
873 2537 916 2560 ex
944 2527 1168 2560 Romanorum
1192 2525 1293 2560 tersis
1313 2525 1348 2558 in
1370 2524 1542 2559 Triballoa
1565 2524 1670 2561 duce-J-

202 2577 270 2614 ret,
294 2584 359 2606 non
383 2572 475 2617 quod
497 2584 618 2617 magna
641 2578 722 2606 tunc
747 2571 934 2606 necessitas
956 2571 1133 2606 Triballici
1155 2572 1236 2604 belli
1257 2575 1370 2611 esset,
1391 2570 1452 2603 sed
1475 2574 1516 2603 ut
1541 2570 1670 2604 obiice-

201 2621 322 2652 rentur
339 2618 429 2652 unde
453 2619 630 2652 avaritiam
653 2618 830 2662 explerent
845 2617 1064 2652 mercenariis
1080 2617 1193 2651 accitu
1205 2615 1421 2660 imperatoris
1443 2626 1485 2649 ea
1506 2626 1568 2660 spe
1585 2626 1668 2660 pro-

199 2665 315 2705 sectis,
341 2663 400 2709 qui
424 2675 491 2698 non
512 2664 614 2698 facile
636 2664 876 2698 inducerentur
899 2663 943 2698 ad
966 2662 1204 2697 revertendum
1225 2661 1341 2695 vacuis
1362 2661 1530 2695 manibus.
1561 2671 1668 2706 quare

197 2709 264 2744 illis
288 2710 489 2755 praedarum
512 2711 707 2754 opimarum,
724 2709 907 2755 spoliorum
930 2709 1190 2754 rapinarumque
1211 2718 1311 2751 seges
1334 2711 1410 2741 erat
1424 2706 1547 2741 alicubi
1562 2717 1669 2751 quae-

197 2756 317 2798 renda,
343 2755 380 2790 in
403 2767 504 2800 quam
526 2755 767 2800 famelicorum,
791 2767 833 2790 ex
857 2755 984 2795 amicis,
1011 2755 1042 2788 si
1064 2754 1180 2788 hostes
1202 2754 1373 2794 deessent,
1397 2757 1591 2796 paratorum
1613 2751 1668 2784 Ιιι-

198 2811 259 2835 cra
282 2813 486 2846 congerere,
520 2801 667 2848 impetus
691 2804 916 2836 averteretur.
962 2800 1070 2845 igitur
1091 2799 1276 2845 imperator
1298 2810 1357 2832 eos
1378 2797 1493 2832 verbis
1512 2803 1548 2831 et
1571 2795 1668 2831 donis

195 2845 357 2883 delinitos
380 2859 455 2883 cum
477 2847 622 2895 despota
644 2858 835 2894 magnoque
858 2848 1055 2883 oonostaulo
1089 2857 1133 2882 ac
1155 2844 1378 2892 sequentibus
1398 2853 1667 2890 unumquemque
