1858 3126
116 1979 145 2013 P
169 1980 235 2015 546

236 167 334 225 760
635 163 945 207 OBSERVAT.
978 163 1287 207 PACHYMER.

240 286 321 328 ἐστὶ
338 279 591 336 Ἰανουάριος.
647 283 753 320 infra
771 283 840 321 fol.
863 286 916 325 73
937 297 974 334 p.
991 287 1018 326 2
1042 289 1141 351 post
1157 281 1331 321 medium
1345 281 1510 323 Ioannes
1527 284 1688 323 Tzetzes

234 343 283 381 ad
307 340 486 380 eumdem
516 339 651 377 locum
679 339 738 377 sic
759 329 964 378 obseivat:
1003 343 1111 392 μῆνα
1141 336 1184 379 δὲ
1214 341 1439 390 Ληναιωνα
1465 338 1536 381 τον
1560 338 1690 381 Χοιᾶκ

233 397 321 451 ἤτοι
338 395 408 438 τὸν
429 391 696 449 Ἰανουάριον,
728 393 769 444 ὃς
792 394 977 447 Ληναιὸς
1003 393 1111 449 παρά
1124 392 1232 436 Ἴωσι
1249 399 1435 436 καλεῖται.
1493 396 1600 447 quod
1619 409 1691 434 au-

232 462 310 493 tem
341 467 382 492 se
411 452 671 504 Pachymeies
698 452 847 512 alioqui
878 453 1175 491 dissentientem
1205 452 1248 489 in
1285 451 1363 490 hoc
1391 451 1472 489 ab
1459 451 1532 501 iis,
1561 458 1694 490 tamen

234 512 327 549 dum
355 522 513 548 carmen
535 509 677 560 apud
667 523 774 560 Ipsos
805 515 990 560 pangeret
1022 506 1078 560 (εἰ
1108 507 1176 548 καὶ
1202 506 1319 560 ’ἡμεῖς
1345 507 1389 548 ἐν
1408 511 1494 556 τοῖς
1510 504 1602 547 κατ’
1620 523 1695 548 αυ-

234 565 328 614 τοῦς
348 566 648 614 ἐποποιοῦντες)
674 564 786 616 quasi
806 572 968 603 excusat
981 595 990 613 ,
1032 565 1140 616 quod
1161 578 1298 602 eorum
1315 564 1576 616 improbatam
1597 564 1694 602 alias

235 622 470 662 sententiam
499 623 763 673 expresserit,
802 628 871 660 aut
896 622 1048 660 indicat
1077 635 1117 659 se
1147 621 1310 659 alicuius
1345 620 1488 659 horum
1518 620 1697 671 magistri

234 681 375 718 ludum
403 679 719 730 frequentantem
742 691 808 716 eos
841 691 977 716 versus
1008 677 1315 730 conscripsisse;
1354 683 1424 715 aut
1451 677 1484 715 si
1504 683 1610 715 aetas
1628 676 1695 716 vel

236 737 346 775 aliud
363 741 558 787 repugnet
579 735 791 786 quominus
816 735 974 772 Ioannis
994 735 1158 773 Tzelzae
1182 740 1250 772 aut
1268 733 1519 786 Moschopuli
1539 732 1696 785 Pachy-

236 806 361 831 meres
386 791 550 830 auditor
577 791 717 840 fuerit,
759 791 837 829 dici
857 798 990 842 posset
1007 791 1051 829 id
1073 804 1229 829 carmen
1258 791 1304 829 ab
1323 804 1369 829 eo
1389 790 1583 841 scriptum
1599 789 1695 828 dum

236 848 521 899 ludimagistris
541 861 700 899 operam
722 860 821 898 puer
844 847 976 896 daret,
1006 847 1074 898 qui
1100 847 1316 885 Hesiodum
1350 860 1400 885 ex
1423 846 1540 898 prius
1557 845 1697 898 publi-

239 906 338 944 catis
357 905 515 943 Ioannis
535 905 701 942 Tzetzae
726 910 793 942 aut·
817 904 993 942 cuiusvis
1020 904 1181 942 alterius
1202 903 1517 956 expositionibus
1536 914 1703 941 enarra-·

238 968 339 1001 rent.
399 961 484 1000 dixi
503 966 541 998 et
558 962 607 998 de
626 960 715 998 his
705 974 747 997 m
773 959 986 999 Glossa1ioss

351 1031 390 1070 p·
409 1019 490 1059 308
513 1030 551 1056 v.
581 1020 645 1058 13.
703 1032 758 1064 ως
790 1013 884 1069 μήτ’
917 1014 1018 1056 αἰδω
1049 1012 1145 1070 παρ’
1181 1013 1363 1067 ἀλλήλων
1385 1011 1547 1055 ἐπεῖναι
1569 1014 1699 1065 σφίσι.

240 1075 346 1113 ultio
372 1074 500 1112 fateor
523 1086 584 1111 me
606 1073 649 1111 in
665 1072 726 1111 his
747 1073 877 1112 verbis
893 1074 1136 1125 supplevisse
1154 1073 1346 1125 syllabam
1366 1087 1424 1112 απ
1443 1071 1487 1109 in
1503 1070 1626 1109 verbo
1642 1066 1698 1110 εἴ·

242 1146 332 1180 ναι,
362 1130 468 1181 quod
501 1130 629 1168 solum
664 1129 708 1167 in
743 1129 944 1167 codicibus
969 1131 999 1167 B
1023 1136 1061 1167 et
1083 1130 1113 1168 A
1142 1129 1366 1180 legebatur,
1397 1127 1541 1166 mendo
1566 1140 1589 1164 a
1613 1126 1696 1164 loci

242 1187 436 1226 sententia
457 1187 662 1224 manifeste
678 1186 906 1236 redarguto.

354 1258 393 1295 p.
417 1246 496 1284 321
518 1256 555 1281 v.
579 1241 644 1284 14
700 1242 877 1294 Respicit
905 1242 967 1279 his
999 1249 1138 1280 auctor
1171 1254 1253 1280 rem
1282 1246 1482 1279 narratam
1501 1238 1613 1278 Iliad.
1632 1239 1656 1279 δ
1675 1252 1705 1276 a·

243 1302 354 1342 v.93
375 1299 425 1337 ad
446 1298 540 1341 154.
579 1298 636 1336 ibi
657 1298 857 1337 Pandarus
875 1299 1045 1337 refertur
1065 1298 1339 1337 inobservatus
1358 1303 1396 1335 et
1417 1302 1557 1335 contra
1574 1294 1696 1333 fidem

243 1357 351 1408 pacti
372 1355 541 1394 foederis
563 1355 744 1406 sagittam
762 1355 804 1393 in
823 1355 1074 1394 Menelaum
1062 1355 1289 1404 immisisse,
1321 1366 1419 1406 quae
1438 1359 1571 1392 tamen
1591 1364 1704 1390 sum-

244 1426 350 1450 mam
366 1413 428 1450 illi
455 1412 664 1450 dumtaxat
682 1418 812 1450 cutem
839 1412 1097 1464 perstinxerit
1123 1412 1278 1450 leviter.
1335 1411 1378 1448 in
1398 1423 1477 1461 quo
1499 1407 1702 1447 dissimilis

245 1470 322 1506 fuit
361 1469 489 1507 exitus
534 1468 740 1518 utriusque
778 1468 1040 1509 iaculationis.
1110 1482 1200 1506 nam
1241 1467 1342 1505 haec
1377 1466 1425 1503 ab
1462 1466 1586 1504 Alano
1618 1463 1705 1516 pari

245 1524 386 1562 fraude
406 1523 649 1576 perfidiaque
663 1530 852 1562 attentata
872 1538 990 1575 grave
1007 1538 1155 1563 revera
1175 1532 1213 1562 et
1230 1523 1474 1575 profundum
1492 1519 1673 1560 vulnus
1660 1533 1704 1557 m

247 1580 383 1618 Raiilis
405 1580 535 1629 magni
566 1580 773 1618 domestici
801 1580 937 1618 vitalia
964 1582 1151 1632 pertulit,
1192 1594 1271 1631 quo
1295 1585 1475 1631 spectant
1489 1577 1560 1615 illa
1577 1575 1706 1614 nostri

247 1636 368 1674 verba
390 1632 509 1689 ὀιστῷ
530 1631 692 1686 βάλλει,
722 1636 789 1676 καὶ
820 1638 1007 1688 καιρίαν,
1045 1634 1093 1678 ου’
1113 1632 1206 1676 κατ’
1237 1636 1391 1676 ἐκεῖνον
1421 1635 1582 1685 (nempe
1601 1634 1706 1671 Pan-

249 1692 404 1743 darum)
423 1676 578 1743 πληγὴν
601 1692 762 1731 &idaiam
793 1693 842 1730 de
863 1693 1030 1730 Pandari
1050 1693 1152 1730 enim
1170 1692 1251 1730 telo
1271 1692 1329 1730 sic
1349 1691 1545 1729 Homerus
1566 1688 1706 1728 scribit

471 1744 690 1812 ἀκρότατον
714 1744 757 1788 δ’
775 1744 846 1801 ἄρ’
874 1744 1008 1797 ὀϊστός
1026 1747 1230 1812 ἐπέγραψε
1247 1744 1344 1800 χρόα
1363 1743 1507 1797 φωτός.

254 1818 452 1843 summam
486 1805 749 1856 extimumque
775 1806 932 1855 sagitta
967 1806 1249 1856 superscripsit
1278 1811 1405 1841 cutem
1429 1803 1525 1841 viri.
1590 1801 1708 1840 Bauli

255 1867 386 1899 autem
417 1861 565 1898 Alanus
594 1863 774 1913 καιρίαν,
812 1860 890 1898 hoe
923 1868 980 1900 est
1015 1861 1131 1900 altam
1160 1867 1199 1899 et
1230 1861 1519 1913 periculosam,
1559 1857 1592 1897 si
1625 1871 1708 1897 non

256 1917 372 1957 etiam
392 1917 568 1966 letalem,
597 1917 728 1955 infixit
753 1918 919 1968 plagam.

371 1987 414 2025 p.
434 1975 516 2015 325
535 1987 572 2012 V.
593 1973 655 2015 14.
713 1973 819 2012 Haec
845 1974 1012 2024 digitum
1030 1973 1244 2011 intendunt
1263 1972 1306 2010 in
1328 1972 1545 2023 Odysseam
1563 1987 1612 2023 μ,
1642 1969 1709 2008 ubi

252 2030 373 2068 refert
388 2032 503 2082 poeta
522 2029 669 2068 vidisse
688 2030 851 2068 Ulissem
871 2036 1007 2082 raptos
1024 2044 1045 2067 a
1068 2030 1201 2081 Scylla
1218 2028 1389 2081 discerpi
1418 2041 1464 2066 ac
1480 2027 1615 2066 vorari
1638 2039 1708 2064 sex

258 2100 278 2123 e
299 2086 381 2124 suis
401 2085 539 2134 sociis,
570 2099 723 2124 summo
744 2087 880 2125 dolore
909 2101 980 2126 suo
993 2116 1004 2135 ,
1035 2086 1143 2137 quod
1172 2086 1220 2124 iis
1254 2084 1441 2138 opitulari
1459 2083 1570 2123 nullo
1589 2088 1708 2136 pacto

257 2147 402 2194 posset.
461 2142 568 2179 unde
586 2142 640 2180 ait

477 2211 671 2252 οἴκτιστον
699 2210 750 2264 δή
778 2217 887 2253 κεῖνο
917 2213 1025 2264 ἐμοῖς
1054 2212 1142 2252 ἰ’δον
1170 2207 1418 2262 ὀφθαλμοῖσι

477 2266 639 2308 πάντων
663 2265 753 2309 ὅσσ’
780 2267 971 2322 ἐμόγησα,
1003 2265 1149 2322 πόρους
1179 2265 1272 2315 onds·
1300 2266 1536 2319 ἐξερεείνων.

263 2348 346 2372 non
363 2336 496 2386 potuit
514 2343 640 2375 autem
659 2346 792 2377 noster
813 2341 955 2391 aptiori
986 2339 1152 2390 imagine
1176 2342 1470 2389 repraesentare
1487 2333 1708 2374 cordolium

263 2392 530 2430 Romanorum
550 2407 640 2431 suos
661 2395 767 2433 cives
788 2395 829 2433 in
842 2396 940 2433 mari
961 2409 981 2432 a
1002 2395 1139 2446 piratis
1158 2393 1327 2432 cruciari
1348 2406 1368 2431 e
1385 2393 1503 2430 litore
1523 2397 1707 2444 spectan-

263 2447 365 2485 tium
384 2447 468 2485 sine
490 2449 571 2486 ulla
589 2450 776 2489 facultate
796 2451 1065 2490 succurrendi.

375 2531 415 2569 p-
433 2520 514 2560 327
532 2522 647 2560 v.21.
687 2521 824 2559 Fuerit
838 2521 935 2559 haec
957 2519 1181 2571 Thymaena
1200 2519 1306 2567 urbs,
1326 2531 1441 2568 quam
1458 2499 1708 2556 Ptolomaeus

265 2575 307 2611 in
329 2573 481 2612 Galatia
503 2574 696 2623 collocat;
728 2577 837 2614 cuius
867 2583 905 2614 et
935 2577 1124 2614 Arrianus
1154 2573 1330 2612 meminit
1349 2574 1393 2611 in
1411 2573 1584 2626 Perip10.
1642 2574 1708 2612 alii

264 2630 540 2669 Teuthraniam
562 2632 776 2684 appellant.

374 2701 415 2739 p.
435 2688 517 2730 338
535 2700 573 2730 V.
592 2692 660 2730 23.
719 2690 929 2739 Sumptum
946 2699 994 2724 ex
1013 2685 1127 2725 Iliad.
1149 2701 1166 2726 ε
1188 2699 1226 2725 v.
1246 2684 1350 2728 449:

482 2752 604 2808 αὕτοῖρ
634 2753 657 2796 ὅ
685 2752 724 2808 γ’
754 2755 914 2796 εἴδωλον
942 2752 1048 2804 τεῦξ’
1078 2752 1340 2809 ἀργυρότοξος
1367 2751 1591 2809 Ἀπόλλων,

485 2810 592 2868 αὐτῷ
620 2809 665 2852 τ’
692 2813 834 2867 Αἰνείᾳ
867 2813 1019 2861 ἴκελον,
1048 2812 1115 2852 καὶ
1142 2809 1293 2864 τεύχεσι
1322 2815 1442 2853 τοῖον.

1850 267 1858 350 ,ιη-ι...-
