<?xml version="1.0" encoding="UTF-8"?>
<!DOCTYPE html PUBLIC "-//W3C//DTD XHTML 1.0 Transitional//EN"
    "http://www.w3.org/TR/xhtml1/DTD/xhtml1-transitional.dtd">
<html xmlns="http://www.w3.org/1999/xhtml" xml:lang="en" lang="en">
 <head>
  <title>
</title>
<meta http-equiv="Content-Type" content="text/html;charset=utf-8" />
  <meta name='ocr-system' content='tesseract 3.04.00' />
  <meta name='ocr-capabilities' content='ocr_page ocr_carea ocr_par ocr_line ocrx_word'/>
</head>
<body>
  <div class='ocr_page' id='page_1' title='image "./corpusscriptorum18niebuoft_0797.png"; bbox 0 0 1858 3126; ppageno 0'>
   <div class='ocr_carea' id='block_1_1' title="bbox 499 161 1591 211">
    <p class='ocr_par' dir='ltr' id='par_1_1' title="bbox 499 161 1591 211">
     <span class='ocr_line' id='line_1_1' title="bbox 499 161 1591 211; baseline -0.003 0"><span class='ocrx_word' id='word_1_1' title='bbox 499 165 603 211; x_wconf 82' lang='lat' dir='ltr'><strong>LIB.</strong></span> <span class='ocrx_word' id='word_1_2' title='bbox 631 164 704 209; x_wconf 83' lang='lat'><strong>111.</strong></span> <span class='ocrx_word' id='word_1_3' title='bbox 756 163 1235 209; x_wconf 80' lang='lat' dir='ltr'><strong>CHRONOLOGICUS.</strong></span> <span class='ocrx_word' id='word_1_4' title='bbox 1492 161 1591 208; x_wconf 85' lang='lat'><strong>779</strong></span> 
     </span>
    </p>
   </div>
   <div class='ocr_carea' id='block_1_2' title="bbox 625 357 1118 412">
    <p class='ocr_par' dir='ltr' id='par_1_2' title="bbox 625 357 1118 412">
     <span class='ocr_line' id='line_1_2' title="bbox 625 357 1118 412; baseline -0.008 0"><span class='ocrx_word' id='word_1_5' title='bbox 625 357 977 412; x_wconf 89' lang='lat' dir='ltr'>CAPUT</span> <span class='ocrx_word' id='word_1_6' title='bbox 1047 357 1118 409; x_wconf 84' lang='lat'><strong>11.</strong></span> 
     </span>
    </p>
   </div>
   <div class='ocr_carea' id='block_1_3' title="bbox 151 447 1594 655">
    <p class='ocr_par' dir='ltr' id='par_1_3' title="bbox 151 447 1594 655">
     <span class='ocr_line' id='line_1_3' title="bbox 199 447 1550 500; baseline -0.005 -9"><span class='ocrx_word' id='word_1_7' title='bbox 199 451 367 491; x_wconf 71' lang='lat' dir='ltr'><strong>Ioannis</strong></span> <span class='ocrx_word' id='word_1_8' title='bbox 389 451 506 490; x_wconf 78' lang='lat' dir='ltr'><strong>Vecci</strong></span> <span class='ocrx_word' id='word_1_9' title='bbox 525 452 658 488; x_wconf 74' lang='lat' dir='ltr'><strong>eiectio</strong></span> <span class='ocrx_word' id='word_1_10' title='bbox 677 464 696 487; x_wconf 88' lang='lat' dir='ltr'><strong>e</strong></span> <span class='ocrx_word' id='word_1_11' title='bbox 706 449 1017 500; x_wconf 75' lang='lat' dir='ltr'><em>patriarchatu,</em></span> <span class='ocrx_word' id='word_1_12' title='bbox 1037 449 1221 495; x_wconf 70' lang='lat' dir='ltr'><strong>exilium,</strong></span> <span class='ocrx_word' id='word_1_13' title='bbox 1241 460 1394 498; x_wconf 81' lang='lat' dir='ltr'><strong>carcer,</strong></span> <span class='ocrx_word' id='word_1_14' title='bbox 1414 447 1550 485; x_wconf 73' lang='lat' dir='ltr'><strong>obitus</strong></span> 
     </span>
     <span class='ocr_line' id='line_1_4' title="bbox 151 502 1594 557; baseline -0.004 -11"><span class='ocrx_word' id='word_1_15' title='bbox 151 511 242 546; x_wconf 77' lang='lat' dir='ltr'><strong>suis</strong></span> <span class='ocrx_word' id='word_1_16' title='bbox 259 509 381 545; x_wconf 73' lang='lat' dir='ltr'><strong>annis</strong></span> <span class='ocrx_word' id='word_1_17' title='bbox 405 508 691 557; x_wconf 72' lang='lat' dir='ltr'><strong>assignantur5</strong></span> <span class='ocrx_word' id='word_1_18' title='bbox 721 513 874 557; x_wconf 81' lang='lat' dir='ltr'><strong>tempus</strong></span> <span class='ocrx_word' id='word_1_19' title='bbox 895 503 1082 555; x_wconf 60' lang='lat' dir='ltr'><strong>definitur</strong></span> <span class='ocrx_word' id='word_1_20' title='bbox 1106 502 1269 545; x_wconf 78' lang='lat' dir='ltr'><strong>secundi</strong></span> <span class='ocrx_word' id='word_1_21' title='bbox 1287 504 1594 554; x_wconf 72' lang='lat' dir='ltr'><strong>patriarchatus</strong></span> 
     </span>
     <span class='ocr_line' id='line_1_5' title="bbox 266 560 1480 615; baseline -0.003 -14"><span class='ocrx_word' id='word_1_22' title='bbox 266 564 451 615; x_wconf 63' lang='lat' dir='ltr'><strong>Gregorii</strong></span> <span class='ocrx_word' id='word_1_23' title='bbox 468 563 629 614; x_wconf 58' lang='lat' dir='ltr'><strong>cyprii,</strong></span> <span class='ocrx_word' id='word_1_24' title='bbox 657 561 825 613; x_wconf 80' lang='lat' dir='ltr'><strong>denique</strong></span> <span class='ocrx_word' id='word_1_25' title='bbox 834 562 988 612; x_wconf 75' lang='lat' dir='ltr'><strong>prioris·</strong></span> <span class='ocrx_word' id='word_1_26' title='bbox 1006 574 1159 613; x_wconf 79' lang='lat' dir='ltr'><strong>quoque</strong></span> <span class='ocrx_word' id='word_1_27' title='bbox 1169 560 1480 611; x_wconf 75' lang='lat' dir='ltr'><strong>patriarchatus</strong></span> 
     </span>
     <span class='ocr_line' id='line_1_6' title="bbox 751 617 991 655; baseline -0.004 0"><span class='ocrx_word' id='word_1_28' title='bbox 751 617 991 655; x_wconf 73' lang='lat' dir='ltr'><em>Athanasii.</em></span> 
     </span>
    </p>
   </div>
   <div class='ocr_carea' id='block_1_4' title="bbox 139 714 1593 2827">
    <p class='ocr_par' dir='ltr' id='par_1_4' title="bbox 144 714 1593 1926">
     <span class='ocr_line' id='line_1_7' title="bbox 148 714 1593 768; baseline -0.003 -9"><span class='ocrx_word' id='word_1_29' title='bbox 148 750 154 752; x_wconf 26' lang='grc' dir='ltr'><em>ν</em></span> <span class='ocrx_word' id='word_1_30' title='bbox 178 750 182 751; x_wconf 28' lang='lat'><em>⁷</em></span> <span class='ocrx_word' id='word_1_31' title='bbox 260 718 296 758; x_wconf 88' lang='lat' dir='ltr'><strong>I.</strong></span> <span class='ocrx_word' id='word_1_32' title='bbox 349 717 431 758; x_wconf 86' lang='lat' dir='ltr'><strong>Iam</strong></span> <span class='ocrx_word' id='word_1_33' title='bbox 463 717 732 758; x_wconf 79' lang='lat' dir='ltr'><strong>demonstravi</strong></span> <span class='ocrx_word' id='word_1_34' title='bbox 761 717 864 767; x_wconf 80' lang='lat' dir='ltr'><strong>(vol.</strong></span> <span class='ocrx_word' id='word_1_35' title='bbox 884 717 902 757; x_wconf 89' lang='lat'>1</span> <span class='ocrx_word' id='word_1_36' title='bbox 921 731 960 768; x_wconf 84' lang='lat' dir='ltr'><strong>p.</strong></span> <span class='ocrx_word' id='word_1_37' title='bbox 978 717 1085 766; x_wconf 81' lang='lat'><strong>733)</strong></span> <span class='ocrx_word' id='word_1_38' title='bbox 1113 715 1270 755; x_wconf 82' lang='lat' dir='ltr'><strong>Ioannis</strong></span> <span class='ocrx_word' id='word_1_39' title='bbox 1298 714 1531 755; x_wconf 84' lang='lat' dir='ltr'><strong>electionem</strong></span> <span class='ocrx_word' id='word_1_40' title='bbox 1549 715 1593 755; x_wconf 88' lang='lat' dir='ltr'><strong>iu</strong></span> 
     </span>
     <span class='ocr_line' id='line_1_8' title="bbox 148 771 1592 826; baseline -0.003 -13"><span class='ocrx_word' id='word_1_41' title='bbox 148 773 461 826; x_wconf 69' lang='lat' dir='ltr'><strong>patriarchatum</strong></span> <span class='ocrx_word' id='word_1_42' title='bbox 498 774 978 825; x_wconf 85' lang='lat' dir='ltr'><strong>Constantinopolitanum</strong></span> <span class='ocrx_word' id='word_1_43' title='bbox 1011 772 1219 823; x_wconf 73' lang='lat' dir='ltr'>contigisse</span> <span class='ocrx_word' id='word_1_44' title='bbox 1258 771 1324 809; x_wconf 88' lang='lat' dir='ltr'><strong>die</strong></span> <span class='ocrx_word' id='word_1_45' title='bbox 1355 772 1410 814; x_wconf 80' lang='lat'><strong>25</strong></span> <span class='ocrx_word' id='word_1_46' title='bbox 1447 771 1592 809; x_wconf 77' lang='lat' dir='ltr'>mensis</span> 
     </span>
     <span class='ocr_line' id='line_1_9' title="bbox 148 827 1591 880; baseline -0.001 -13"><span class='ocrx_word' id='word_1_47' title='bbox 148 829 244 871; x_wconf 76' lang='lat' dir='ltr'><strong>Maii</strong></span> <span class='ocrx_word' id='word_1_48' title='bbox 270 843 374 868; x_wconf 84' lang='lat' dir='ltr'><strong>auno</strong></span> <span class='ocrx_word' id='word_1_49' title='bbox 402 830 549 869; x_wconf 86' lang='lat' dir='ltr'><strong>Christi</strong></span> <span class='ocrx_word' id='word_1_50' title='bbox 579 830 710 879; x_wconf 82' lang='lat'><strong>1275,</strong></span> <span class='ocrx_word' id='word_1_51' title='bbox 748 828 1087 880; x_wconf 80' lang='lat' dir='ltr'><strong>inaugurationem</strong></span> <span class='ocrx_word' id='word_1_52' title='bbox 1120 841 1216 867; x_wconf 77' lang='lat' dir='ltr'><strong>vero</strong></span> <span class='ocrx_word' id='word_1_53' title='bbox 1249 827 1421 865; x_wconf 83' lang='lat' dir='ltr'><strong>eiusdem</strong></span> <span class='ocrx_word' id='word_1_54' title='bbox 1448 827 1591 866; x_wconf 85' lang='lat' dir='ltr'><strong>factam</strong></span> 
     </span>
     <span class='ocr_line' id='line_1_10' title="bbox 150 882 1588 937; baseline -0.003 -13"><span class='ocrx_word' id='word_1_55' title='bbox 150 883 347 924; x_wconf 79' lang='lat' dir='ltr'><strong>dominica</strong></span> <span class='ocrx_word' id='word_1_56' title='bbox 372 886 641 936; x_wconf 65' lang='lat' dir='ltr'><strong>Pentecoste-53</strong></span> <span class='ocrx_word' id='word_1_57' title='bbox 670 899 768 937; x_wconf 88' lang='lat' dir='ltr'><strong>quae</strong></span> <span class='ocrx_word' id='word_1_58' title='bbox 796 885 937 924; x_wconf 81' lang='lat' dir='ltr'><strong>incidit</strong></span> <span class='ocrx_word' id='word_1_59' title='bbox 963 884 1032 922; x_wconf 83' lang='lat' dir='ltr'><strong>illo</strong></span> <span class='ocrx_word' id='word_1_60' title='bbox 1061 897 1163 922; x_wconf 85' lang='lat' dir='ltr'><strong>anno</strong></span> <span class='ocrx_word' id='word_1_61' title='bbox 1183 884 1226 922; x_wconf 88' lang='lat' dir='ltr'><strong>in</strong></span> <span class='ocrx_word' id='word_1_62' title='bbox 1245 882 1349 921; x_wconf 87' lang='lat' dir='ltr'><strong>diem</strong></span> <span class='ocrx_word' id='word_1_63' title='bbox 1376 883 1588 921; x_wconf 86' lang='lat' dir='ltr'><strong>secundam</strong></span> 
     </span>
     <span class='ocr_line' id='line_1_11' title="bbox 149 938 1588 982; baseline -0.003 -1"><span class='ocrx_word' id='word_1_64' title='bbox 149 940 269 982; x_wconf 82' lang='lat' dir='ltr'><strong>Iunii.</strong></span> <span class='ocrx_word' id='word_1_65' title='bbox 325 941 373 980; x_wconf 89' lang='lat' dir='ltr'><strong>de</strong></span> <span class='ocrx_word' id='word_1_66' title='bbox 398 941 517 980; x_wconf 79' lang='lat' dir='ltr'><strong>huius</strong></span> <span class='ocrx_word' id='word_1_67' title='bbox 543 955 564 979; x_wconf 89' lang='lat' dir='ltr'><strong>e</strong></span> <span class='ocrx_word' id='word_1_68' title='bbox 589 942 733 980; x_wconf 78' lang='lat' dir='ltr'>throno</span> <span class='ocrx_word' id='word_1_69' title='bbox 756 941 973 980; x_wconf 85' lang='lat' dir='ltr'><strong>deiectione</strong></span> <span class='ocrx_word' id='word_1_70' title='bbox 992 946 1127 978; x_wconf 87' lang='lat' dir='ltr'><strong>narrat</strong></span> <span class='ocrx_word' id='word_1_71' title='bbox 1143 946 1278 978; x_wconf 86' lang='lat' dir='ltr'><strong>noster</strong></span> <span class='ocrx_word' id='word_1_72' title='bbox 1298 938 1375 976; x_wconf 89' lang='lat' dir='ltr'><strong>hoc</strong></span> <span class='ocrx_word' id='word_1_73' title='bbox 1393 945 1501 976; x_wconf 86' lang='lat' dir='ltr'><strong>tomo</strong></span> <span class='ocrx_word' id='word_1_74' title='bbox 1521 952 1588 978; x_wconf 81' lang='lat' dir='ltr'><strong>se-</strong></span> 
     </span>
     <span class='ocr_line' id='line_1_12' title="bbox 150 994 1589 1048; baseline -0.001 -14"><span class='ocrx_word' id='word_1_75' title='bbox 150 995 284 1037; x_wconf 79' lang='lat' dir='ltr'><strong>cundo</strong></span> <span class='ocrx_word' id='word_1_76' title='bbox 310 1011 352 1048; x_wconf 88' lang='lat' dir='ltr'><strong>p.</strong></span> <span class='ocrx_word' id='word_1_77' title='bbox 380 1000 431 1039; x_wconf 88' lang='lat'><strong>19</strong></span> <span class='ocrx_word' id='word_1_78' title='bbox 459 1010 498 1036; x_wconf 79' lang='lat' dir='ltr'><strong>v.</strong></span> <span class='ocrx_word' id='word_1_79' title='bbox 525 1001 600 1047; x_wconf 88' lang='grc'><strong>11,</strong></span> <span class='ocrx_word' id='word_1_80' title='bbox 634 998 804 1035; x_wconf 83' lang='lat' dir='ltr'><strong>Veccum</strong></span> <span class='ocrx_word' id='word_1_81' title='bbox 836 997 1104 1035; x_wconf 84' lang='lat' dir='ltr'><strong>animadversa</strong></span> <span class='ocrx_word' id='word_1_82' title='bbox 1137 994 1355 1032; x_wconf 79' lang='lat' dir='ltr'><strong>mutatione</strong></span> <span class='ocrx_word' id='word_1_83' title='bbox 1387 1008 1519 1033; x_wconf 89' lang='lat' dir='ltr'><strong>rerum</strong></span> <span class='ocrx_word' id='word_1_84' title='bbox 1550 1001 1589 1032; x_wconf 89' lang='lat' dir='ltr'><strong>et</strong></span> 
     </span>
     <span class='ocr_line' id='line_1_13' title="bbox 148 1050 1587 1104; baseline -0.003 -13"><span class='ocrx_word' id='word_1_85' title='bbox 148 1053 412 1104; x_wconf 73' lang='lat' dir='ltr'><strong>propensione</strong></span> <span class='ocrx_word' id='word_1_86' title='bbox 438 1053 532 1092; x_wconf 80' lang='lat' dir='ltr'><strong>novi</strong></span> <span class='ocrx_word' id='word_1_87' title='bbox 561 1053 751 1104; x_wconf 87' lang='lat' dir='ltr'><strong>principis</strong></span> <span class='ocrx_word' id='word_1_88' title='bbox 779 1052 830 1090; x_wconf 89' lang='lat' dir='ltr'><strong>ad</strong></span> <span class='ocrx_word' id='word_1_89' title='bbox 858 1051 1142 1091; x_wconf 87' lang='lat' dir='ltr'><strong>restituendum</strong></span> <span class='ocrx_word' id='word_1_90' title='bbox 1169 1050 1360 1099; x_wconf 82' lang='lat' dir='ltr'><strong>schisma,</strong></span> <span class='ocrx_word' id='word_1_91' title='bbox 1389 1050 1454 1088; x_wconf 90' lang='lat' dir='ltr'><strong>cui</strong></span> <span class='ocrx_word' id='word_1_92' title='bbox 1474 1050 1587 1088; x_wconf 76' lang='lat' dir='ltr'><strong>obsi-</strong></span> 
     </span>
     <span class='ocr_line' id='line_1_14' title="bbox 148 1108 1587 1160; baseline -0.001 -15"><span class='ocrx_word' id='word_1_93' title='bbox 148 1113 253 1146; x_wconf 77' lang='lat' dir='ltr'><strong>stere</strong></span> <span class='ocrx_word' id='word_1_94' title='bbox 276 1109 475 1159; x_wconf 84' lang='lat' dir='ltr'><strong>nequiret,</strong></span> <span class='ocrx_word' id='word_1_95' title='bbox 503 1109 611 1147; x_wconf 87' lang='lat' dir='ltr'><strong>ultro</strong></span> <span class='ocrx_word' id='word_1_96' title='bbox 632 1109 738 1147; x_wconf 87' lang='lat' dir='ltr'><strong>abire</strong></span> <span class='ocrx_word' id='word_1_97' title='bbox 756 1108 994 1160; x_wconf 88' lang='lat' dir='ltr'><strong>patriarchio</strong></span> <span class='ocrx_word' id='word_1_98' title='bbox 1013 1113 1189 1159; x_wconf 79' lang='lat' dir='ltr'><strong>paratum</strong></span> <span class='ocrx_word' id='word_1_99' title='bbox 1212 1112 1436 1158; x_wconf 69' lang='lat' dir='ltr'><strong>expectasse</strong></span> <span class='ocrx_word' id='word_1_100' title='bbox 1456 1113 1587 1143; x_wconf 85' lang='lat' dir='ltr'><strong>tamen</strong></span> 
     </span>
     <span class='ocr_line' id='line_1_15' title="bbox 149 1162 1584 1216; baseline -0.001 -15"><span class='ocrx_word' id='word_1_101' title='bbox 149 1162 244 1202; x_wconf 83' lang='lat' dir='ltr'><strong>dum</strong></span> <span class='ocrx_word' id='word_1_102' title='bbox 262 1177 287 1202; x_wconf 76' lang='lat' dir='ltr'><strong>a</strong></span> <span class='ocrx_word' id='word_1_103' title='bbox 301 1164 535 1203; x_wconf 67' lang='lat' dir='ltr'><strong>satellitibus</strong></span> <span class='ocrx_word' id='word_1_104' title='bbox 550 1164 600 1202; x_wconf 79' lang='lat' dir='ltr'><strong>ab</strong></span> <span class='ocrx_word' id='word_1_105' title='bbox 620 1164 855 1216; x_wconf 76' lang='lat' dir='ltr'><strong>imperatore</strong></span> <span class='ocrx_word' id='word_1_106' title='bbox 874 1164 999 1213; x_wconf 82' lang='lat' dir='ltr'><strong>missis</strong></span> <span class='ocrx_word' id='word_1_107' title='bbox 1018 1163 1303 1209; x_wconf 82' lang='lat' dir='ltr'><strong>abduceretur3</strong></span> <span class='ocrx_word' id='word_1_108' title='bbox 1334 1175 1432 1212; x_wconf 91' lang='lat' dir='ltr'><strong>quos</strong></span> <span class='ocrx_word' id='word_1_109' title='bbox 1459 1162 1584 1200; x_wconf 88' lang='lat' dir='ltr'><strong>libens</strong></span> 
     </span>
     <span class='ocr_line' id='line_1_16' title="bbox 147 1217 1586 1272; baseline -0.002 -14"><span class='ocrx_word' id='word_1_110' title='bbox 147 1223 306 1258; x_wconf 71' lang='lat' dir='ltr'><strong>secutus</strong></span> <span class='ocrx_word' id='word_1_111' title='bbox 335 1226 395 1259; x_wconf 72' lang='lat' dir='ltr'><strong>est</strong></span> <span class='ocrx_word' id='word_1_112' title='bbox 422 1234 526 1259; x_wconf 83' lang='lat' dir='ltr'><strong>anno</strong></span> <span class='ocrx_word' id='word_1_113' title='bbox 553 1220 641 1272; x_wconf 88' lang='lat' dir='ltr'><strong>ipso</strong></span> <span class='ocrx_word' id='word_1_114' title='bbox 660 1227 699 1259; x_wconf 90' lang='lat' dir='ltr'><strong>et</strong></span> <span class='ocrx_word' id='word_1_115' title='bbox 717 1234 848 1259; x_wconf 86' lang='lat' dir='ltr'><strong>mense</strong></span> <span class='ocrx_word' id='word_1_116' title='bbox 865 1234 943 1271; x_wconf 90' lang='lat' dir='ltr'><strong>quo</strong></span> <span class='ocrx_word' id='word_1_117' title='bbox 963 1225 1047 1258; x_wconf 82' lang='lat' dir='ltr'><strong>erat</strong></span> <span class='ocrx_word' id='word_1_118' title='bbox 1064 1225 1241 1257; x_wconf 84' lang='lat' dir='ltr'><strong>mortuus</strong></span> <span class='ocrx_word' id='word_1_119' title='bbox 1268 1217 1458 1266; x_wconf 65' lang='lat' dir='ltr'><strong>michael,</strong></span> <span class='ocrx_word' id='word_1_120' title='bbox 1487 1231 1586 1256; x_wconf 82' lang='lat' dir='ltr'><strong>con-</strong></span> 
     </span>
     <span class='ocr_line' id='line_1_17' title="bbox 148 1273 1588 1327; baseline -0.002 -13"><span class='ocrx_word' id='word_1_121' title='bbox 148 1273 306 1314; x_wconf 71' lang='lat' dir='ltr'><strong>cordiae</strong></span> <span class='ocrx_word' id='word_1_122' title='bbox 323 1288 416 1314; x_wconf 82' lang='lat' dir='ltr'><strong>cum</strong></span> <span class='ocrx_word' id='word_1_123' title='bbox 438 1277 587 1315; x_wconf 86' lang='lat' dir='ltr'><strong>Latinis</strong></span> <span class='ocrx_word' id='word_1_124' title='bbox 609 1283 748 1315; x_wconf 87' lang='lat' dir='ltr'><strong>auctor</strong></span> <span class='ocrx_word' id='word_1_125' title='bbox 765 1282 804 1315; x_wconf 89' lang='lat' dir='ltr'><strong>et</strong></span> <span class='ocrx_word' id='word_1_126' title='bbox 825 1289 950 1327; x_wconf 84' lang='lat' dir='ltr'><strong>usque</strong></span> <span class='ocrx_word' id='word_1_127' title='bbox 965 1275 1014 1313; x_wconf 91' lang='lat' dir='ltr'><strong>ad</strong></span> <span class='ocrx_word' id='word_1_128' title='bbox 1036 1275 1186 1312; x_wconf 89' lang='lat' dir='ltr'><strong>obitum</strong></span> <span class='ocrx_word' id='word_1_129' title='bbox 1210 1274 1401 1312; x_wconf 79' lang='lat' dir='ltr'><strong>defensor.</strong></span> <span class='ocrx_word' id='word_1_130' title='bbox 1457 1273 1498 1312; x_wconf 87' lang='lat' dir='ltr'><strong>id</strong></span> <span class='ocrx_word' id='word_1_131' title='bbox 1519 1287 1588 1324; x_wconf 88' lang='lat' dir='ltr'><strong>ge-</strong></span> 
     </span>
     <span class='ocr_line' id='line_1_18' title="bbox 149 1329 1587 1382; baseline -0.001 -14"><span class='ocrx_word' id='word_1_132' title='bbox 149 1336 254 1369; x_wconf 77' lang='lat' dir='ltr'><strong>stum</strong></span> <span class='ocrx_word' id='word_1_133' title='bbox 275 1332 468 1382; x_wconf 80' lang='lat' dir='ltr'><strong>postridie</strong></span> <span class='ocrx_word' id='word_1_134' title='bbox 485 1332 624 1370; x_wconf 85' lang='lat' dir='ltr'><strong>natalis</strong></span> <span class='ocrx_word' id='word_1_135' title='bbox 643 1332 793 1371; x_wconf 88' lang='lat' dir='ltr'><strong>domini</strong></span> <span class='ocrx_word' id='word_1_136' title='bbox 811 1332 932 1370; x_wconf 79' lang='lat' dir='ltr'><strong>tradit</strong></span> <span class='ocrx_word' id='word_1_137' title='bbox 948 1330 1093 1368; x_wconf 87' lang='lat' dir='ltr'><strong>ibidem</strong></span> <span class='ocrx_word' id='word_1_138' title='bbox 1110 1330 1335 1369; x_wconf 88' lang='lat' dir='ltr'><strong>historicus.</strong></span> <span class='ocrx_word' id='word_1_139' title='bbox 1363 1329 1587 1368; x_wconf 75' lang='lat' dir='ltr'><strong>Decembris</strong></span> 
     </span>
     <span class='ocr_line' id='line_1_19' title="bbox 148 1384 1587 1437; baseline -0.001 -13"><span class='ocrx_word' id='word_1_140' title='bbox 148 1384 272 1435; x_wconf 84' lang='lat' dir='ltr'><strong>igitur</strong></span> <span class='ocrx_word' id='word_1_141' title='bbox 296 1386 367 1426; x_wconf 81' lang='lat' dir='ltr'><strong>die</strong></span> <span class='ocrx_word' id='word_1_142' title='bbox 386 1391 442 1430; x_wconf 82' lang='lat'><strong>26</strong></span> <span class='ocrx_word' id='word_1_143' title='bbox 469 1401 573 1426; x_wconf 81' lang='lat' dir='ltr'><strong>anno</strong></span> <span class='ocrx_word' id='word_1_144' title='bbox 602 1388 749 1426; x_wconf 77' lang='lat' dir='ltr'><strong>Christi</strong></span> <span class='ocrx_word' id='word_1_145' title='bbox 776 1391 883 1430; x_wconf 82' lang='lat'>1282</span> <span class='ocrx_word' id='word_1_146' title='bbox 910 1387 1024 1425; x_wconf 86' lang='lat' dir='ltr'><strong>desiit</strong></span> <span class='ocrx_word' id='word_1_147' title='bbox 1043 1387 1192 1424; x_wconf 87' lang='lat' dir='ltr'><strong>Veccus</strong></span> <span class='ocrx_word' id='word_1_148' title='bbox 1211 1399 1251 1424; x_wconf 87' lang='lat' dir='ltr'><strong>se</strong></span> <span class='ocrx_word' id='word_1_149' title='bbox 1269 1399 1343 1437; x_wconf 90' lang='lat' dir='ltr'><strong>pro</strong></span> <span class='ocrx_word' id='word_1_150' title='bbox 1361 1384 1587 1437; x_wconf 83' lang='lat' dir='ltr'><strong>patriarcha</strong></span> 
     </span>
     <span class='ocr_line' id='line_1_20' title="bbox 148 1440 1587 1495; baseline -0.002 -14"><span class='ocrx_word' id='word_1_151' title='bbox 148 1453 296 1491; x_wconf 77' lang='lat' dir='ltr'><strong>gerere.</strong></span> <span class='ocrx_word' id='word_1_152' title='bbox 350 1455 470 1493; x_wconf 87' lang='lat' dir='ltr'><strong>quare</strong></span> <span class='ocrx_word' id='word_1_153' title='bbox 497 1449 646 1495; x_wconf 85' lang='lat' dir='ltr'><strong>septem</strong></span> <span class='ocrx_word' id='word_1_154' title='bbox 672 1443 809 1482; x_wconf 86' lang='lat' dir='ltr'><strong>solidis</strong></span> <span class='ocrx_word' id='word_1_155' title='bbox 830 1443 943 1481; x_wconf 86' lang='lat' dir='ltr'><strong>annis</strong></span> <span class='ocrx_word' id='word_1_156' title='bbox 961 1449 1000 1480; x_wconf 88' lang='lat' dir='ltr'><strong>et</strong></span> <span class='ocrx_word' id='word_1_157' title='bbox 1020 1442 1182 1480; x_wconf 89' lang='lat' dir='ltr'><strong>totidem</strong></span> <span class='ocrx_word' id='word_1_158' title='bbox 1199 1441 1358 1492; x_wconf 86' lang='lat' dir='ltr'><strong>integris</strong></span> <span class='ocrx_word' id='word_1_159' title='bbox 1387 1440 1587 1479; x_wconf 87' lang='lat' dir='ltr'><strong>mensibus</strong></span> 
     </span>
     <span class='ocr_line' id='line_1_21' title="bbox 147 1495 1587 1550; baseline -0.003 -11"><span class='ocrx_word' id='word_1_160' title='bbox 147 1495 193 1539; x_wconf 71' lang='lat' dir='ltr'><strong>in</strong></span> <span class='ocrx_word' id='word_1_161' title='bbox 211 1496 294 1535; x_wconf 77' lang='lat' dir='ltr'><strong>eius</strong></span> <span class='ocrx_word' id='word_1_162' title='bbox 311 1496 514 1548; x_wconf 85' lang='lat' dir='ltr'><strong>dignitatis</strong></span> <span class='ocrx_word' id='word_1_163' title='bbox 533 1499 773 1550; x_wconf 73' lang='lat' dir='ltr'><strong>possessione</strong></span> <span class='ocrx_word' id='word_1_164' title='bbox 794 1499 942 1537; x_wconf 88' lang='lat' dir='ltr'><strong>Veccus</strong></span> <span class='ocrx_word' id='word_1_165' title='bbox 961 1498 1144 1550; x_wconf 84' lang='lat' dir='ltr'><strong>perstitit.</strong></span> <span class='ocrx_word' id='word_1_166' title='bbox 1200 1498 1259 1536; x_wconf 90' lang='lat' dir='ltr'><strong>sic</strong></span> <span class='ocrx_word' id='word_1_167' title='bbox 1284 1497 1404 1546; x_wconf 79' lang='lat' dir='ltr'><strong>igitur</strong></span> <span class='ocrx_word' id='word_1_168' title='bbox 1431 1496 1587 1534; x_wconf 86' lang='lat' dir='ltr'><strong>intelli-</strong></span> 
     </span>
     <span class='ocr_line' id='line_1_22' title="bbox 147 1552 1586 1607; baseline -0.001 -17"><span class='ocrx_word' id='word_1_169' title='bbox 147 1552 273 1602; x_wconf 81' lang='lat' dir='ltr'><strong>gemla</strong></span> <span class='ocrx_word' id='word_1_170' title='bbox 292 1560 386 1592; x_wconf 84' lang='lat' dir='ltr'><strong>sunt</strong></span> <span class='ocrx_word' id='word_1_171' title='bbox 406 1554 474 1592; x_wconf 88' lang='lat' dir='ltr'><strong>illa</strong></span> <span class='ocrx_word' id='word_1_172' title='bbox 496 1555 674 1605; x_wconf 86' lang='lat' dir='ltr'><strong>Gregorii</strong></span> <span class='ocrx_word' id='word_1_173' title='bbox 695 1555 832 1607; x_wconf 88' lang='lat' dir='ltr'><strong>Cyprii</strong></span> <span class='ocrx_word' id='word_1_174' title='bbox 852 1554 971 1594; x_wconf 86' lang='lat' dir='ltr'><strong>verba</strong></span> <span class='ocrx_word' id='word_1_175' title='bbox 998 1554 1046 1592; x_wconf 91' lang='lat' dir='ltr'><strong>de</strong></span> <span class='ocrx_word' id='word_1_176' title='bbox 1067 1554 1195 1592; x_wconf 89' lang='lat' dir='ltr'><strong>Vecco</strong></span> <span class='ocrx_word' id='word_1_177' title='bbox 1219 1553 1267 1591; x_wconf 88' lang='lat' dir='ltr'><strong>ab</strong></span> <span class='ocrx_word' id='word_1_178' title='bbox 1285 1552 1345 1591; x_wconf 81' lang='lat'><strong>111.</strong></span> <span class='ocrx_word' id='word_1_179' title='bbox 1366 1553 1491 1590; x_wconf 90' lang='lat' dir='ltr'><strong>Leone</strong></span> <span class='ocrx_word' id='word_1_180' title='bbox 1513 1552 1586 1590; x_wconf 79' lang='lat' dir='ltr'><strong>Al-</strong></span> 
     </span>
     <span class='ocr_line' id='line_1_23' title="bbox 146 1605 1587 1675; baseline 0.001 -30"><span class='ocrx_word' id='word_1_181' title='bbox 146 1607 244 1646; x_wconf 80' lang='lat' dir='ltr'><strong>latio</strong></span> <span class='ocrx_word' id='word_1_182' title='bbox 272 1608 468 1660; x_wconf 86' lang='lat' dir='ltr'><strong>descripta</strong></span> <span class='ocrx_word' id='word_1_183' title='bbox 498 1611 574 1652; x_wconf 84' lang='lat' dir='ltr'><strong>col.</strong></span> <span class='ocrx_word' id='word_1_184' title='bbox 592 1614 675 1654; x_wconf 88' lang='lat'><strong>766</strong></span> <span class='ocrx_word' id='word_1_185' title='bbox 692 1611 833 1667; x_wconf 83' lang='lat' dir='ltr'><strong>operis</strong></span> <span class='ocrx_word' id='word_1_186' title='bbox 858 1610 907 1648; x_wconf 89' lang='lat' dir='ltr'><strong>de</strong></span> <span class='ocrx_word' id='word_1_187' title='bbox 935 1611 1048 1661; x_wconf 91' lang='lat' dir='ltr'><strong>Perp.</strong></span> <span class='ocrx_word' id='word_1_188' title='bbox 1067 1609 1182 1647; x_wconf 86' lang='lat' dir='ltr'><strong>Cous.</strong></span> <span class='ocrx_word' id='word_1_189' title='bbox 1209 1605 1316 1658; x_wconf 77' lang='grc' dir='ltr'><strong>πλὴν</strong></span> <span class='ocrx_word' id='word_1_190' title='bbox 1342 1605 1486 1675; x_wconf 77' lang='lat' dir='ltr'><strong>oydoov</strong></span> <span class='ocrx_word' id='word_1_191' title='bbox 1514 1605 1587 1659; x_wconf 82' lang='grc' dir='ltr'><strong>μὲν</strong></span> 
     </span>
     <span class='ocr_line' id='line_1_24' title="bbox 145 1660 1586 1734; baseline 0 -32"><span class='ocrx_word' id='word_1_192' title='bbox 145 1665 204 1718; x_wconf 65' lang='grc' dir='ltr'><strong>τῷ</strong></span> <span class='ocrx_word' id='word_1_193' title='bbox 231 1667 343 1718; x_wconf 73' lang='grc' dir='ltr'><strong>κακῷ</strong></span> <span class='ocrx_word' id='word_1_194' title='bbox 367 1662 452 1732; x_wconf 64' lang='grc' dir='ltr'><strong>τρδε</strong></span> <span class='ocrx_word' id='word_1_195' title='bbox 479 1663 619 1731; x_wconf 77' lang='grc' dir='ltr'><strong><em>σχεδὸν</em></strong></span> <span class='ocrx_word' id='word_1_196' title='bbox 646 1662 792 1734; x_wconf 82' lang='grc' dir='ltr'><strong><em>η’νυετο</em></strong></span> <span class='ocrx_word' id='word_1_197' title='bbox 827 1666 930 1714; x_wconf 78' lang='grc' dir='ltr'><em>ἔτος·</em></span> <span class='ocrx_word' id='word_1_198' title='bbox 959 1665 1000 1714; x_wconf 75' lang='grc' dir='ltr'><strong>ἐς</strong></span> <span class='ocrx_word' id='word_1_199' title='bbox 1029 1667 1216 1705; x_wconf 78' lang='grc' dir='ltr'><strong>τοσοῦτον</strong></span> <span class='ocrx_word' id='word_1_200' title='bbox 1239 1662 1290 1715; x_wconf 73' lang='grc' dir='ltr'><strong>δή</strong></span> <span class='ocrx_word' id='word_1_201' title='bbox 1313 1660 1498 1710; x_wconf 66' lang='grc' dir='ltr'><strong><em>κάκεῖνος</em></strong></span> <span class='ocrx_word' id='word_1_202' title='bbox 1515 1661 1586 1703; x_wconf 78' lang='grc' dir='ltr'><strong>τὸν</strong></span> 
     </span>
     <span class='ocr_line' id='line_1_25' title="bbox 144 1717 1585 1774; baseline -0.003 -14"><span class='ocrx_word' id='word_1_203' title='bbox 144 1717 422 1772; x_wconf 58' lang='lat' dir='ltr'><strong>memnonia!</strong></span> <span class='ocrx_word' id='word_1_204' title='bbox 446 1718 602 1772; x_wconf 80' lang='grc' dir='ltr'><strong><em>θρόνον</em></strong></span> <span class='ocrx_word' id='word_1_205' title='bbox 618 1725 690 1774; x_wconf 79' lang='grc' dir='ltr'><strong>τῆς</strong></span> <span class='ocrx_word' id='word_1_206' title='bbox 707 1718 758 1763; x_wconf 81' lang='grc' dir='ltr'><strong>ου’</strong></span> <span class='ocrx_word' id='word_1_207' title='bbox 776 1725 901 1773; x_wconf 76' lang='grc' dir='ltr'><strong><em>καλῆς</em></strong></span> <span class='ocrx_word' id='word_1_208' title='bbox 922 1721 1154 1773; x_wconf 76' lang='grc' dir='ltr'><strong><em>ἐπικαρπίας</em></strong></span> <span class='ocrx_word' id='word_1_209' title='bbox 1172 1717 1273 1771; x_wconf 80' lang='grc' dir='ltr'><em>εἶχεν</em></span> <span class='ocrx_word' id='word_1_210' title='bbox 1290 1719 1509 1769; x_wconf 73' lang='grc' dir='ltr'><strong>ἔνι’ὃρυσινε</strong></span> <span class='ocrx_word' id='word_1_211' title='bbox 1538 1724 1585 1759; x_wconf 85' lang='lat' dir='ltr'><strong>ut</strong></span> 
     </span>
     <span class='ocr_line' id='line_1_26' title="bbox 144 1773 1583 1830; baseline 0.001 -19"><span class='ocrx_word' id='word_1_212' title='bbox 144 1787 228 1812; x_wconf 82' lang='lat' dir='ltr'><strong>non</strong></span> <span class='ocrx_word' id='word_1_213' title='bbox 248 1775 363 1826; x_wconf 86' lang='lat' dir='ltr'><strong>plane</strong></span> <span class='ocrx_word' id='word_1_214' title='bbox 378 1777 590 1816; x_wconf 86' lang='lat' dir='ltr'><strong>absolverit</strong></span> <span class='ocrx_word' id='word_1_215' title='bbox 608 1778 785 1816; x_wconf 87' lang='lat' dir='ltr'><strong>Veccus</strong></span> <span class='ocrx_word' id='word_1_216' title='bbox 773 1792 816 1816; x_wconf 86' lang='lat' dir='ltr'><strong>m</strong></span> <span class='ocrx_word' id='word_1_217' title='bbox 838 1777 1102 1830; x_wconf 82' lang='lat' dir='ltr'><strong>patriarchatu</strong></span> <span class='ocrx_word' id='word_1_218' title='bbox 1123 1782 1308 1814; x_wconf 88' lang='lat' dir='ltr'><strong>octavum</strong></span> <span class='ocrx_word' id='word_1_219' title='bbox 1325 1787 1484 1820; x_wconf 88' lang='lat' dir='ltr'><strong>annum,</strong></span> <span class='ocrx_word' id='word_1_220' title='bbox 1513 1773 1583 1812; x_wconf 83' lang='lat' dir='ltr'><strong>sed</strong></span> 
     </span>
     <span class='ocr_line' id='line_1_27' title="bbox 144 1802 1581 1920; baseline 0 -53"><span class='ocrx_word' id='word_1_221' title='bbox 144 1842 205 1920; x_wconf 54' lang='lat' dir='ltr'><em>g</em></span> <span class='ocrx_word' id='word_1_222' title='bbox 204 1829 248 1867; x_wconf 87' lang='lat' dir='ltr'><strong>in</strong></span> <span class='ocrx_word' id='word_1_223' title='bbox 274 1844 395 1870; x_wconf 82' lang='lat' dir='ltr'><strong>cursu</strong></span> <span class='ocrx_word' id='word_1_224' title='bbox 413 1832 535 1871; x_wconf 76' lang='lat' dir='ltr'><strong>fuerit</strong></span> <span class='ocrx_word' id='word_1_225' title='bbox 557 1839 597 1872; x_wconf 91' lang='lat' dir='ltr'><strong>et</strong></span> <span class='ocrx_word' id='word_1_226' title='bbox 619 1834 766 1873; x_wconf 85' lang='lat' dir='ltr'><strong>maiore</strong></span> <span class='ocrx_word' id='word_1_227' title='bbox 785 1847 833 1872; x_wconf 82' lang='lat' dir='ltr'><strong>ex</strong></span> <span class='ocrx_word' id='word_1_228' title='bbox 850 1840 962 1886; x_wconf 84' lang='lat' dir='ltr'><strong>parte</strong></span> <span class='ocrx_word' id='word_1_229' title='bbox 977 1838 1223 1879; x_wconf 83' lang='lat' dir='ltr'><strong>transactus,</strong></span> <span class='ocrx_word' id='word_1_230' title='bbox 1252 1843 1339 1870; x_wconf 90' lang='lat' dir='ltr'><strong>cum</strong></span> <span class='ocrx_word' id='word_1_231' title='bbox 1360 1835 1421 1866; x_wconf 84' lang='lat' dir='ltr'><strong>est</strong></span> <span class='ocrx_word' id='word_1_232' title='bbox 1436 1802 1581 1867; x_wconf 84' lang='lat' dir='ltr'><strong>throno</strong></span> 
     </span>
     <span class='ocr_line' id='line_1_28' title="bbox 172 1883 331 1926; baseline 0.031 -5"><span class='ocrx_word' id='word_1_233' title='bbox 172 1883 331 1926; x_wconf 76' lang='lat' dir='ltr'><strong>eiectus.</strong></span> 
     </span>
    </p>

    <p class='ocr_par' dir='ltr' id='par_1_5' title="bbox 141 1937 1579 2660">
     <span class='ocr_line' id='line_1_29' title="bbox 253 1937 1579 1994; baseline -0.002 -17"><span class='ocrx_word' id='word_1_234' title='bbox 253 1938 304 1978; x_wconf 91' lang='lat'><strong>11.</strong></span> <span class='ocrx_word' id='word_1_235' title='bbox 357 1940 481 1980; x_wconf 88' lang='lat' dir='ltr'><strong>Docet</strong></span> <span class='ocrx_word' id='word_1_236' title='bbox 503 1955 543 1993; x_wconf 88' lang='lat' dir='ltr'><strong>p.</strong></span> <span class='ocrx_word' id='word_1_237' title='bbox 563 1945 614 1985; x_wconf 84' lang='lat'><strong>19</strong></span> <span class='ocrx_word' id='word_1_238' title='bbox 636 1955 681 1984; x_wconf 82' lang='lat' dir='ltr'><strong>v.</strong></span> <span class='ocrx_word' id='word_1_239' title='bbox 700 1946 751 1984; x_wconf 84' lang='lat'><strong>18</strong></span> <span class='ocrx_word' id='word_1_240' title='bbox 769 1943 1026 1994; x_wconf 84' lang='lat' dir='ltr'><strong>Pachymeres</strong></span> <span class='ocrx_word' id='word_1_241' title='bbox 1044 1940 1251 1991; x_wconf 84' lang='lat' dir='ltr'><strong>Iosephum</strong></span> <span class='ocrx_word' id='word_1_242' title='bbox 1273 1939 1336 1976; x_wconf 88' lang='lat' dir='ltr'><strong>die</strong></span> <span class='ocrx_word' id='word_1_243' title='bbox 1357 1937 1579 1977; x_wconf 82' lang='lat' dir='ltr'><strong>Decembris</strong></span> 
     </span>
     <span class='ocr_line' id='line_1_30' title="bbox 144 1993 1577 2047; baseline -0.001 -16"><span class='ocrx_word' id='word_1_244' title='bbox 144 1993 365 2044; x_wconf 85' lang='lat' dir='ltr'><strong>tricesima,</strong></span> <span class='ocrx_word' id='word_1_245' title='bbox 392 1996 528 2034; x_wconf 89' lang='lat' dir='ltr'><strong>eodem</strong></span> <span class='ocrx_word' id='word_1_246' title='bbox 561 2011 687 2046; x_wconf 88' lang='lat' dir='ltr'><strong>anno,</strong></span> <span class='ocrx_word' id='word_1_247' title='bbox 713 1998 856 2035; x_wconf 88' lang='lat' dir='ltr'><strong>iterum</strong></span> <span class='ocrx_word' id='word_1_248' title='bbox 878 1998 922 2035; x_wconf 90' lang='lat' dir='ltr'><strong>in</strong></span> <span class='ocrx_word' id='word_1_249' title='bbox 950 1997 1062 2035; x_wconf 86' lang='lat' dir='ltr'><strong>aedes</strong></span> <span class='ocrx_word' id='word_1_250' title='bbox 1090 1994 1369 2047; x_wconf 81' lang='lat' dir='ltr'><strong>patriarchales</strong></span> <span class='ocrx_word' id='word_1_251' title='bbox 1392 2000 1577 2044; x_wconf 86' lang='lat' dir='ltr'><strong>reporta-</strong></span> 
     </span>
     <span class='ocr_line' id='line_1_31' title="bbox 144 2048 1578 2104; baseline 0.002 -17"><span class='ocrx_word' id='word_1_252' title='bbox 144 2055 243 2090; x_wconf 84' lang='lat' dir='ltr'><strong>tum.</strong></span> <span class='ocrx_word' id='word_1_253' title='bbox 298 2051 455 2090; x_wconf 87' lang='lat' dir='ltr'><strong>ostendi</strong></span> <span class='ocrx_word' id='word_1_254' title='bbox 468 2053 552 2090; x_wconf 80' lang='lat' dir='ltr'><strong>vol.</strong></span> <span class='ocrx_word' id='word_1_255' title='bbox 570 2052 588 2090; x_wconf 93' lang='grc' dir='ltr'>Ι</span> <span class='ocrx_word' id='word_1_256' title='bbox 605 2066 643 2104; x_wconf 91' lang='lat' dir='ltr'><strong>p.</strong></span> <span class='ocrx_word' id='word_1_257' title='bbox 658 2056 740 2094; x_wconf 82' lang='lat'><strong>732</strong></span> <span class='ocrx_word' id='word_1_258' title='bbox 767 2053 978 2103; x_wconf 86' lang='lat' dir='ltr'><strong>Iosephum</strong></span> <span class='ocrx_word' id='word_1_259' title='bbox 999 2065 1019 2090; x_wconf 88' lang='lat' dir='ltr'><strong>e</strong></span> <span class='ocrx_word' id='word_1_260' title='bbox 1038 2049 1276 2102; x_wconf 85' lang='lat' dir='ltr'><strong>patriarchio</strong></span> <span class='ocrx_word' id='word_1_261' title='bbox 1294 2049 1494 2089; x_wconf 77' lang='lat' dir='ltr'><strong>secessisse</strong></span> <span class='ocrx_word' id='word_1_262' title='bbox 1512 2048 1578 2090; x_wconf 82' lang='lat' dir='ltr'><strong>die</strong></span> 
     </span>
     <span class='ocr_line' id='line_1_32' title="bbox 144 2105 1578 2155; baseline 0 -12"><span class='ocrx_word' id='word_1_263' title='bbox 144 2105 353 2144; x_wconf 82' lang='lat' dir='ltr'><strong>undecima</strong></span> <span class='ocrx_word' id='word_1_264' title='bbox 376 2107 545 2145; x_wconf 81' lang='lat' dir='ltr'><strong>Ianuarii</strong></span> <span class='ocrx_word' id='word_1_265' title='bbox 574 2121 677 2145; x_wconf 88' lang='lat' dir='ltr'><strong>anno</strong></span> <span class='ocrx_word' id='word_1_266' title='bbox 700 2107 845 2146; x_wconf 83' lang='lat' dir='ltr'><strong>Christi</strong></span> <span class='ocrx_word' id='word_1_267' title='bbox 866 2107 985 2149; x_wconf 81' lang='lat'><strong>1274.</strong></span> <span class='ocrx_word' id='word_1_268' title='bbox 1042 2107 1151 2144; x_wconf 78' lang='lat' dir='ltr'><strong>annis</strong></span> <span class='ocrx_word' id='word_1_269' title='bbox 1167 2106 1286 2155; x_wconf 85' lang='lat' dir='ltr'><strong>igitur</strong></span> <span class='ocrx_word' id='word_1_270' title='bbox 1306 2111 1417 2154; x_wconf 81' lang='lat' dir='ltr'><strong>octo,</strong></span> <span class='ocrx_word' id='word_1_271' title='bbox 1445 2105 1578 2143; x_wconf 76' lang='lat' dir='ltr'><strong>minus</strong></span> 
     </span>
     <span class='ocr_line' id='line_1_33' title="bbox 145 2160 1578 2214; baseline -0.001 -14"><span class='ocrx_word' id='word_1_272' title='bbox 145 2160 353 2200; x_wconf 84' lang='lat' dir='ltr'><strong>duodecim</strong></span> <span class='ocrx_word' id='word_1_273' title='bbox 371 2162 518 2208; x_wconf 84' lang='lat' dir='ltr'><strong>diebus,</strong></span> <span class='ocrx_word' id='word_1_274' title='bbox 536 2169 648 2200; x_wconf 81' lang='lat' dir='ltr'><strong>extra</strong></span> <span class='ocrx_word' id='word_1_275' title='bbox 665 2163 850 2214; x_wconf 86' lang='lat' dir='ltr'><strong>palatium</strong></span> <span class='ocrx_word' id='word_1_276' title='bbox 871 2162 1131 2214; x_wconf 82' lang='lat' dir='ltr'><strong>patriarchale</strong></span> <span class='ocrx_word' id='word_1_277' title='bbox 1150 2175 1239 2200; x_wconf 92' lang='lat' dir='ltr'><strong>cum</strong></span> <span class='ocrx_word' id='word_1_278' title='bbox 1257 2161 1451 2213; x_wconf 84' lang='lat' dir='ltr'><strong>privatam</strong></span> <span class='ocrx_word' id='word_1_279' title='bbox 1473 2160 1578 2210; x_wconf 83' lang='lat' dir='ltr'><strong>egis-</strong></span> 
     </span>
     <span class='ocr_line' id='line_1_34' title="bbox 141 2215 1577 2267; baseline -0.001 -12"><span class='ocrx_word' id='word_1_280' title='bbox 141 2222 201 2255; x_wconf 86' lang='lat' dir='ltr'><strong>set</strong></span> <span class='ocrx_word' id='word_1_281' title='bbox 218 2217 360 2267; x_wconf 79' lang='lat' dir='ltr'><strong>vitam,</strong></span> <span class='ocrx_word' id='word_1_282' title='bbox 388 2218 430 2256; x_wconf 90' lang='lat' dir='ltr'><strong>iu</strong></span> <span class='ocrx_word' id='word_1_283' title='bbox 448 2218 490 2255; x_wconf 90' lang='lat' dir='ltr'><strong>id</strong></span> <span class='ocrx_word' id='word_1_284' title='bbox 508 2224 569 2256; x_wconf 83' lang='lat' dir='ltr'><strong>est</strong></span> <span class='ocrx_word' id='word_1_285' title='bbox 589 2218 717 2256; x_wconf 87' lang='lat' dir='ltr'><strong>denuo</strong></span> <span class='ocrx_word' id='word_1_286' title='bbox 735 2218 894 2256; x_wconf 85' lang='lat' dir='ltr'><strong>relatus.</strong></span> <span class='ocrx_word' id='word_1_287' title='bbox 947 2218 1005 2255; x_wconf 90' lang='lat' dir='ltr'><strong>ibi</strong></span> <span class='ocrx_word' id='word_1_288' title='bbox 1026 2231 1107 2255; x_wconf 89' lang='lat' dir='ltr'><strong>non</strong></span> <span class='ocrx_word' id='word_1_289' title='bbox 1128 2218 1223 2255; x_wconf 81' lang='lat' dir='ltr'><strong>totis</strong></span> <span class='ocrx_word' id='word_1_290' title='bbox 1249 2217 1403 2255; x_wconf 83' lang='lat' dir='ltr'><strong>duobus</strong></span> <span class='ocrx_word' id='word_1_291' title='bbox 1420 2215 1577 2255; x_wconf 87' lang='lat' dir='ltr'><strong>mensi-</strong></span> 
     </span>
     <span class='ocr_line' id='line_1_35' title="bbox 141 2271 1576 2324; baseline 0 -14"><span class='ocrx_word' id='word_1_292' title='bbox 141 2271 216 2310; x_wconf 80' lang='lat' dir='ltr'><strong>bus</strong></span> <span class='ocrx_word' id='word_1_293' title='bbox 233 2272 496 2324; x_wconf 86' lang='lat' dir='ltr'><strong>patriarcham</strong></span> <span class='ocrx_word' id='word_1_294' title='bbox 515 2274 607 2324; x_wconf 86' lang='lat' dir='ltr'><strong>egit.</strong></span> <span class='ocrx_word' id='word_1_295' title='bbox 665 2287 756 2311; x_wconf 88' lang='lat' dir='ltr'><strong>nam</strong></span> <span class='ocrx_word' id='word_1_296' title='bbox 777 2274 943 2312; x_wconf 85' lang='lat' dir='ltr'><strong>affirmat</strong></span> <span class='ocrx_word' id='word_1_297' title='bbox 959 2279 1094 2311; x_wconf 87' lang='lat' dir='ltr'><strong>noster</strong></span> <span class='ocrx_word' id='word_1_298' title='bbox 1115 2287 1153 2324; x_wconf 85' lang='lat' dir='ltr'><strong>p.</strong></span> <span class='ocrx_word' id='word_1_299' title='bbox 1171 2275 1225 2314; x_wconf 78' lang='lat'><strong>38</strong></span> <span class='ocrx_word' id='word_1_300' title='bbox 1245 2285 1285 2311; x_wconf 85' lang='lat' dir='ltr'><strong>v.</strong></span> <span class='ocrx_word' id='word_1_301' title='bbox 1303 2275 1355 2313; x_wconf 87' lang='lat'><strong>16</strong></span> <span class='ocrx_word' id='word_1_302' title='bbox 1375 2278 1576 2312; x_wconf 85' lang='lat' dir='ltr'><strong>mortuum</strong></span> 
     </span>
     <span class='ocr_line' id='line_1_36' title="bbox 142 2327 1578 2371; baseline 0 -5"><span class='ocrx_word' id='word_1_303' title='bbox 142 2328 261 2367; x_wconf 79' lang='lat' dir='ltr'><strong>fuisse</strong></span> <span class='ocrx_word' id='word_1_304' title='bbox 275 2329 390 2368; x_wconf 84' lang='lat' dir='ltr'><strong>illum</strong></span> <span class='ocrx_word' id='word_1_305' title='bbox 404 2330 567 2368; x_wconf 86' lang='lat' dir='ltr'><strong>ineunte</strong></span> <span class='ocrx_word' id='word_1_306' title='bbox 586 2329 729 2368; x_wconf 79' lang='lat' dir='ltr'><strong>Martio</strong></span> <span class='ocrx_word' id='word_1_307' title='bbox 747 2330 838 2366; x_wconf 87' lang='lat' dir='ltr'><strong>anni</strong></span> <span class='ocrx_word' id='word_1_308' title='bbox 858 2330 940 2367; x_wconf 84' lang='lat' dir='ltr'><strong>sine</strong></span> <span class='ocrx_word' id='word_1_309' title='bbox 958 2329 1074 2366; x_wconf 90' lang='lat' dir='ltr'><strong>dubio</strong></span> <span class='ocrx_word' id='word_1_310' title='bbox 1098 2330 1218 2371; x_wconf 82' lang='lat'><strong>1283.</strong></span> <span class='ocrx_word' id='word_1_311' title='bbox 1273 2327 1428 2367; x_wconf 83' lang='lat' dir='ltr'><strong>dixerat</strong></span> <span class='ocrx_word' id='word_1_312' title='bbox 1445 2333 1578 2366; x_wconf 88' lang='lat' dir='ltr'><strong>autem</strong></span> 
     </span>
     <span class='ocr_line' id='line_1_37' title="bbox 143 2383 1577 2436; baseline -0.001 -15"><span class='ocrx_word' id='word_1_313' title='bbox 143 2383 271 2435; x_wconf 80' lang='lat' dir='ltr'><strong>capite</strong></span> <span class='ocrx_word' id='word_1_314' title='bbox 295 2385 544 2436; x_wconf 87' lang='lat' dir='ltr'><strong>praecedenti</strong></span> <span class='ocrx_word' id='word_1_315' title='bbox 574 2397 663 2423; x_wconf 90' lang='lat' dir='ltr'><strong>eum</strong></span> <span class='ocrx_word' id='word_1_316' title='bbox 686 2385 821 2423; x_wconf 87' lang='lat' dir='ltr'><strong>morbo</strong></span> <span class='ocrx_word' id='word_1_317' title='bbox 842 2391 880 2422; x_wconf 88' lang='lat' dir='ltr'><strong>et</strong></span> <span class='ocrx_word' id='word_1_318' title='bbox 902 2386 1008 2423; x_wconf 80' lang='lat' dir='ltr'><strong>senio</strong></span> <span class='ocrx_word' id='word_1_319' title='bbox 1033 2390 1236 2434; x_wconf 81' lang='lat' dir='ltr'><strong>gravatum</strong></span> <span class='ocrx_word' id='word_1_320' title='bbox 1253 2384 1372 2435; x_wconf 90' lang='lat' dir='ltr'><strong>paulo</strong></span> <span class='ocrx_word' id='word_1_321' title='bbox 1394 2389 1483 2422; x_wconf 84' lang='lat' dir='ltr'><strong>ante</strong></span> <span class='ocrx_word' id='word_1_322' title='bbox 1501 2396 1577 2434; x_wconf 84' lang='lat' dir='ltr'><strong>pa·-</strong></span> 
     </span>
     <span class='ocr_line' id='line_1_38' title="bbox 141 2438 1578 2490; baseline -0.001 -14"><span class='ocrx_word' id='word_1_323' title='bbox 141 2439 397 2479; x_wconf 74' lang='lat' dir='ltr'><strong>triarchatum</strong></span> <span class='ocrx_word' id='word_1_324' title='bbox 428 2440 653 2490; x_wconf 76' lang='lat' dir='ltr'><strong>abdicasse,</strong></span> <span class='ocrx_word' id='word_1_325' title='bbox 680 2440 794 2478; x_wconf 86' lang='lat' dir='ltr'><strong>cuius</strong></span> <span class='ocrx_word' id='word_1_326' title='bbox 823 2440 1078 2480; x_wconf 79' lang='lat' dir='ltr'><strong>abdicationis</strong></span> <span class='ocrx_word' id='word_1_327' title='bbox 1108 2441 1299 2490; x_wconf 82' lang='lat' dir='ltr'><strong>scriptum</strong></span> <span class='ocrx_word' id='word_1_328' title='bbox 1324 2438 1402 2478; x_wconf 85' lang='lat' dir='ltr'><strong>rite</strong></span> <span class='ocrx_word' id='word_1_329' title='bbox 1420 2440 1578 2481; x_wconf 75' lang='lat' dir='ltr'><strong>forma-</strong></span> 
     </span>
     <span class='ocr_line' id='line_1_39' title="bbox 141 2492 1576 2548; baseline 0.002 -16"><span class='ocrx_word' id='word_1_330' title='bbox 141 2499 228 2533; x_wconf 88' lang='lat' dir='ltr'><strong>tum</strong></span> <span class='ocrx_word' id='word_1_331' title='bbox 247 2496 451 2547; x_wconf 88' lang='lat' dir='ltr'><strong>prodierit.</strong></span> <span class='ocrx_word' id='word_1_332' title='bbox 488 2497 668 2548; x_wconf 88' lang='lat' dir='ltr'><strong>oportuit</strong></span> <span class='ocrx_word' id='word_1_333' title='bbox 683 2496 726 2534; x_wconf 88' lang='lat' dir='ltr'><strong>id</strong></span> <span class='ocrx_word' id='word_1_334' title='bbox 743 2496 889 2534; x_wconf 77' lang='lat' dir='ltr'><strong>factum</strong></span> <span class='ocrx_word' id='word_1_335' title='bbox 907 2508 1039 2534; x_wconf 84' lang='lat' dir='ltr'><strong>mense</strong></span> <span class='ocrx_word' id='word_1_336' title='bbox 1052 2495 1264 2534; x_wconf 85' lang='lat' dir='ltr'><strong>Februario</strong></span> <span class='ocrx_word' id='word_1_337' title='bbox 1282 2494 1455 2533; x_wconf 77' lang='lat' dir='ltr'><strong>eiusdem</strong></span> <span class='ocrx_word' id='word_1_338' title='bbox 1472 2492 1576 2535; x_wconf 85' lang='lat' dir='ltr'><strong>anui.</strong></span> 
     </span>
     <span class='ocr_line' id='line_1_40' title="bbox 143 2549 1577 2603; baseline 0 -15"><span class='ocrx_word' id='word_1_339' title='bbox 143 2563 263 2599; x_wconf 79' lang='lat' dir='ltr'><strong>quare</strong></span> <span class='ocrx_word' id='word_1_340' title='bbox 281 2551 440 2591; x_wconf 85' lang='lat' dir='ltr'><strong>brevior</strong></span> <span class='ocrx_word' id='word_1_341' title='bbox 459 2552 639 2591; x_wconf 87' lang='lat' dir='ltr'><strong>bimestri</strong></span> <span class='ocrx_word' id='word_1_342' title='bbox 656 2552 850 2590; x_wconf 82' lang='lat' dir='ltr'><strong>secundus</strong></span> <span class='ocrx_word' id='word_1_343' title='bbox 867 2551 1024 2603; x_wconf 81' lang='lat' dir='ltr'><strong>Iosephi</strong></span> <span class='ocrx_word' id='word_1_344' title='bbox 1042 2549 1328 2602; x_wconf 83' lang='lat' dir='ltr'><strong>patriarchatus</strong></span> <span class='ocrx_word' id='word_1_345' title='bbox 1341 2550 1431 2600; x_wconf 75' lang='lat' dir='ltr'><strong>fuit,</strong></span> <span class='ocrx_word' id='word_1_346' title='bbox 1459 2562 1577 2600; x_wconf 84' lang='lat' dir='ltr'><strong>quem</strong></span> 
     </span>
     <span class='ocr_line' id='line_1_41' title="bbox 142 2605 1258 2660; baseline 0.002 -18"><span class='ocrx_word' id='word_1_347' title='bbox 142 2605 247 2644; x_wconf 82' lang='lat' dir='ltr'><strong>vitae</strong></span> <span class='ocrx_word' id='word_1_348' title='bbox 262 2606 354 2646; x_wconf 71' lang='lat' dir='ltr'><strong>finis</strong></span> <span class='ocrx_word' id='word_1_349' title='bbox 373 2614 430 2646; x_wconf 84' lang='lat' dir='ltr'><strong>eat</strong></span> <span class='ocrx_word' id='word_1_350' title='bbox 447 2614 605 2647; x_wconf 82' lang='lat' dir='ltr'><strong>secutus</strong></span> <span class='ocrx_word' id='word_1_351' title='bbox 629 2621 845 2660; x_wconf 80' lang='lat' dir='ltr'><strong>paucorum</strong></span> <span class='ocrx_word' id='word_1_352' title='bbox 863 2608 1017 2646; x_wconf 85' lang='lat' dir='ltr'><strong>dierum</strong></span> <span class='ocrx_word' id='word_1_353' title='bbox 1035 2606 1258 2646; x_wconf 85' lang='lat' dir='ltr'><strong>intervallo.</strong></span> 
     </span>
    </p>

    <p class='ocr_par' dir='ltr' id='par_1_6' title="bbox 139 2658 1575 2827">
     <span class='ocr_line' id='line_1_42' title="bbox 249 2658 1573 2702; baseline 0.001 -2"><span class='ocrx_word' id='word_1_354' title='bbox 249 2661 317 2701; x_wconf 90' lang='lat'><strong>111.</strong></span> <span class='ocrx_word' id='word_1_355' title='bbox 371 2663 434 2701; x_wconf 75' lang='lat' dir='ltr'><strong>Ad</strong></span> <span class='ocrx_word' id='word_1_356' title='bbox 462 2664 638 2702; x_wconf 64' lang='lat' dir='ltr'><strong>vaccum</strong></span> <span class='ocrx_word' id='word_1_357' title='bbox 660 2664 875 2702; x_wconf 83' lang='lat' dir='ltr'><strong>redeamus.</strong></span> <span class='ocrx_word' id='word_1_358' title='bbox 927 2663 962 2701; x_wconf 82' lang='lat' dir='ltr'><strong>is</strong></span> <span class='ocrx_word' id='word_1_359' title='bbox 989 2674 1122 2701; x_wconf 89' lang='lat' dir='ltr'><strong>mense</strong></span> <span class='ocrx_word' id='word_1_360' title='bbox 1147 2661 1327 2700; x_wconf 78' lang='lat' dir='ltr'><strong>Ianuario</strong></span> <span class='ocrx_word' id='word_1_361' title='bbox 1350 2658 1443 2698; x_wconf 87' lang='lat' dir='ltr'><strong>anni</strong></span> <span class='ocrx_word' id='word_1_362' title='bbox 1468 2660 1573 2701; x_wconf 80' lang='lat'>1283</span> 
     </span>
     <span class='ocr_line' id='line_1_43' title="bbox 141 2714 1573 2770; baseline 0.003 -18"><span class='ocrx_word' id='word_1_363' title='bbox 141 2714 260 2753; x_wconf 71' lang='lat' dir='ltr'><strong>variis</strong></span> <span class='ocrx_word' id='word_1_364' title='bbox 281 2716 620 2757; x_wconf 81' lang='lat' dir='ltr'><strong>schismaticorum</strong></span> <span class='ocrx_word' id='word_1_365' title='bbox 645 2720 860 2770; x_wconf 83' lang='lat' dir='ltr'><strong>exagitatus</strong></span> <span class='ocrx_word' id='word_1_366' title='bbox 878 2717 1104 2766; x_wconf 73' lang='lat' dir='ltr'><strong>calumniis,</strong></span> <span class='ocrx_word' id='word_1_367' title='bbox 1134 2723 1174 2756; x_wconf 89' lang='lat' dir='ltr'><strong>et</strong></span> <span class='ocrx_word' id='word_1_368' title='bbox 1189 2717 1298 2768; x_wconf 85' lang='lat' dir='ltr'><strong>quod</strong></span> <span class='ocrx_word' id='word_1_369' title='bbox 1315 2730 1350 2754; x_wconf 84' lang='lat' dir='ltr'><strong>c.</strong></span> <span class='ocrx_word' id='word_1_370' title='bbox 1370 2719 1423 2756; x_wconf 88' lang='grc'><strong>10</strong></span> <span class='ocrx_word' id='word_1_371' title='bbox 1440 2727 1573 2753; x_wconf 68' lang='lat' dir='ltr'><strong>narn·</strong></span> 
     </span>
     <span class='ocr_line' id='line_1_44' title="bbox 139 2770 1575 2827; baseline 0.001 -18"><span class='ocrx_word' id='word_1_372' title='bbox 139 2774 228 2819; x_wconf 74' lang='lat' dir='ltr'><strong>tur,</strong></span> <span class='ocrx_word' id='word_1_373' title='bbox 256 2771 398 2812; x_wconf 78' lang='lat' dir='ltr'><strong>citatus</strong></span> <span class='ocrx_word' id='word_1_374' title='bbox 419 2773 469 2813; x_wconf 76' lang='lat' dir='ltr'><strong>ad</strong></span> <span class='ocrx_word' id='word_1_375' title='bbox 487 2774 711 2826; x_wconf 81' lang='lat' dir='ltr'><strong>synodum,</strong></span> <span class='ocrx_word' id='word_1_376' title='bbox 739 2775 848 2815; x_wconf 86' lang='lat' dir='ltr'><strong>brevi</strong></span> <span class='ocrx_word' id='word_1_377' title='bbox 866 2781 958 2827; x_wconf 84' lang='lat' dir='ltr'><strong>post</strong></span> <span class='ocrx_word' id='word_1_378' title='bbox 979 2774 1026 2813; x_wconf 85' lang='lat' dir='ltr'><strong>ab</strong></span> <span class='ocrx_word' id='word_1_379' title='bbox 1040 2774 1276 2826; x_wconf 83' lang='lat' dir='ltr'><strong>imperatore</strong></span> <span class='ocrx_word' id='word_1_380' title='bbox 1292 2773 1454 2811; x_wconf 70' lang='lat' dir='ltr'><strong>Prunam</strong></span> <span class='ocrx_word' id='word_1_381' title='bbox 1475 2770 1575 2811; x_wconf 79' lang='lat' dir='ltr'><strong>rele-</strong></span> 
     </span>
    </p>
   </div>
   <div class='ocr_carea' id='block_1_5' title="bbox 1605 2275 1724 2309">
    <p class='ocr_par' dir='ltr' id='par_1_7' title="bbox 1605 2275 1724 2309">
     <span class='ocr_line' id='line_1_45' title="bbox 1605 2275 1724 2309; baseline 0 0"><span class='ocrx_word' id='word_1_382' title='bbox 1605 2275 1724 2309; x_wconf 77' lang='lat' dir='ltr'>P564</span> 
     </span>
    </p>
   </div>
  </div>
 </body>
</html>
