1858 3126
268 179 299 228 7
301 179 368 230 98
678 186 990 232 OBSERVAT.
1010 187 1323 236 PAGHYMER.
1374 192 1377 193 ⁷

264 300 480 334 tractatum
498 295 601 334 inter
621 296 828 348 absentes,
847 296 942 336 hinc
961 298 1219 339 Rontzerium
1239 300 1332 340 inde
1352 300 1624 346 Andronicum
1649 305 1730 344 im*

262 358 499 404 peratorem,
518 352 567 390 de
592 353 775 392 auxiliari
807 355 925 392 classe
956 356 1004 393 ab
1026 356 1094 394 illo
1126 357 1177 395 ad
1204 357 1312 396 hunc
1331 358 1578 402 adducenda.
1634 375 1728 400 sane

261 421 445 459 praesens
471 414 600 447 status
626 423 761 449 rerum
791 412 991 463 impellere
1021 412 1275 452 vehementer
1293 415 1564 455 Andronicum
1580 418 1728 456 adad-—

261 465 501 504 mittendum
521 466 696 505 oblatum
720 469 910 506 auxilium
932 469 1086 508 debuit:
1107 482 1153 508 eo
1172 471 1316 522 quippe
1334 485 1438 509 anno
1459 471 1626 512 Michael
1642 473 1729 512 Au*

262 528 398 572 gustus
419 523 549 561 iunior
571 524 651 561 eius
679 525 780 563 iilius
808 538 940 563 omnes
970 538 1101 564 secum
1123 527 1276 578 imperii
1301 528 1431 578 copias
1454 528 1621 567 ductans
1641 535 1729 568 ter—

262 591 355 629 gum
385 578 591 618 inhoneste
621 581 744 619 Persis
774 587 966 630 verterat,
1005 584 1172 633 fugaque
1207 584 1410 636 praecipiti
1442 597 1482 622 se
1518 586 1729 625 incluserat

261 635 500 686 Magnesiae,
529 637 599 674 ubi
614 643 653 675 et
673 637 926 676 deserebatur
946 651 969 675 a
992 639 1181 678 militibus
1197 646 1234 677 et
1253 642 1426 679 omnium
1441 653 1577 680 rerum
1593 649 1730 680 extre-

263 703 327 730 ma
343 693 546 731 laborabat
567 693 712 744 inopia,
743 695 804 733 cui
825 695 1033 733 subvenire
1054 696 1304 735 Andronicus
1327 703 1442 750 pater
1470 699 1728 737 cummaxime

262 756 433 799 cuperet,
451 750 660 788 obstaculis
678 751 991 790 ineluctabilibus
1011 751 1307 804 prohibebatur,
1319 760 1441 805 prout
1458 755 1568 806 prius
1586 768 1728 794 narra-

262 813 377 845 verat
394 807 477 858 ipse
496 806 754 858 pachymeres
779 808 804 846 l.
824 808 850 849 4
874 822 906 847 c.
926 811 999 856 18,
1030 816 1314 860 consequenter
1338 810 1432 848 inde
1457 812 1630 850 referens
1650 811 1727 849 mi-

262 863 466 902 serrimam
486 863 765 902 desolationem
788 865 964 902 omnium
981 866 1131 917 imperii
1154 867 1357 917 regionum
1377 880 1450 918 per
1473 867 1562 906 illos
1582 867 1727 907 Orien-

263 921 363 958 tales
389 925 538 958 tractus
570 933 620 957 ex
645 920 706 958 his
730 928 926 971 secutam,
956 923 1181 972 praesertim
1202 929 1292 974 post
1317 936 1462 962 novam
1485 931 1526 962 et
1545 925 1727 963 luculen-

263 983 346 1014 tam
365 977 515 1015 cladem
536 978 802 1016 Romanorum
823 978 922 1016 duce
942 979 1146 1017 Muzalone
1164 979 1455 1029 hetaeriarcha,
1486 980 1548 1018 die
1566 985 1620 1024 27
1638 980 1726 1019 Iulii

263 1033 367 1072 circa
389 1033 591 1086 Bupheum
615 1045 739 1086 prope
756 1035 1021 1073 Nicomediam
1053 1046 1073 1072 a
1093 1037 1219 1073 Persis
1246 1036 1346 1074 duce
1366 1036 1534 1075 Atmane
1564 1037 1724 1086 illatam,

263 1102 365 1141 quae
385 1090 411 1130 l.
432 1091 458 1131 4
484 1104 518 1132 c.
537 1092 591 1132 25
617 1090 866 1130 describitur.
923 1092 1107 1129 extremis
1135 1105 1226 1143 ergo
1255 1092 1452 1130 mensibus
1473 1106 1536 1134 an.
1559 1096 1666 1136 1302
1684 1099 1726 1131 et

261 1146 400 1199 primis
422 1147 514 1185 anni
533 1148 730 1198 sequentis
751 1151 857 1190 1303
879 1148 957 1186 fuit
979 1149 1188 1187 conventio
1214 1149 1288 1187 ista
1320 1149 1628 1187 commeantibus
1657 1149 1726 1188 ul-

261 1209 327 1242 tro
351 1204 529 1254 citroque
548 1204 698 1242 nuntiis
717 1205 921 1254 conclusa3
950 1217 1164 1256 rursusque
1180 1205 1330 1256 aliquot
1349 1205 1441 1244 inde
1464 1205 1660 1243 mensibus
1681 1205 1723 1244 in

261 1260 393 1298 classis
414 1266 607 1312 apparatu
630 1261 838 1313 impensis,
869 1261 1029 1299 tandem
1056 1274 1100 1299 ea
1123 1274 1254 1300 mense
1280 1261 1502 1315 Septembri
1526 1263 1724 1300 Constan-

260 1316 466 1370 tinopolim
486 1317 658 1368 appulit.'
1632 1330 1635 1334 ’
1711 1331 1715 1336 ’

371 1373 439 1415 lv.
496 1374 628 1411 Mense
651 1374 811 1424 inquam
831 1373 1049 1425 Septembri
1070 1374 1162 1412 anni
1184 1372 1327 1413 Christi
1351 1376 1477 1422 1308,
1501 1373 1648 1411 diserte
1667 1373 1723 1412 si·

258 1429 417 1480 quidem
439 1435 650 1468 attestatur
666 1429 923 1481 Pachymeres
940 1444 979 1482 p.
999 1433 1078 1472 393
1099 1444 1139 1471 v·
1158 1434 1198 1482 6,
1226 1431 1405 1469 insecuto
1423 1443 1519 1468 mox
1542 1431 1724 1481 Septem⁴

256 1486 332 1534 bri,
362 1493 454 1537 post
473 1500 643 1525 mensem
662 1488 876 1537 Augustum
898 1488 1008 1525 cuius
1029 1487 1092 1525 die
1112 1493 1256 1526 octavo
1279 1493 1410 1526 terrae
1426 1492 1559 1525 motus
1575 1485 1723 1538 incepit

258 1554 339 1592 quo
360 1542 547 1581 subversa
566 1550 624 1581 est
642 1539 805 1581 Rhodus
819 1572 828 1590 ,
858 1544 1051 1595 appulisse
1069 1544 1322 1583 Rontzerium
1343 1542 1722 1593 Constantinopolim

259 1610 350 1635 cum
375 1598 495 1635 classe
520 1600 719 1647 auxiliari,
749 1600 964 1637 indictione
989 1600 1172 1639 secunda.
1229 1599 1351 1639 verba
1372 1600 1456 1636 eius
1477 1604 1591 1636 sunt:
1619 1596 1720 1638 nard

257 1651 325 1694 τὸν
345 1653 410 1694 ἐπὶ
429 1651 557 1708 τούτῳ
576 1658 814 1706 Γαμηλιῶνα
833 1655 1016 1707 δευτέρας
1042 1656 1307 1707 ἐπινεμήσεως
1335 1652 1440 1695 εἶδεν
1457 1653 1490 1707 ἦ
1505 1657 1722 1694 Κωνσταν-

257 1711 371 1751 τίνου
388 1710 456 1750 καὶ
479 1708 551 1752 τὸν
564 1714 742 1751 Λατῖνον
760 1709 1008 1764 Ῥοντζέριον.
1067 1712 1281 1759 Gamelion,
1310 1706 1387 1749 hoc
1405 1716 1465 1748 est
1483 1721 1558 1748 usu
1578 1722 1722 1762 perpe*-

258 1772 331 1805 tuo
352 1766 600 1820 Pachymeris
620 1767 859 1819 September,
889 1767 1112 1805 indictionis
1128 1768 1334 1817 secundae,
1363 1772 1423 1805 est
1440 1766 1522 1804 sine
1542 1766 1624 1804 ullo
1640 1766 1721 1805 du*

259 1823 326 1862 bio
349 1824 575 1876 September
600 1837 621 1861 a
651 1835 729 1875 quo
758 1823 905 1874 incepit
931 1837 1040 1861 more
1065 1825 1303 1863 Graecorum
1327 1822 1527 1862 numerari
1553 1822 1723 1861 Indictis

261 1881 446 1923 secunda.
503 1880 739 1919 indictiones
758 1886 902 1927 autem,
929 1893 1025 1931 quas
1044 1881 1172 1919 Latini
1191 1895 1212 1918 a
1231 1879 1410 1918 kalendis
1428 1879 1618 1918 Ianuariis
1638 1891 1720 1917 nu»

261 1950 414 1976 merare
432 1937 660 1989 incipimus,
691 1937 831 1976 Graeci
856 1949 1007 1988 semper
1023 1948 1045 1974 a
1072 1944 1215 1988 quarto
1232 1943 1342 1976 retro
1365 1948 1495 1974 mense
1517 1935 1719 1985 inchoant,

259 1994 368 2032 unde
382 2000 420 2032 et
431 1994 589 2032 initium
602 1994 754 2032 ducunt
767 2007 960 2031 annorum
973 2006 1083 2031 aerae
1102 2007 1193 2032 suae
1207 2008 1228 2031 a
1244 1993 1383 2032 mundi
1394 1991 1586 2044 principio
1601 1991 1719 2044 juxta

260 2051 430 2090 calculos
450 2051 639 2101 ipsorum.
695 2051 802 2089 unde
820 2063 907 2088 cum
931 2050 1146 2088 viderimus
1165 2051 1342 2102 superius
1363 2063 1402 2091 n.
1423 2052 1449 2091 3
1473 2047 1719 2088 Fridericum

259 2106 394 2144 literas
409 2108 595 2159 publicas,
623 2108 763 2158 quibus
778 2117 913 2159 pacem
936 2119 958 2143 a
978 2120 1018 2144 se
1036 2118 1125 2145 cum
1134 2107 1273 2145 Carolo
1289 2105 1562 2157 reg-eNeapolis
1578 2104 1718 2142 initam

259 2164 537 2215 promulgavit,
572 2164 812 2215 consignasse
835 2172 938 2201 anno
957 2163 1103 2201 Christi
1131 2167 1250 2212 1302,
1271 2163 1334 2201 die
1355 2164 1406 2203 19
1417 2161 1592 2212 Augusti,
1610 2160 1721 2198 indi-

260 2220 391 2257 ctione
423 2222 495 2270 15,
521 2220 734 2271 intelligere
759 2220 943 2258 debemus
968 2220 1086 2258 fuisse
1112 2219 1225 2257 illum
1245 2231 1391 2257 annum
1414 2218 1598 2255 ultimum
1619 2215 1718 2267 cycli
1751 2259 1754 2262 ¹

258 2275 489 2314 indictionis
510 2277 802 2328 complectentis
831 2289 952 2314 annos
979 2276 1219 2326 quindecim,
1249 2276 1305 2314 ita
1324 2281 1371 2312 ut
1392 2272 1609 2325 Septembri
1624 2277 1718 2322 ‘post

258 2329 370 2369 illum
399 2334 615 2382 Augustum
647 2347 742 2371 mox
776 2339 909 2370 secuto
936 2332 1075 2370 Graeci
1098 2342 1307 2371 numerare
1339 2330 1504 2383 primam
1526 2327 1717 2366 indictio-

256 2399 346 2424 nem
369 2389 580 2439 coeperint,
611 2387 740 2427 Latini
757 2402 852 2427 vero
875 2389 916 2426 id
935 2389 1063 2426 facere
1083 2389 1309 2426 distulerint
1326 2398 1450 2436 usque
1471 2384 1523 2422 ad
1542 2383 1717 2435 primum

258 2442 362 2480 diem
381 2444 549 2482 ianuarii
571 2446 788 2494 sequentis,
818 2456 896 2495 quo
917 2444 1063 2483 Christi
1091 2457 1218 2482 annus
1239 2447 1345 2485 1303
1373 2440 1522 2479 calculo
1538 2441 1717 2490 ipwl'um

258 2505 319 2538 est
333 2499 467 2541 initus.
512 2513 649 2538 rursus
666 2500 783 2539 huius
801 2501 892 2538 anni
911 2500 1056 2539 Christi
1077 2499 1185 2543 1303
1202 2511 1332 2537 mense
1345 2496 1562 2548 Septembri
1576 2496 1716 2535 Graeci

258 2556 470 2594 secundam
500 2556 754 2595 indictionem
780 2562 1062 2604 numerarunt,
1092 2557 1187 2594 dum
1211 2554 1357 2593 Latinis
1386 2553 1550 2590 indictio
1583 2551 1716 2590 adhue

258 2613 385 2665 prima
413 2625 484 2665 per
509 2613 678 2664 spatium
706 2612 993 2662 quadrimestre
1016 2615 1203 2650 curreret.
1258 2622 1333 2648 nec
1358 2609 1454 2646 alius
1483 2609 1531 2646 ab
1548 2606 1626 2646 hoc
1642 2610 1716 2646 Se·-

257 2670 438 2721 ptember
462 2669 675 2708 indictione
704 2668 874 2706 secunda
904 2668 1060 2706 Graecis
1094 2667 1252 2717 insignis
1285 2665 1448 2717 reperiri
1479 2664 1556 2702 hoc
1581 2669 1714 2702 tractu

257 2733 483 2778 temporum
506 2731 653 2778 potest,
682 2725 757 2763 nisi
776 2726 862 2775 quis
880 2723 1105 2762 retrocedat
1124 2723 1234 2760 annis
1254 2721 1475 2771 quindecim
1497 2721 1547 2759 ad
1568 2731 1715 2758 annum

118 2786 146 2817 P
172 2786 238 2822 579
262 2782 406 2821 Christi
431 2785 560 2831 1288,
588 2788 658 2820 aut
681 2781 956 2833 progrediatur
978 2779 1066 2831 pari
1087 2779 1213 2831 spatio
1240 2777 1511 2830 consequentis
1530 2776 1719 2828 temporis

261 2851 384 2890 usque
418 2839 468 2878 ad
488 2850 635 2878 annum
657 2851 770 2877 aerae
795 2836 1037 2876 Christianae
1057 2839 1184 2885 1318,
1215 2848 1386 2887 quorum
1411 2835 1506 2873 item
1523 2841 1715 2872 annorum
