1858 3126
264 158 363 205 456
687 154 922 200 GEORGII
953 155 1306 201 PAGHYMERIS

264 277 348 322 τοῖς
363 268 654 327 γραφομένοις,
693 266 750 319 ὥς
768 267 875 324 μηδὲ
893 272 984 325 σιγῇ
1004 267 1056 312 τὰ
1082 271 1251 311 πλεῖστα
1270 266 1544 327 παρενεγκῶν,
1579 271 1648 314 καὶ
1665 270 1711 314 τὸ

265 343 337 382 τοῦ
369 336 580 391 δαιμονίου
605 333 763 391 μήνιμα
789 341 871 388 πᾶς
905 354 967 387 τις
995 335 1234 394 ἀναφανδὸν
1256 338 1437 381 uiritim
1454 343 1535 382 τῶν
1549 355 1714 396 συμφο-

264 411 347 462 ρῶν
366 406 432 448 καὶ
449 404 494 449 τὸ
516 409 598 449 τῶν
620 402 870 462 πραγμάτων
888 403 1112 460 ἀμήχανον.
1157 404 1272 449 οὔπω
1287 403 1366 462 γάρ
1386 422 1448 455 τις
1466 405 1578 463 ἔφθη
1590 405 1714 466 ἑτέρῳ

264 471 441 527 διεξιών,
477 474 545 516 καὶ
577 471 598 516 ὅ
632 471 792 517 «iacobum
823 473 946 530 πικρὰ
967 478 1050 517 τῶν
1071 470 1323 530 πραγμάτων
1339 472 1644 527 καταστενάζιια
1666 477 1715 519 τὸ

264 547 338 599 τῆς
363 543 484 592 θείας
516 541 639 599 ὀργῆς
667 542 850 598 ἄφυκτον
881 540 1151 599 θαρρούντως
1187 539 1474 599 ἀνωμολόγησε
1499 545 1566 586 καὶ
1589 543 1750 599 αὖτὴνό

217 618 245 650 C
268 615 403 655 πᾶσαν
436 610 594 667 ἀπέγνω
625 610 728 666 πρὸς
754 610 830 666 τὴν
860 615 943 654 τῶν
979 610 1229 665 τελουμένων
1259 609 1609 668 ἀντιπαλοὶμησιν,
1653 613 1722 655 καὶ
1758 614 1769 629 Χ

267 682 441 737 ἰλιγγιῶν
461 678 564 734 πρὸς
583 679 680 729 τούς
696 676 840 735 λόγους
862 677 1004 731 ἔδειξεν
1016 679 1142 734 ἀκοὴν
1157 686 1303 735 χωρεῖν
1321 678 1427 729 ὅλως
1443 678 1499 730 ὥς
1515 680 1589 723 οὐκ
1603 679 1722 735 ἔχου-

267 766 345 792 σαν
369 746 420 791 τὰ
439 751 576 807 πολλῷ
597 747 716 790 πλέον
742 747 802 802 μὴ
837 746 1040 803 δυνάμενα
1063 749 1268 804 λέγεσθαι.
1336 748 1442 804 πλὴν
1463 748 1508 792 δ’
1530 749 1636 792 ἀλλὰ
1653 750 1721 792 καὶ

268 818 357 873 περὶ
391 813 549 859 τούτων
590 813 701 866 ὅπως
729 814 817 871 ξ’σχε
849 816 1116 872 διαληπτέον,
1163 816 1211 860 τὸ
1250 819 1323 872 τῆς
1367 817 1550 875 ἱστορίας
1585 822 1721 862 λεῖπον

266 883 518 942 ὑφαίνοντες.
1733 895 1777 930 10

215 962 245 996 D
409 953 450 998 1.
523 949 714 1008 Καζάνης
730 952 805 1007 μέν
830 947 902 995 οὗν
927 950 948 995 ὅ
980 955 1062 996 τῶν
1085 951 1335 996 ἀνατολικῶν
1351 950 1483 1004 Κᾶνις
1505 951 1720 1011 Τοχιὶρων,

264 1021 336 1079 ἐφ’
364 1019 408 1072 ’ἐξ
438 1019 567 1078 ἄρξας
597 1020 665 1076 ἵτη
705 1022 771 1063 καὶ
805 1025 975 1064 πλεῖστα
1009 1019 1174 1077 μνήμης
1213 1019 1565 1078 κατεργασάμενος
1603 1022 1721 1076 ἄξια,

264 1089 686 1146 πεντεκαιτριακοστδν
723 1086 870 1144 χρόνον
909 1089 981 1132 τὸν
1026 1093 1099 1144 τῆς
1138 1092 1241 1145 ζωῆς
1279 1090 1444 1140 τελέσας
1490 1089 1723 1146 ἁρπάζεται.

266 1159 492 1216 συνέφθιτο
523 1158 568 1200 δὲ
592 1159 659 1200 καὶ
685 1156 709 1213 ἦ
737 1156 812 1201 ὑπ’
855 1157 968 1216 αὐτῷ
997 1162 1079 1200 τῶν
1107 1156 1214 1200 ὅλων
1252 1158 1386 1211 ἐλπίς,
1435 1161 1501 1201 καὶ
1531 1159 1583 1202 τὰ
1612 1160 1722 1202 δἐινά

130 1231 154 1263 Ρ
179 1230 244 1264 319
269 1227 415 1283 ηὔξανε
431 1230 666 1282 πανταχοῦ,
702 1228 769 1269 καὶ
802 1230 959 1280 μᾶλλον
982 1226 1046 1268 ἐπὶ
1078 1227 1400 1283 Φιλαδελφείας,
1437 1227 1724 1283 ἐπιτιθεμένων
1737 1234 1778 1269 15

269 1301 350 1340 τῶν
370 1298 620 1353 Καρμανῶν.
691 1295 837 1345 ἐκεῖνος
853 1292 955 1352 γάρ,
990 1296 1059 1338 ἵνα
1078 1291 1224 1352 μικρόν
1245 1311 1283 1337 τι
1301 1299 1360 1355 τῷ
1392 1292 1499 1356 λόγῳ
1525 1299 1726 1355 προσδια-

361 1418 392 1451 5.
419 1413 531 1463 ἀλκήν
540 1415 558 1449 ?

270 1519 380 1561 elicit,
411 1521 503 1554 clare
525 1518 690 1564 profitens
714 1529 787 1553 cum
811 1529 918 1553 meam
939 1519 974 1554 in
993 1519 1165 1566 plerisque
1185 1520 1303 1555 horum
1326 1519 1538 1556 enuntiandis
1558 1520 1634 1556 sina
1653 1520 1727 1555 dis·-

270 1564 482 1599 simulatione
512 1565 652 1598 liberam
684 1564 884 1609 fidelemque
914 1565 1140 1610 diligentiam,
1173 1571 1240 1600 tum
1272 1566 1414 1600 cladium
1437 1566 1727 1611 calamitatumque

268 1611 419 1656 ipsarum
441 1610 680 1643 immanitatem
702 1621 743 1642 eo
767 1621 874 1655 usque
896 1610 1139 1654 prodigiosam,
1171 1617 1208 1645 ut
1231 1623 1326 1645 nemo
1349 1612 1397 1646 sit
1419 1611 1478 1657 qui
1501 1623 1615 1646 earum
1643 1623 1726 1646 cau-

270 1667 338 1690 sam
362 1655 530 1689 vindictae
551 1654 630 1689 irati
654 1654 795 1689 numinis
818 1667 884 1689 non
907 1656 1016 1701 palam
1039 1656 1200 1701 imputet,
1233 1668 1327 1691 nemo
1350 1657 1408 1702 qui
1430 1662 1620 1692 contortam
1643 1658 1728 1692 obli-

269 1701 432 1747 quitatem
465 1706 533 1735 tam
567 1700 728 1746 perplexe
757 1700 995 1735 involventium
1026 1713 1102 1736 sese
1136 1702 1171 1736 in
1204 1702 1326 1736 damna
1358 1706 1475 1740 nostra
1495 1702 1643 1738 dirorum
1669 1715 1729 1738 ca·-

271 1759 365 1782 suum
378 1774 387 1789 ‚
410 1746 470 1792 qui
492 1746 557 1780 vim
578 1745 822 1780 ineluctabilem
845 1750 898 1780 tot
919 1758 1100 1781 saevorum
1125 1747 1314 1782 incursuum
1338 1748 1461 1782 Martis
1486 1749 1640 1792 adversi,
1662 1761 1728 1783 non

271 1793 337 1827 iam
361 1805 380 1826 e
402 1792 500 1827 libris
521 1802 726 1836 cognoscens
750 1791 810 1825 sed
831 1798 988 1837 spectans
1012 1793 1116 1826 oculis
1140 1799 1176 1827 et
1199 1793 1314 1827 dolore
1336 1793 1452 1828 intimo
1475 1794 1634 1836 sentiens,
1661 1806 1728 1829 non

272 1851 315 1874 ea
337 1838 427 1873 inter
450 1837 594 1883 suspiria
616 1843 651 1872 et
671 1832 826 1871 lacrimas
849 1837 1026 1872 effundens
1047 1838 1081 1872 in
1103 1850 1204 1873 aures
1225 1839 1418 1882 obviorum,
1435 1839 1515 1874 0illis
1542 1840 1731 1875 assentien-

271 1886 386 1926 tibus,
418 1889 582 1929 agnoscat
612 1895 653 1918 ac
684 1882 831 1917 fidenter
861 1883 1036 1928 praedicet
1056 1883 1172 1930 utique
1202 1885 1378 1920 manifesto
1398 1884 1592 1920 incumbere
1613 1886 1648 1920 ia
1668 1897 1731 1920 nos

273 1931 402 1976 pondus
423 1928 657 1975 gravissimum
678 1929 751 1962 irae
773 1929 926 1971 divinae,
950 1941 992 1964 ea
1013 1930 1223 1965 vehementia
1245 1930 1383 1965 exitium
1407 1932 1572 1973 inferens,
1597 1931 1650 1966 cui
1672 1942 1733 1966 su-

273 1976 448 2010 stinendae
470 1987 512 2010 nc
534 1978 652 2009 contra
673 1975 879 2010 obmoliendo
901 1976 1106 2010 avertendae
1127 1976 1222 2011 labor
1245 1976 1351 2011 omnis
1377 1976 1422 2011 sit
1442 1976 1550 2012 inania
1572 1981 1608 2011 et
1629 1988 1734 2012 cona·

273 2029 329 2056 tus
361 2023 494 2056 stultus.
539 2020 593 2055 cui
622 2032 724 2067 porro
756 2021 802 2055 sit
831 2021 966 2056 dubium
1001 2021 1081 2067 quin
1112 2022 1173 2056 tali
1213 2023 1472 2068 praeoccupatis
1502 2022 1669 2058 moestitia
1701 2022 1733 2058 si

273 2067 350 2112 quis
373 2078 516 2112 poscens
536 2065 738 2101 audientiam
760 2077 799 2100 se
820 2067 962 2107 offerat,
993 2067 1207 2112 expositurus
1241 2080 1329 2113 quae
1361 2071 1547 2112 geruntur,
1575 2073 1733 2103 recusent

277 2118 543 2158 aversenturqne
566 2118 602 2147 et
624 2124 724 2147 aures
747 2112 874 2147 habere
894 2118 965 2147 tam
987 2113 1139 2158 prolixae
1161 2113 1320 2148 malorum
1340 2114 1459 2149 Iliadis
1475 2113 1607 2149 omnino
1629 2126 1732 2158 capa-

278 2169 335 2192 ces
358 2160 508 2202 negent?
540 2170 627 2204 quae
650 2170 729 2192 vero
754 2157 862 2192 audiri
885 2170 968 2204 prae
988 2159 1176 2193 incredibili
1197 2159 1384 2194 acerbitate
1406 2163 1586 2205 nequeunt,
1610 2159 1732 2204 potiori

278 2202 408 2237 scilicet
438 2203 571 2238 ratione
604 2203 825 2239 existimanda
856 2210 934 2239 sunt
966 2216 1028 2240 nec
1049 2205 1193 2250 exprimi
1215 2205 1356 2239 dicendo
1378 2216 1490 2251 posse.
1536 2216 1652 2239 verum
1676 2209 1733 2237 ut-

278 2259 419 2293 cumque
441 2249 508 2283 ista
531 2254 628 2290 sunt,
660 2261 713 2283 me
736 2250 888 2295 quidem,
925 2250 981 2284 cui
1011 2262 1105 2285 mora
1136 2262 1202 2285 non
1233 2256 1286 2284 est
1314 2251 1423 2285 libera
1445 2249 1549 2284 debiti
1568 2248 1730 2291 solvendi,

279 2305 448 2327 resumere
469 2294 547 2328 hinc
569 2294 720 2339 protinus
742 2300 879 2340 oportet
899 2296 1097 2341 promissam
1119 2295 1364 2338 narrationem;
1399 2307 1440 2330 ac
1463 2298 1591 2339 partem
1615 2298 1732 2338 gesta-

279 2350 351 2372 rum
375 2350 486 2373 rerum
508 2339 544 2373 in
565 2345 697 2385 tempus
728 2348 961 2376 excurrentem
983 2343 1196 2376 subsecutum
1222 2345 1345 2376 eventa
1366 2340 1520 2385 superius
1541 2341 1734 2386 conscripta

279 2384 443 2419 historiae
464 2385 529 2420 iam
553 2391 631 2419 ante
653 2388 860 2432 compositae
888 2387 1110 2422 continuando
1133 2389 1322 2422 subtexere.

371 2431 401 2464 1.
452 2430 604 2464 Cazanes
625 2430 732 2474 igitur
750 2431 973 2466 Orientalium
993 2432 1100 2466 Kanis
1118 2433 1350 2466 Tocharorum
1378 2441 1452 2464 cum
1474 2429 1518 2464 ad
1543 2442 1603 2464 sex
1626 2442 1731 2466 annos

278 2476 476 2521 imperasset
491 2479 526 2508 et
543 2475 684 2520 plurima
692 2476 792 2520 digna
808 2477 966 2511 memoria
983 2478 1132 2518 fecisset,
1152 2476 1269 2522 quinto
1285 2483 1321 2510 et
1337 2475 1507 2510 tricesimo
1517 2476 1651 2520 expleto
1671 2488 1734 2511 ae-

279 2521 361 2556 tatis
384 2531 470 2555 anno
492 2520 635 2574 rapitur.
681 2522 783 2566 periit
806 2533 879 2555 cum
903 2533 943 2556 eo
966 2523 1062 2556 simul
1091 2526 1163 2556 tota
1185 2533 1274 2567 quae
1296 2521 1446 2555 arridere
1469 2527 1629 2565 coeperat
1650 2533 1731 2567 spes

280 2565 507 2601 restituendae
534 2565 675 2611 imperio
698 2567 848 2600 Romano
880 2567 1149 2612 tmuquillitatis3
1180 2573 1215 2601 et
1247 2578 1286 2600 eo
1322 2567 1381 2611 qui
1408 2566 1498 2600 solus
1528 2571 1665 2620 poterat
1695 2572 1733 2601 et

281 2613 366 2646 velle
387 2611 581 2646 ostenderat
602 2616 707 2656 atque
729 2611 813 2645 adeo
836 2611 899 2645 iam
923 2616 1082 2656 coeperat
1105 2615 1265 2646 coercere
1290 2612 1453 2646 barbaros
1476 2613 1540 2657 ipsi
1561 2612 1734 2647 subiectos

280 2671 302 2692 a
327 2657 450 2692 nostris
471 2655 663 2702 regionibus
684 2657 859 2691 vastandis
882 2657 924 2690 de
946 2657 1053 2690 medio
1075 2657 1219 2698 sublato,
1246 2669 1311 2691 non
1335 2670 1375 2692 eo
1397 2658 1502 2692 solum
1525 2661 1641 2692 tenore
1665 2670 1733 2704 quo

282 2707 485 2749 coeperant,
513 2701 572 2737 sed
606 2702 793 2746 augmentis
822 2706 1029 2746 exaggerata
1054 2702 1266 2746 gravioribus
1289 2703 1375 2738 mala
1397 2703 1430 2737 in
1455 2715 1515 2738 nos
1538 2703 1664 2749 ubique
1684 2704 1734 2737 ir-

283 2751 437 2791 ruebant,
458 2747 659 2803 praesertim
679 2753 791 2782 autem
815 2747 1085 2794 Philadelphiae,
1111 2748 1329 2782 redeuntibus
1352 2750 1424 2783 sero
1448 2752 1573 2793 impetu
1596 2750 1640 2783 ad
1662 2749 1734 2783 eius

285 2800 563 2841 oppugnationem
580 2793 766 2830 Carmanis.
813 2792 969 2830 Cazanes
987 2793 1042 2839 (ut
1057 2793 1098 2829 de
1120 2793 1244 2830 illustri
1267 2794 1302 2830 in
1325 2795 1443 2841 paucis
1464 2794 1619 2842 principe
1639 2794 1734 2831 brevi
