1858 3126
290 133 388 182 640
708 136 943 181 GEORGII
974 138 1323 187 PACHYMERIS

285 251 382 300 τούς
411 248 540 299 ἲδιόυς
567 249 634 292 διὰ
665 250 712 293 τὸ
741 250 893 305 μεταξὺ
917 252 1108 305 ἐμποδὼν
1130 259 1292 298 κεῖσθαι
1311 255 1384 299 τὸν
1400 254 1599 312 ποταμόν.
1666 262 1740 302 νῦν

287 318 331 361 δ’
355 317 459 359 ἀλλὰ
481 316 781 374 λιχνευσάμενοι
803 321 842 362 οἶ
869 317 1055 377 ἡμέτεροι
1085 322 1275 379 ἐμφανεῖς
1302 319 1407 378 ἦσαν
1425 326 1597 376 ἐκείνους
1611 343 1742 370 κατα-

284 383 498 435 διώκοντες
531 388 626 443 πρὶν
657 386 915 442 παραλλάξαι
944 389 1016 432 τὸν
1049 389 1247 445 ποταμόν.
1318 390 1418 435 ὅθεν
1448 394 1514 435 καὶ
1537 395 1580 436 ἓν
1610 398 1739 454 στενῷ

283 458 359 508 τῆς
388 455 593 510 σωτηρίας
622 455 836 509 ἐλθόντες,
883 458 964 499 ἐπεὶ
997 456 1070 500 οὐκ
1101 454 1151 513 ἦν
1173 461 1289 516 σφίσι
1306 461 1410 515 πρὸς
1429 461 1502 511 τὰς
1523 465 1596 504 τοῦ
1617 466 1740 513 βασι-

284 522 384 571 λέως
403 521 636 577 μάχεσθαι,
675 523 1007 580 προσαράττουσι
1027 531 1077 583 τῇ
1101 530 1227 587 ξηρᾷ,
1265 530 1332 570 καὶ
1354 533 1404 585 τῇ
1425 529 1556 588 χέρσῳ
1576 527 1773 574 morsi-5

231 599 262 633 Β
286 608 429 640 σαντες
449 589 639 645 ἑαυτούς,
677 598 796 636 τινῶν
818 591 1055 637 ἑαλωκότων
1075 595 1238 650 συνάμα
1261 604 1350 646 ταῖς
1375 599 1542 650 ναυσίν,
1582 598 1620 640 οἱ
1639 602 1742 640 πολ-

283 661 347 702 λοὶ
371 657 582 711 σώζονται.
651 662 690 705 οἶ
705 663 779 716 μὲν
799 658 873 706 οὖν
894 662 1011 719 ἔργον
1027 666 1247 722 μαχαίρας,
1286 666 1329 707 αἱ
1350 666 1394 709 δὲ
1412 665 1542 723 πυρὸς
1558 666 1740 722 ἐγένοντο

281 727 578 784 παρανάλωμα.

418 800 459 839 Γ
455 800 546 846 [δας
571 797 619 840 δέ
643 814 703 846 τις
721 796 890 851 ἀνεψιὸς
917 800 1162 855 Θευδερῖχου
1188 805 1263 842 τοῦ
1287 800 1394 843 κατὰ
1418 802 1604 844 Σικελίαν
1620 799 1742 857 ἐξάρ-

282 881 452 918 χοντος,
495 865 699 908 ἀκουσθέν
727 864 781 916 ὥς
810 866 926 909 οὐδὲν
948 866 1052 917 ὅλως
1078 869 1116 910 οἱ
1138 873 1219 911 τῶν
1236 868 1530 926 Ἀμογαβάρων
1548 868 1740 925 ε’ξάρχον-
1751 877 1796 912 10

286 949 351 982 τες
370 938 685 990 συμφωνοῦντες
713 933 768 976 ἑνὶ
794 934 866 989 τὴν
896 940 1013 991 σφῶν
1029 933 1245 990 ἡγεμονίαν
1274 935 1554 991 πιστεύουσιν,
1583 938 1678 981 ἀλλ’
1701 938 1743 981 οἱ

287 1002 360 1054 μὲν
388 999 467 1044 ὑπὸ
499 1002 570 1044 τὸν
606 1003 796 1059 Φαρέντα
827 1006 982 1058 Τζιμῆν
1013 1005 1202 1047 ἐθέλουσι
1231 1003 1479 1059 τάττεσθαι,
1527 1006 1566 1049 οἳ
1594 1007 1640 1049 δὲ
1664 1006 1742 1049 σῦν

241 1069 271 1103 C
295 1068 407 1127 αὐτῷ
425 1074 483 1128 τῷ
511 1071 701 1130 Φαρέντᾳ
723 1072 795 1126 τὴν
814 1069 1028 1126 ἡγεμονίαν
1045 1078 1127 1114 τῶν
1149 1073 1252 1116 ὅλων
1274 1076 1541 1132 Μπυριγερίῳ
1569 1073 1742 1130 προτρέ-

286 1155 409 1180 πουσι
431 1139 612 1195 (καὶγὰρ
647 1134 767 1189 οὗτος
794 1136 919 1190 αὖθις
945 1140 1149 1195 ἐπανῆλθε
1161 1173 1175 1194 ,
1221 1141 1365 1191 καθὼς
1392 1143 1434 1185 ἐν
1461 1149 1547 1192 τοῖς
1564 1142 1649 1185 ἅνω
1668 1139 1741 1185 λό-

285 1223 371 1260 γοις
392 1207 599 1262 ἐλέγομεν,
640 1207 714 1251 οὐκ
746 1206 839 1251 οἶδα
868 1213 956 1258 πῶς
986 1210 1029 1251 ἔκ
1056 1213 1097 1251 Γ
1093 1207 1234 1258 ενούας
1263 1207 1490 1266 ἀποδράς),
1527 1210 1566 1252 οἱ
1581 1212 1627 1253 δὲ
1648 1211 1739 1265 περὶ
1751 1222 1792 1255 15

284 1274 357 1316 τὸν
379 1273 657 1331 Ῥομοφόρτον
685 1275 923 1329 ταττόμενοι
953 1281 1034 1320 τῶν
1067 1281 1219 1320 λοιπῶν
1244 1278 1361 1320 οὐδὲν
1389 1279 1574 1321 ἐπαΐουσι
1594 1279 1741 1337 (μηδὲν

281 1342 360 1398 γάρ
379 1343 503 1386 αὐτὸν
519 1342 797 1401 Ῥομοφόρτον
815 1345 861 1388 τὸ
879 1343 958 1387 ὑπὸ
978 1345 1048 1388 τὸν
1069 1345 1349 1402 Μπυριγέριον
1365 1344 1590 1389 τάττεσθαι
1610 1363 1741 1389 κατα-

228 1413 260 1448 Ι)
284 1411 510 1466 δέχεσθαι),
582 1412 704 1471 (34)
740 1413 808 1455 διὰ
831 1418 962 1456 ταῦτα
983 1411 1004 1456 ὃ
1028 1419 1215 1463 τοιοῦτος
1235 1414 1348 1470 παρὰ
1372 1416 1618 1470 Θευδερίχου
1638 1431 1740 1458 συν-

279 1475 366 1532 άμα
393 1487 570 1535 μακραῖς
601 1483 744 1523 ναυσὶν
779 1479 903 1532 ἑπτά,
948 1479 1052 1535 ὦςῆ
1088 1481 1205 1537 φήμη
1235 1481 1356 1536 εἶχεν,
1393 1483 1737 1533 ἐξαποστέλλεται.

142 1553 170 1586 Ρ
193 1551 261 1588 447
287 1546 325 1588 οἱ
346 1547 390 1587 δὲ
409 1547 480 1588 τὸν
501 1552 575 1589 τοῦ
603 1547 725 1603 ῥηγός
754 1550 939 1597 Σικελίας
956 1550 1159 1603 Ματέρκα
1195 1550 1375 1606 Φαρέντε
1393 1554 1523 1592 ταῦτα
1546 1547 1792 1605 πράττεινῇ)

279 1612 485 1671 ἕφήμιζον.
557 1614 632 1657 οὐκ
656 1614 748 1658 οἶὸα
777 1618 821 1658 δὲ
850 1618 883 1659 εἷ
910 1620 951 1658 Γ
947 1618 1038 1666 ι’δας
1066 1616 1123 1660 ὢν
1154 1617 1251 1660 κατ’
1285 1617 1416 1672 ὄνομα
1445 1623 1626 1673 κρεῖττον
1653 1621 1736 1660 τῶν

372 1701 404 1734 1.
435 1698 475 1736 ἐκ
497 1701 628 1736 ποδοῖν
649 1701 689 1735 Ρ.

281 1773 490 1812 exponerent
512 1769 700 1814 regionem,
724 1773 817 1804 certo
840 1769 1009 1814 perituros
1032 1770 1066 1804 in
1090 1771 1162 1804 loco
1185 1770 1320 1811 infesto,
1342 1770 1431 1805 unde
1453 1780 1631 1815 regressus
1651 1770 1740 1816 ipsis

280 1814 326 1848 ad
350 1825 428 1848 suos
451 1825 547 1848 amne
570 1815 722 1860 praealto
746 1816 960 1850 interfluente
983 1816 1234 1860 prohiberetur.
1280 1827 1508 1861 praepropere
1530 1816 1637 1860 igitur
1659 1827 1737 1850 sese

281 1859 386 1893 nostri
410 1861 645 1903 ostendentes,
678 1866 714 1895 et
740 1862 884 1905 scaphas
917 1861 1062 1895 insecuti
1093 1863 1377 1907 Amogabaroruin
1408 1861 1552 1896 nondum
1584 1873 1738 1896 emensas

283 1905 457 1940 dimidium
480 1907 627 1950 spatium
650 1906 836 1941 latitudinis
860 1907 967 1949 alvei,
1001 1918 1060 1941 eos
1082 1907 1226 1952 impares
1249 1908 1438 1942 resistendo
1472 1910 1657 1952 coegerunt
1677 1918 1740 1941 re-

283 1950 416 1996 spicere
438 1953 529 1986 unde
553 1955 741 1995 solverant,
763 1959 799 1987 et
822 1953 982 1987 naviculis
1004 1953 1039 1986 in
1062 1953 1170 1998 ripam
1195 1965 1215 1988 a
1238 1953 1308 1987 suis
1334 1953 1498 1987 insessam
1522 1951 1737 1987 reflectendis

283 1997 386 2030 saluti
409 1999 566 2042 propriae
587 1999 770 2032 consulere.
817 1998 868 2032 ita
901 1999 1053 2044 plerique
1076 1999 1144 2033 isto
1165 2002 1244 2033 sunt
1267 1999 1417 2044 periculo
1440 1998 1616 2042 defuncti,
1649 2008 1739 2042 pau-

282 2042 333 2074 cis
357 2043 520 2077 duntaxat
544 2044 692 2089 ipsorum
715 2048 750 2078 et
773 2044 899 2087 cymbis
928 2044 1058 2090 aliquot
1092 2045 1202 2089 captis
1230 2056 1293 2090 per
1316 2050 1472 2086 nostros,
1506 2043 1564 2090 qui
1585 2042 1739 2078 homine·

283 2087 416 2132 quidem
441 2089 572 2132 gladio,
597 2091 733 2133 cymbas
753 2097 862 2124 autem
878 2090 956 2135 igne
979 2091 1206 2135 absumpsere.

374 2133 468 2167 Inter
491 2135 575 2168 haec
598 2136 707 2169 Gidas
729 2136 884 2180 quidam,
918 2147 938 2170 e
961 2136 1166 2170 Theuderici
1199 2134 1401 2169 dominantis
1431 2135 1466 2169 in
1487 2133 1605 2168 Sicilia
1625 2133 1734 2167 fratre

284 2182 405 2220 natus,
436 2179 554 2214 missus
578 2193 598 2214 a
632 2186 753 2226 patruo
785 2182 827 2215 ad
860 2182 1089 2225 Amogabaros
1112 2186 1165 2215 est
1187 2193 1301 2215 eorum
1324 2181 1415 2215 inter
1436 2190 1534 2220 sese,
1565 2178 1594 2212 si
1616 2180 1735 2230 posset

283 2223 383 2264 fieri,
407 2226 689 2260 conciliandorum
711 2227 832 2270 gratia.
879 2227 1032 2261 audierat
1059 2227 1189 2261 scilicet
1219 2226 1452 2261 Theudericus
1484 2225 1638 2259 laborare
1659 2222 1734 2255 dis-

282 2269 438 2302 sensione
471 2270 559 2304 civili
585 2272 821 2306 Catelanorum
844 2283 917 2312 res,
952 2273 1028 2305 dum
1052 2283 1242 2317 supremum
1263 2271 1439 2316 imperium
1462 2268 1607 2321 partium
1630 2267 1733 2312 pleri-

284 2325 352 2358 que
374 2314 520 2358 ipsorum
544 2316 699 2351 deserunt
722 2318 922 2351 Pharendae
945 2318 1070 2352 Tzimi.
1116 2329 1180 2351 nec
1201 2317 1302 2361 pauci
1326 2316 1400 2354 alii,
1433 2314 1554 2349 'rzime
1576 2323 1651 2357 lpso
1674 2323 1732 2346 as-

281 2359 468 2401 sentiente,
502 2361 636 2395 ductum
669 2364 839 2397 exercitus
872 2363 978 2396 totius
1001 2363 1189 2396 attribuunt
1210 2361 1440 2406 Mpyrigerio⁹
1471 2358 1548 2403 qui,
1570 2363 1609 2391 ut
1629 2368 1734 2402 supe-

279 2403 353 2438 rius
384 2404 546 2447 diximus,
577 2407 741 2441 abductus
773 2409 949 2450 Genuam,
982 2408 1060 2441 inde
1091 2407 1205 2441 nescio
1228 2406 1390 2451 quomodo
1422 2404 1578 2448 elapsus,
1600 2413 1733 2436 rursum

279 2461 322 2483 eo
346 2449 506 2484 redierat.
553 2451 687 2485 diverse
709 2453 751 2486 ab
776 2453 827 2486 his
851 2453 978 2486 cunctis
993 2452 1183 2486 sentiebant
1205 2451 1341 2496 proprie
1354 2448 1495 2483 subiecti
1511 2448 1734 2482 Romoforto=

281 2495 316 2529 hi
339 2495 424 2529 enim
450 2494 527 2528 duci
550 2507 610 2530 suo
643 2498 890 2541 praefecturam
914 2498 1084 2541 copiarum
1117 2497 1304 2530 universam
1334 2494 1463 2528 deferri
1484 2504 1627 2538 aequum
1650 2504 1734 2526 cen-

279 2541 423 2584 sebant,
465 2552 527 2574 nec
569 2541 665 2586 ipsi,
710 2553 773 2575 nec
811 2543 1026 2576 Romofortus
1049 2567 1060 2583 ‚
1107 2540 1226 2575 subiici
1269 2538 1475 2583 Mpyrigerio
1514 2538 1731 2573 sustinentes.

282 2585 383 2630 (34)
407 2597 464 2620 eas
487 2596 524 2620 se
547 2586 804 2631 compositurum
825 2587 1071 2621 controversias
1093 2585 1323 2621 Theodericus
1346 2590 1461 2626 ratus,
1490 2584 1518 2618 si
1542 2583 1686 2629 aliquem
1709 2594 1732 2618 ο

281 2643 344 2665 sua
368 2631 583 2676 cognatione,
608 2631 661 2665 cui
683 2643 778 2666 nemo
801 2632 946 2675 ipsorum
970 2643 1090 2676 parere
1110 2635 1303 2671 recusaret,
1333 2629 1376 2663 ad
1401 2629 1629 2672 Amogabaros
1652 2628 1733 2662 mit-¹

281 2681 391 2718 teret,
423 2677 546 2711 Gidam
569 2678 655 2711 bunc
678 2677 720 2711 ad
743 2687 802 2711 eos
824 2677 1009 2710 destinavit
1031 2687 1106 2710 cum
1127 2681 1255 2720 septem
1278 2675 1386 2718 longis
1409 2675 1570 2717 navibus,
1591 2673 1664 2715 vel,
1689 2677 1731 2707 nt

281 2722 340 2756 alii
364 2723 539 2762 dicebant,
563 2722 750 2756 Matercam
772 2722 971 2756 Pharentem
997 2722 1166 2766 proprium
1189 2721 1310 2763 filium,
1336 2721 1408 2754 sive
1430 2731 1468 2754 re
1491 2731 1573 2754 vera
1587 2719 1650 2753 *hic
1668 2729 1732 2769 ves

282 2767 393 2810 uerit,
425 2769 500 2803 sive
533 2768 663 2810 Gidas,
696 2770 734 2802 ut
765 2779 804 2803 se
831 2767 1066 2803 venerabiliori
1098 2766 1199 2803 ,titulo
1223 2766 1490 2809 commendaret,
1513 2776 1552 2799 se
1573 2768 1688 2804 natum
1707 2772 1733 2797 ο
