1820 3112
196 156 294 203 214
618 152 855 198 GEORGII
877 143 1240 196 *PAGHYMERIS

197 272 265 314 καὶ
294 269 366 325 τὴν
392 267 568 321 πέτραν,
602 266 650 310 τὸ
679 270 755 310 τοῦ
786 263 909 322 λόγου
923 290 950 319 ,0
983 266 1195 309 κοιλαίνειν
1227 265 1348 321 ἔχειν,
1384 266 1525 311 καὶόἳ
1547 266 1661 324 ἄμφ’

143 353 174 387 c
201 341 349 382 ἐκεῖνον
365 335 560 392 μετέωροι
580 335 682 392 πρὸς
703 336 967 389 καινοτομίαν
986 330 1094 390 ἦσαν
1105 368 1118 388 ,
1155 336 1290 389 μεῖζον
1314 333 1337 390 ἢ
1363 335 1468 378 κατὰ
1485 353 1666 392 στρατη-

197 407 270 464 γὸν
287 403 569 457 θωπεύοντες,
608 407 674 448 καὶ
695 404 811 455 τέλος
831 403 907 459 τὴν
926 403 1007 446 ἀπὸ
1029 407 1104 446 τοῦ
1121 403 1324 458 βασιλέως
1342 404 1445 454 τινὲς
1462 408 1543 447 τῶν
1565 405 1666 447 ἐκεί-

196 492 270 519 νου
294 473 566 531 ἀποστροφὴν
586 464 682 517 ὀἷον
712 474 780 516 καὶ
811 474 868 522 εἷς
894 472 942 516 τὸ
971 472 1183 527 μετέπειτα
1201 470 1450 515 ἐπλάττοντο
1474 470 1664 526 κάκωσιν,

197 545 239 587 ἐν
259 545 375 603 δεινῷ
396 542 614 597 τιθεμένου
637 542 817 598 λέγοντες
845 541 918 584 τὸν
938 539 1148 585 τοσούτων
1172 538 1397 597 χρημάτων
1417 538 1575 598 σωρόν,
1611 539 1698 592 nis-'5

199 611 329 656 αὐτοῦ
361 612 437 666 μὲν
466 612 558 654 δέον
590 610 637 654 ὒν
673 611 748 661 τὰς
769 608 962 665 δυνάμεις
992 611 1230 660 ἱκανοῧντος
1250 607 1413 667 ῥόγαις,
1450 610 1602 653 ἐκείνου
1623 610 1668 653 δὲ

199 681 470 738 νοσφίζεσθαι
500 673 755 734 βουλομένου
783 679 857 735 τὴν
885 678 943 722 δι’
975 679 1134 722 ἐκείνων
1153 683 1236 722 τῶν
1255 680 1419 734 ἐχθρῶν
1442 675 1668 734 προνομήν,

198 747 393 807 φρόνημα
415 750 604 791 ἐντεῦθεν
626 747 808 792 νεανικὸν
838 749 905 790 καὶ
925 748 1058 791 πλέων
1079 749 1121 799 ἐξ
1141 747 1427 804 ἀνδραγαθίας
1448 745 1669 804 φρονήμα-

146 829 180 864 D
202 835 272 868 τος
307 815 643 861 ὗποκατακλίνειν
684 817 788 874 πρὸς
830 814 928 872 ὅπερ
971 815 1124 871 ἤθελον
1163 816 1366 874 ἤρξαντο,
1416 817 1484 859 καὶ
1510 816 1669 867 ἀδοξεῖν

198 887 361 930 ἐποίουν
385 884 440 936 ὥς
460 885 578 929 οὐὸἑν
601 885 673 929 τὸν
692 882 894 940 δεσπότην
917 884 1030 929 ὄντα.
1101 890 1284 941 συνῆσαν
1307 885 1421 944 αὐτῷ
1443 886 1511 927 καὶ
1535 882 1667 939 μονά-
1679 896 1723 931 10

199 957 358 1009 ζοντες,
394 953 415 998 ὅ
446 954 520 1010 μὲν
555 955 699 1012 φιλίως
739 952 760 997 ὃ
795 952 966 1011 Τάρχας
1000 956 1044 996 ἐκ
1074 952 1257 1008 δύσεως,
1307 952 1399 997 τότε
1428 954 1474 996 δὲ
1491 951 1565 1008 τῆς
1584 957 1668 997 τῶν

199 1025 390 1068 Σανίδων
419 1027 551 1079 μονῆς
582 1021 914 1080 καθηγούμενος,
962 1021 983 1066 ὅ
1020 1023 1065 1065 δὲ
1092 1027 1325 1079 προσγενῶς
1345 1021 1669 1080 ὅἈκροπολίτης

199 1092 480 1148 Μελχισεδέκ,
523 1097 638 1142 θεῖος
664 1091 720 1135 ὢν
746 1096 821 1148 τῆς
853 1091 983 1134 αὐτοῦ
1012 1089 1222 1148 γυναικός,
1259 1091 1362 1148 πρὸς
1385 1093 1533 1134 ἐκεῖνον
1552 1090 1668 1147 ἔχον-

196 1178 286 1214 τες,
324 1161 370 1204 οἳ
392 1161 443 1216 δὴ
473 1163 540 1204 καὶ
566 1159 623 1210 ὥς
653 1159 760 1216 εἶχον
789 1158 1031 1216 κατήπειγον
1063 1159 1138 1216 τὴν
1156 1161 1398 1217 ἐγχείρησιν·
1435 1159 1569 1203 πολλὰ
1590 1159 1667 1217 γὰρ

197 1230 334 1286 ἔλεγον
352 1227 520 1287 φθάσαι
540 1227 885 1286 πανουργήσασαν
905 1229 979 1284 τὴν
999 1226 1141 1285 τῦχην,
1179 1229 1217 1272 εἶ’
1236 1246 1314 1272 που
1338 1228 1398 1285 μὴ
1415 1228 1541 1278 αὐτὸς
1561 1245 1667 1286 προ-
1680 1237 1722 1273 15

200 1298 340 1353 λαβὼν
361 1298 436 1348 τὰς
461 1298 539 1341 ἀπὸ
562 1302 636 1342 τοῦ
658 1298 861 1353 βασιλέως
882 1297 1006 1354 ὀργὰς
1027 1296 1284 1352 ὖποτὲμοιτο.
1342 1297 1389 1341 τὸ
1412 1296 1460 1340 δέ
1474 1314 1516 1354 γε
1538 1313 1669 1354 στρα-

149 1378 179 1412 Ε
205 1367 390 1412 τιωτικόν
409 1365 518 1411 ἅπαν
541 1369 607 1411 καὶ
626 1366 993 1427 παρακεκινημένον
1016 1362 1066 1423 ἦν
1095 1367 1161 1410 καὶ
1190 1366 1292 1424 πρὸς
1314 1365 1496 1425 ταραχὴν
1516 1365 1669 1421 μετέω-

295 1478 350 1513 14.
373 1475 457 1522 καὶ]
480 1475 546 1522 μὲν
570 1477 609 1511 Ρ.

197 1580 329 1615 bitiosis
358 1579 560 1614 inhiabunde
590 1579 745 1624 suspensi
777 1591 851 1614 cum
874 1580 998 1614 nullum
1021 1580 1123 1615 finem
1144 1580 1299 1615 facerent
1320 1576 1511 1613 inculcandi
1533 1577 1565 1612 ei
1587 1586 1667 1611 suas

194 1627 314 1661 laudes
345 1625 506 1672 illumque
537 1624 677 1659 inflandi
699 1625 855 1670 opinione
876 1625 1006 1670 ingenti
1029 1638 1112 1661 suae
1135 1626 1307 1672 potentiae
1330 1637 1372 1660 ac
1393 1623 1519 1666 meriti,
1544 1622 1669 1657 sensim

196 1672 310 1707 evenit
331 1677 372 1706 ut
393 1671 681 1717 quemadmodum,
703 1671 791 1716 quod
814 1672 907 1705 aiunt
920 1696 930 1715 ,
953 1673 1072 1706 crebro
1096 1684 1159 1717 per
1179 1674 1316 1716 longum
1339 1675 1470 1716 tempus
1493 1669 1602 1704 stillae
1623 1669 1670 1703 il-

194 1718 294 1764 lapsu
316 1722 434 1764 petrae
457 1717 557 1751 etiam
580 1722 789 1752 excavantur
810 1718 1026 1762 quantumvis
1050 1719 1168 1760 durae,
1191 1718 1242 1752 ita
1264 1717 1358 1751 hisce
1381 1714 1527 1751 assiduis
1550 1715 1594 1749 ad
1618 1716 1670 1749 al-

195 1764 310 1806 tiora,
346 1764 468 1809 quibus
492 1775 529 1797 se
551 1762 688 1808 dignum
723 1763 884 1807 duceret,
916 1765 1110 1809 quaerenda
1131 1764 1256 1798 levium
1279 1763 1446 1797 hominum
1470 1760 1668 1806 impulsibus

195 1810 345 1856 denique
377 1809 437 1844 ille
469 1814 756 1852 commoveretur,
791 1820 865 1843 cum
898 1810 1099 1855 praesertim
1132 1810 1176 1844 ad
1208 1820 1282 1844 eum
1306 1807 1566 1854 pervertendum
1589 1816 1669 1852 spes

195 1867 270 1891 cum
294 1858 387 1890 metu
411 1855 636 1900 conspiraret.
683 1867 759 1890 nam
789 1855 891 1890 iidem
924 1856 983 1902 qui
1018 1856 1130 1901 ampla
1151 1855 1202 1890 illi
1225 1853 1670 1889 desectionis—ostentabant

194 1901 365 1948 praemia,
401 1901 559 1943 timores,
595 1901 631 1935 ni
654 1911 696 1936 ea
719 1907 856 1936 strenue
879 1907 1055 1947 captaret,
1089 1902 1304 1936 intentabant
1326 1912 1347 1935 a
1370 1905 1452 1934 tunc
1474 1899 1670 1945 potentibus

194 1959 307 1982 rerum
331 1953 484 1982 atroces:
520 1947 647 1993 quippe
678 1947 740 1981 hos
766 1947 832 1992 ipsi
856 1948 1041 1982 clanculum
1066 1948 1221 1982 invidere
1244 1947 1442 1992 fingebant,
1478 1955 1670 1990 gravesque

194 1994 230 2027 in
254 1999 424 2038 posterum
448 2005 572 2039 parare
595 1993 816 2028 calamitates.
865 2005 970 2039 aegre
990 1994 1148 2028 videlicet
1177 1995 1269 2028 ferre
1291 1995 1529 2039 imperatorem
1551 1991 1671 2025 huius—

195 2051 263 2084 que
287 2039 454 2074 ministros
478 2040 627 2084 aiebant,
651 2040 741 2086 quod
763 2039 1067 2086 Philanthropenus
1099 2044 1229 2074 tantam
1250 2040 1340 2074 illam
1362 2042 1416 2073 tot
1437 2037 1591 2072 felicibus
1613 2036 1670 2070 in-

196 2085 410 2119 cursionibus
435 2091 628 2130 congestam
663 2097 705 2120 ex
728 2086 826 2120 hoste
850 2087 1008 2132 praedam
1032 2086 1283 2131 erogationibus
1307 2090 1343 2120 et
1363 2083 1556 2126 donativis,
1590 2082 1669 2128 qui-

194 2131 261 2165 bus
289 2142 369 2165 suos
392 2131 515 2166 milites
538 2131 775 2178 locupletaret,
799 2136 906 2167 totam
927 2132 1138 2177 effunderet,
1169 2133 1249 2167 nihil
1273 2144 1316 2166 ex
1339 2143 1382 2165 ea
1404 2129 1538 2170 aerario
1560 2128 1670 2163 infer-

196 2182 263 2211 ret.
310 2177 360 2211 sic
383 2178 533 2223 undique
557 2179 820 2224 circumyentum
844 2178 963 2213 tumidi
987 2179 1180 2213 muneribus
1203 2180 1360 2213 fortunae
1383 2181 1420 2211 et
1442 2175 1563 2210 virium
1587 2184 1669 2207 con-

197 2222 341 2256 scientia
364 2223 499 2257 subnixi
522 2224 652 2258 iuvenis
676 2224 822 2259 animum
847 2225 1008 2270 paulatim
1030 2225 1195 2260 inclinare
1218 2236 1284 2270 quo
1307 2223 1468 2258 volebant
1489 2219 1567 2258 mali
1586 2230 1669 2253 con-

196 2267 321 2303 siliarii
346 2273 548 2317 coeperunt,
571 2274 668 2305 tanto
689 2271 889 2315 ingenerato
911 2271 960 2305 illi
983 2275 1178 2318 contemptu
1199 2267 1423 2316 imperatoris,
1446 2271 1485 2300 ut
1507 2276 1582 2300 eum
1604 2276 1667 2310 pro

195 2314 395 2348 homunculo
421 2315 513 2349 nihili
535 2327 576 2349 ac
599 2327 681 2350 suae
705 2317 922 2351 dominationi
954 2318 1109 2363 potentia
1131 2315 1347 2351 sustinendae
1369 2311 1491 2358 impari
1512 2311 1666 2346 haberet.

199 2361 471 2405 cooperabantur
494 2361 537 2395 ad
561 2361 751 2396 istiusmodi
783 2374 902 2397 sensus
926 2364 1095 2408 talemque
1118 2362 1371 2408 persuasionem
1387 2359 1428 2396 ‚in
1451 2357 1669 2392 Philanthro-

195 2417 286 2451 peno
311 2406 571 2441 confirmandam
595 2413 630 2442 et
652 2408 788 2453 quidam
811 2409 986 2451 monachi,
1013 2409 1168 2443 Tarchas
1190 2407 1352 2442 videlicet
1372 2404 1438 2450 ipsi
1459 2403 1598 2445 amicus,
1624 2414 1668 2438 ex

197 2451 358 2486 Occiduis
389 2452 549 2487 oriundus
580 2455 770 2495 tractibus,
793 2459 874 2488 tunc
904 2459 1016 2489 autem
1050 2452 1253 2488 monasterio
1276 2451 1436 2486 Sanidum
1459 2451 1668 2495 praefectus,

197 2500 234 2531 et
257 2508 301 2531 ex
325 2497 472 2531 eiusdem
495 2499 752 2544 consanguineis
775 2500 973 2545 Acropolita
997 2499 1267 2542 Melchisedech,
1289 2501 1434 2543 patruus
1456 2495 1560 2540 ipsius
1582 2506 1666 2529 uxo*-

196 2543 258 2578 ris.
303 2542 338 2576 bi
362 2548 523 2589 quantum
547 2549 706 2590 poterant
728 2545 1045 2591 Philanthropenum
1072 2545 1115 2579 ad
1149 2544 1216 2579 cito
1240 2541 1483 2588 expediendum
1505 2541 1666 2576 rebellio-

195 2588 248 2623 nis
272 2589 446 2623 consilium
470 2591 656 2634 urgebant,
690 2594 912 2626 memorantes
942 2590 1201 2626 inconstantiam
1232 2591 1410 2630 fortunae,
1432 2591 1469 2621 et
1491 2598 1534 2622 ea
1557 2587 1668 2621 consi-

197 2635 321 2669 derata
343 2635 529 2670 cavendum
552 2637 616 2681 ipsi
639 2636 771 2671 aientes
794 2648 836 2671 ne
859 2649 948 2683 quae
969 2636 1119 2682 impense
1140 2636 1286 2671 favisset
1306 2636 1470 2669 hactenus
1483 2659 1495 2674 ‚
1521 2633 1610 2668 mala
1629 2632 1666 2667 in

194 2684 369 2727 posterum
392 2681 424 2715 ei
447 2682 491 2715 ab
513 2681 645 2716 infenso
670 2683 760 2717 haud
783 2683 884 2717 dubie
906 2683 1110 2728 imperatore
1132 2682 1332 2727 gravissima
1353 2680 1506 2723 cuderet,
1523 2690 1666 2725 quorum

193 2738 261 2761 una
285 2730 378 2762 esset
401 2728 723 2772 praevertendorum
755 2740 777 2762 a
807 2740 912 2774 seque
949 2728 1210 2763 amoliendorum
1233 2728 1346 2769 ratio,
1378 2726 1506 2760 larvam
1539 2735 1667 2759 exuere

193 2783 294 2816 quam
319 2771 463 2818 primum
487 2778 524 2807 et
545 2773 679 2808 servitii
701 2774 816 2819 iugum
839 2778 1012 2810 excutere.
1061 2774 1300 2809 incumbebant
1321 2773 1356 2807 in
1377 2772 1464 2807 idem
1488 2772 1666 2806 vehemen-

193 2823 248 2852 ter
271 2818 453 2855 concordia
475 2819 644 2856 exercitus
667 2819 828 2865 universi,
854 2822 1097 2867 ducturumque
1120 2832 1162 2856 ac
1183 2820 1322 2856 militum
1345 2819 1419 2855 fere
1441 2821 1608 2864 quotquot
1627 2815 1665 2851 in
