1820 3112
180 151 277 197 228
604 146 840 193 GEORGII
872 147 1223 192 PACHYMERIS

178 261 307 306 ἐδόκει
326 261 508 319 ἀσφαλὲς
534 267 621 311 τοῖς
648 260 835 317 Πέρσαις
854 256 1035 303 αὐτόθεν
1061 265 1206 317 χωρεῖν
1222 260 1324 316 πρὸς
1343 260 1396 304 τὰ
1414 260 1517 306 οἷ’κοι
1528 295 1542 315 ,
1578 264 1648 306 καὶ

177 327 479 387 ἀπεδίδρασκόν
501 346 607 380 τινες
637 328 694 380 ὥς
715 327 916 384 ἠδύναντο
929 361 943 381 ,
980 332 1063 371 τῶν
1083 332 1239 372 λοιπῶν
1261 330 1534 384 κτεινομένων.
1606 331 1647 375 οἱ

177 399 222 442 δ’
257 400 364 456 ἀμφὶ
391 398 463 441 τὸν
493 399 896 455 πρωτοβεστιαρίτην
927 398 994 439 καὶ
1014 401 1172 451 μᾶλλον
1195 397 1362 455 ἕρμαιον
1381 397 1457 454 τὴν
1477 396 1644 454 ἀποχώ-

177 484 293 524 ρησιν
321 465 570 523 λογιζόμενοι
598 465 757 517 ἑκόντες
786 467 982 523 ἠφίεσαν·
1029 465 1125 508 οὐδὲ
1153 465 1233 523 γὰρ
1259 464 1364 521 εἶχον
1393 466 1643 520 ἕλπίζεινέπὶ

173 541 232 596 τῷ
258 533 559 593 προτερήματι,
598 538 665 579 καὶ
687 534 796 579 οὕτω
817 532 1175 592 προχωρησάντων
1205 537 1322 591 σφίσι
1350 539 1434 579 τῶν
1452 533 1677 592 πραγμᾶοδ

174 622 257 648 των
287 604 384 651 κατ’
417 604 606 658 εὐτυχίαν
635 605 853 660 μεγίστην,
893 603 998 646 ἀλλὰ
1030 604 1080 646 τὰ
1112 605 1154 646 ἓν
1182 605 1320 661 χερσὶν
1343 601 1582 658 ἀπολλύειν,
1610 604 1650 648 εἶ’

123 689 155 722 Ε
181 691 283 723 τινες
299 677 615 729 παρακινηθεΐεν
633 675 699 715 καὶ
722 675 765 723 ἐξ
787 673 1066 729 ἄντιστροφῆς
1087 673 1335 726 ἐπιπέσοιεν,
1371 671 1515 732 ᾤοντο.
1562 676 1646 716 ’τα-

178 742 305 800 ραχὰς
326 737 376 797 ἦν
396 741 558 795 βλέπειν
575 743 659 784 ἐκεῖ
673 742 855 798 φοβερὰς
875 743 941 784 καὶ
960 740 1126 784 Πανικὰ
1145 742 1332 795 δείματα,
1359 741 1644 796 συσχεθέντων

176 815 259 854 τῶν
276 808 395 854 ὅλων.
467 808 601 853 ταῦτά
621 828 683 853 τοι
703 812 771 853 καὶ
790 811 880 866 περὶ
897 817 982 859 τοῖς
1002 808 1113 860 ὅλοις
1131 809 1274 860 δεδιὼς
1295 808 1317 854 ὅ
1338 814 1645 867 πρωτοβεστια-

178 881 292 937 ρίτης
310 876 369 934 μή
386 896 473 928 πως
491 881 558 921 καὶ
577 880 619 921 ἔκ
633 883 781 934 χειρῶν
810 879 948 922 αὐτῶν
967 879 1245 936 διαρπασθειή
1267 878 1315 922 τὸ
1340 876 1518 936 θήραμα
1542 879 1645 937 (δει-
1654 892 1700 927 10

176 948 226 1003 νὴ
247 947 325 1004 γὰρ
350 947 448 997 τοὺς
478 948 655 997 πολλοὺς
669 946 843 1000 ,ὥπλιζεν
865 947 1017 1000 εὔνοια,
1055 947 1192 990 καὶτὰ
1216 947 1322 991 καθ’
1345 945 1497 998 αὖτοὺς
1516 946 1644 1005 ἀφέν-

175 1034 241 1067 τες
274 1018 422 1059 ἐκεῖνον
453 1014 801 1074 ἀπωλοφύροντο·
840 1015 888 1059 τὸ
916 1015 1121 1072 Περσικὸν
1150 1016 1196 1058 δὲ
1215 1014 1396 1070 μάλιστα
1420 1018 1486 1060 καὶ
1506 1033 1646 1074 παρα-

175 1089 412 1140 κεκινῆσθαι
434 1083 589 1139 ἐδόκει,
625 1084 681 1134 ὥς
709 1102 749 1128 τι
778 1087 962 1142 πραξεΐεν
984 1083 1194 1141 γενναῖον)
1216 1084 1316 1141 ἔγνω
1336 1084 1408 1128 τὸν
1431 1085 1643 1140 θέμεθλον

33 1171 60 1205 Ρ
87 1166 150 1207 155
174 1153 366 1197 ὖποσπᾶν
385 1155 451 1196 καὶ
472 1155 519 1198 τὸ
540 1154 708 1209 συνέχον
722 1153 904 1198 ἐκποδὼν
925 1158 1132 1196 ποιεῖσθαι
1154 1155 1219 1195 καὶ
1242 1152 1351 1196 οὕτω
1367 1153 1464 1204 τούς
1485 1151 1644 1210 φόβους

171 1220 279 1266 λύειν
300 1221 370 1272 οὓς
389 1220 502 1280 ὕπαρ
523 1219 793 1281 ὠνειροπόλει.
852 1222 925 1266 τὸν
945 1226 1043 1278 γοῦν
1065 1223 1214 1280 μυρίον
1231 1226 1411 1266 πλοῦτον
1429 1222 1639 1276 συλλέξας,
1655 1233 1698 1270 15

263 1333 297 1368 6.
325 1329 501 1368 ἀπολύειν
527 1331 569 1366 Ρ.

171 1437 275 1481 fugae
298 1436 437 1471 consilio
464 1436 596 1471 Persae
619 1435 739 1482 reliqui
771 1447 903 1471 cursum
926 1436 1058 1471 domum
1082 1447 1221 1479 versus,
1251 1434 1374 1481 quibus
1396 1434 1466 1470 viis
1487 1436 1644 1480 potuere,

174 1487 367 1517 tenuerunt.
414 1482 531 1527 paucis
556 1483 606 1516 sic
630 1482 775 1526 contigit
801 1484 903 1517 vitam
926 1483 1029 1526 tueri,
1052 1483 1191 1528 reliquis
1214 1481 1358 1523 occisis,
1385 1480 1541 1527 quoniam
1562 1491 1646 1528 pro-

174 1527 415 1562 tovestiaritae
437 1527 560 1562 milites
583 1529 753 1562 caedendo
777 1528 843 1563 iam
873 1530 955 1563 sessi
977 1529 1014 1562 in
1036 1529 1130 1563 lucro
1153 1527 1342 1574 ponendum
1365 1537 1550 1568 censuere,
1581 1526 1646 1560 ho-

175 1578 246 1607 stes
269 1585 331 1618 per
354 1585 431 1607 sese
451 1573 567 1618 ipsos,
591 1586 677 1618 quas
700 1573 868 1619 direpturi
891 1579 1058 1609 venerant
1080 1580 1211 1617 terras,
1235 1573 1348 1607 reditu
1370 1572 1415 1607 ad
1436 1583 1499 1607 sua
1517 1572 1645 1606 liberas
1692 1585 1694 1588 ’

174 1619 338 1664 linquere.
384 1630 460 1653 nam
485 1622 520 1652 et
542 1619 692 1653 victores
715 1625 826 1653 metus
847 1620 996 1663 subibat,
1021 1621 1055 1654 in
1079 1623 1148 1654 tam
1172 1618 1341 1664 inopinati
1361 1617 1483 1663 gaudio
1505 1628 1643 1652 succes-

175 1676 247 1706 sus,
269 1664 404 1699 subitae
428 1664 658 1700 conversionis
681 1665 716 1698 in
739 1665 836 1710 peius
860 1677 991 1708 rerum;
1022 1671 1059 1700 et
1088 1667 1246 1699 fortunae
1268 1665 1305 1698 in
1326 1664 1384 1698 vix
1406 1662 1569 1709 sperabili
1590 1665 1645 1697 fe-

173 1710 305 1744 licitate
326 1710 393 1744 vim
423 1710 633 1745 celerrimam
661 1711 817 1756 experti,
849 1711 1011 1746 lubricam
1034 1711 1183 1745 eiusdem
1207 1715 1242 1745 et
1263 1710 1298 1744 in
1321 1710 1489 1744 utrumvis
1511 1707 1644 1754 ancipi-

175 1761 245 1790 tem
268 1756 501 1797 mobilitatem,
525 1768 567 1791 ne
590 1757 670 1802 quid
694 1757 891 1802 repentinae
913 1757 1170 1803 catastrophes,
1193 1767 1263 1802 qua
1284 1755 1392 1790 erecti
1412 1755 1646 1800 deprimeren-

174 1806 250 1844 tur,
274 1802 367 1836 facili
389 1806 425 1836 et
446 1802 511 1836 sibi
534 1802 632 1837 solito
655 1808 752 1837 rotae
775 1814 861 1848 gyro
885 1803 1122 1844 convolveret,
1155 1802 1326 1847 sapienter
1349 1801 1472 1843 veriti,
1495 1799 1643 1846 spatium

175 1852 211 1882 et
232 1848 425 1882 libertatem
446 1849 551 1892 fugae
572 1848 704 1883 miseris
729 1848 796 1882 illis
819 1848 961 1883 militiae
982 1849 1146 1883 Persicae
1176 1847 1330 1893 reliquiis
1355 1846 1495 1881 concedi
1516 1847 1644 1880 debere

174 1898 390 1938 putaverunt.
437 1895 517 1928 talis
538 1895 704 1940 quaedam
726 1895 899 1940 reputatio
922 1895 1147 1940 periculorum
1177 1905 1199 1928 a
1225 1898 1387 1939 suspecta
1407 1891 1509 1926 sortis
1533 1892 1644 1926 insta-

174 1939 306 1974 bilitate
340 1940 528 1984 velocium,
560 1940 858 1986 protovestiariten
890 1952 1025 1986 quoque
1046 1941 1157 1986 ipsum
1179 1939 1223 1974 ad
1247 1939 1381 1974 cautius
1403 1949 1503 1984 quam
1525 1938 1644 1972 huma-

176 1985 251 2019 nius
283 1986 326 2019 de
359 1986 495 2031 captivo
511 1986 680 2032 vprotinus
712 1998 772 2021 suo
796 1987 1009 2021 statuendum
1032 1986 1193 2032 perpulit.
1240 1996 1315 2019 cum
1336 1984 1424 2019 enim
1445 1983 1482 2018 iu
1503 1983 1562 2018 illa
1583 1987 1646 2018 tu-

176 2030 344 2065 multuosa
365 2032 594 2076 trepidatione
616 2034 831 2067 confusarum
853 2044 967 2067 rerum
997 2033 1128 2078 panicis
1150 2042 1354 2077 unoquoque
1374 2029 1546 2065 terriculis
1565 2033 1644 2064 mr-

175 2077 257 2110 bato
281 2076 353 2120 ipse
377 2078 444 2111 dux
467 2078 554 2112 sacti
578 2079 890 2123 protovesfiarites,
926 2090 1025 2124 quem
1058 2083 1094 2112 et
1124 2089 1187 2123 pro
1216 2078 1434 2122 magistratus
1468 2075 1583 2111 officio
1604 2078 1643 2110 et

174 2133 237 2166 pro
269 2133 351 2156 suae
381 2123 487 2168 ipsius
517 2125 629 2158 studio
654 2124 772 2158 salutis
804 2125 916 2159 acrior
947 2124 1112 2159 incitabat
1142 2123 1318 2159 solicitudo
1347 2121 1576 2168 praecavendi
1597 2131 1642 2155 ne

173 2179 241 2212 qua
275 2167 350 2202 vice
383 2170 514 2203 alterna
543 2170 770 2205 fluctuationis
803 2170 1046 2216 reciprocantis
1077 2171 1154 2204 hinc
1185 2169 1321 2215 quidem
1351 2171 1574 2214 reponeretur
1602 2166 1640 2199 in

173 2213 262 2247 sicco
286 2215 513 2259 naufraugus‚
531 2215 610 2250 inde
631 2216 707 2262 ipse
729 2216 789 2262 qui
813 2216 1042 2260 demerserat,
1064 2228 1084 2250 e
1106 2220 1209 2262 portu
1230 2216 1264 2249 in
1287 2214 1454 2259 gurgitem
1476 2212 1640 2246 deiicere-

174 2261 251 2299 tur,
282 2259 385 2293 semel
415 2261 661 2306 defungendum
694 2269 789 2296 ratus
820 2262 951 2296 difficili
983 2262 1137 2297 custodia
1170 2260 1370 2296 nobilissimi
1402 2258 1472 2300 rei,
1506 2256 1642 2292 subnixi

175 2303 339 2339 clientelis
361 2309 396 2339 et
418 2307 721 2342 necessitudinibus
744 2308 858 2342 multis
878 2308 1068 2354 validisque
1090 2307 1319 2353 plurimorum,
1339 2309 1376 2339 et
1396 2304 1515 2338 horum
1535 2314 1642 2349 quae-

175 2354 308 2383 stuosas
328 2362 407 2395 spes
430 2353 675 2399 ambitiosaque
703 2354 820 2388 studia
850 2355 1016 2388 trahentis
1038 2354 1082 2387 ad
1104 2364 1199 2387 suam
1222 2350 1446 2386 calamitatem
1469 2348 1636 2383 miseran-

175 2395 264 2437 dam,
287 2399 326 2429 ut
348 2402 444 2430 certa
466 2398 701 2444 desperatione
720 2404 863 2433 conatus
886 2405 1058 2434 averteret
1079 2399 1238 2444 quiddam
1261 2407 1322 2442 pro
1345 2395 1417 2430 eius
1438 2394 1642 2429 liberatione

176 2442 302 2475 audere
323 2447 542 2486 paratorum,
567 2457 641 2479 cum
664 2445 809 2490 plurium
833 2457 853 2478 e
876 2445 1036 2479 Romanis
1057 2444 1130 2478 suis
1161 2442 1347 2487 alienisque
1370 2441 1518 2475 nondum
1539 2440 1642 2485 plane

177 2486 370 2531 dissipatis,
400 2492 471 2522 tum
495 2490 674 2525 Persarum
704 2501 844 2536 prorsus
867 2491 1030 2532 omnium,
1063 2500 1206 2535 quorum
1237 2487 1346 2522 adhuc
1367 2487 1503 2530 integra
1524 2486 1642 2529 stabat

176 2532 269 2566 acies
284 2533 378 2575 (nam
399 2545 526 2576 eorum,
550 2547 650 2580 quam
671 2536 835 2581 occupavi
854 2547 1051 2577 memorare,
1069 2534 1216 2568 concisio
1237 2533 1339 2578 paulo
1362 2538 1442 2578 post
1464 2531 1641 2576 contigit),

176 2578 330 2612 decrevit
363 2580 467 2613 semel
498 2592 617 2616 eruere
647 2582 900 2616 fundamentum
937 2581 1047 2626 ipsum
1076 2577 1439 2624 Philantbropenianae
1468 2577 1640 2619 factionis,

177 2623 376 2669 amolirique
397 2637 494 2660 omne
515 2627 725 2662 obstaculum
747 2627 903 2673 publicae
924 2625 1191 2672 tranquillitatis,
1212 2628 1250 2659 et
1272 2635 1360 2669 quae
1382 2635 1420 2657 se
1441 2622 1640 2666 vigilantem

175 2669 412 2714 inquietabant
441 2671 651 2707 somniabilia
683 2673 850 2719 quaedam
881 2677 1018 2726 spectra
1043 2671 1192 2705 inanium
1217 2668 1454 2704 terriculorum
1474 2680 1542 2703 uno
1563 2667 1639 2703 icus

176 2714 345 2750 disiicere.
371 2715 497 2761 igitur
518 2723 684 2763 occupato
706 2719 764 2753 illo
786 2719 917 2764 ingenti
937 2729 1060 2752 acervo
1083 2715 1303 2762 pecuniarum
1336 2726 1378 2750 ac
1401 2725 1509 2760 gazae
1531 2713 1640 2749 omni-

175 2771 302 2804 genae,
332 2773 432 2807 quem
453 2763 758 2809 Philanthropenus
788 2776 832 2798 ex
863 2765 963 2809 longo
996 2767 1193 2808 congestum
1222 2761 1258 2796 in
1288 2760 1376 2795 turri
1408 2760 1452 2794 de
1475 2759 1639 2806 quadixi

173 2807 388 2850 condiderat,
408 2808 518 2854 ipsum
539 2820 608 2855 qua
630 2810 770 2846 virtutis
790 2809 908 2846 merito
927 2820 996 2856 qua
1018 2809 1121 2844 sortis
1151 2808 1240 2844 dono
1263 2806 1360 2842 varie
1382 2805 1495 2853 partis
1517 2804 1639 2852 opibus
