1858 3126
314 144 391 186 DE
425 141 751 186 ANDRONICO
787 140 1159 186 PALAEOLOGO
1194 143 1241 185 L.
1271 142 1366 186 Vll.
1469 143 1564 189 593

112 274 228 309 σεως,
245 251 463 313 ἱερωσύνης
481 258 751 311 περικτᾶσθαι
770 251 893 305 (δόξας
909 253 1068 308 ἀξίωμα
1080 256 1146 296 καὶ
1158 254 1244 310 ’πρὸ
1256 253 1415 311 χρόνων
1435 273 1565 311 προσ-

109 323 303 382 χωρήσας
331 325 485 367 ἐκεῖθεν
523 327 582 381 τῷ
617 326 779 375 βασιλεῖ
794 354 807 374 ,
853 320 875 364 ὁ
916 327 1102 372 τοιοῦτος
1126 323 1289 377 Δριμὺς
1325 324 1556 379 τοῦπίκλην,
1582 331 1613 365 C

114 394 245 448 ὄνομα
264 394 354 441 θεὶς
373 390 504 449 ἑαυτῷ
527 389 582 440 ὥς
610 393 739 445 δῆθεν
760 390 803 432 ἔκ
826 394 899 432 τοῦ
918 390 1057 444 γένους
1078 396 1153 433 τοῦ
1173 391 1372 447 Λάσκαρι
1390 391 1563 448 καταγό-

114 478 258 516 μενος,
290 458 493 515 ὖπήρχετο
518 458 615 508 τοίς
630 457 804 507 πολλοὺς
819 459 884 500 καὶ
913 458 987 511 τὴν
1018 459 1060 501 ἐκ
1081 460 1280 512 βασιλέως
1310 461 1564 504 ἀποστασίαν
1592 461 1597 467 ’

82 532 339 582 ὅοῗκονομῶν
371 527 444 570 οὐκ
473 525 670 578 andam,
714 525 860 579 ἔπεμπε
889 527 934 568 δὲ
964 524 1109 581 λόγους
1150 530 1216 569 καὶ
1246 527 1467 583 γράμματα
1496 532 1564 572 καὶ

113 597 216 654 πρὸς
233 595 384 644 αὖτοὺς
396 593 705 649 Ἀμογαβάρους
715 626 728 646 ,
764 594 837 648 τὴν
857 593 962 636 κατὰ
982 596 1182 647 βασιλέως
1199 594 1336 650 μάχην
1355 599 1469 652 σφίσι
1491 600 1564 640 ‹io-

114 669 242 720 λερῶς
273 661 545 705 ὖπανάπτων·
588 663 739 705 ἐκεῖθεν
773 663 817 704 δὲ
842 659 862 704 ὅ
892 663 948 711 εἰς
966 662 1082 712 ἀξίαν
1102 668 1175 705 τοῦ
1201 665 1440 717 δομεστίκου
1460 683 1562 719 προ-

110 733 327 788 χειρισθεὶς
347 735 425 773 τῶν
445 735 602 785 σχολῶν
619 728 659 784 (ὃ
679 727 913 779 Κατελάνος
931 730 974 772 δ’
1000 725 1121 780 οὗτος
1135 726 1186 786 ἦν
1205 733 1270 773 καὶ
1294 730 1435 787 πρώην
1454 733 1563 787 [2517]-

115 798 260 856 ραλῆς)
290 797 453 852 συνάμα
482 803 539 857 τῷ
565 800 608 841 ἐκ
632 796 784 847 δύσεως
806 797 1010 856 Μυζάκῃ,
1047 798 1094 842 ὃν
1127 801 1189 841 ἐπὶ
1220 806 1399 855 στρατοῦ
1420 800 1563 855 εἷχενὸ

60 876 106 911 10
117 868 243 919 ἅναξ,
279 866 410 909 πολλά
440 884 530 909 τινα
558 866 661 909 κατὰ
686 864 895 919 Ῥωμαίων
922 867 1217 922 ξυνέρραπτον,
1253 869 1355 924 πρὸς
1381 868 1555 924 Ἀμογα-
1579 875 1611 909 D

113 935 269 993 βάρους
280 936 499 988 πέμποντες
517 937 582 977 καὶ
597 934 667 989 τὴν
684 932 818 989 μάχην
835 933 891 984 ὥς
903 934 1082 988 μάλιστα
1102 935 1392 990 ἐξοτρύνοντες.
1429 937 1560 996 ταύτῃ

114 1021 178 1048 τοι
208 1003 413 1052 κάκείνους
439 1003 712 1058 φωραθέντας
732 1001 848 1057 ποινή
871 1020 931 1052 τις
951 1004 1044 1054 ἀξία
1066 1003 1263 1057 λαμβάνει
1295 1005 1564 1059 τετυχηκότας

115 1073 376 1127 δικαστηρίου
395 1075 624 1113 κεκλεῖσθαι
647 1078 736 1120 ταῖς
757 1074 971 1126 φυλακαῖς.
1043 1070 1243 1122 δόξαντας
1270 1074 1322 1116 δέ
1338 1091 1374 1116 τι
1394 1073 1468 1115 κάν
1486 1075 1563 1127 με’-

116 1157 175 1195 ρει
192 1139 288 1189 τοὶς
306 1139 560 1193 σχιζομένους
575 1140 749 1193 μετέχειν
769 1140 903 1197 ἐκείνῳ
921 1145 1002 1182 τῶν
1028 1139 1319 1194 βουλευμάτων
1349 1141 1435 1194 ἅμα
1460 1140 1566 1185 πάν-

63 1213 106 1249 15
118 1224 204 1259 τας,
231 1206 336 1262 πλὴν
354 1211 436 1250 τῶν
454 1207 511 1262 μὴ
531 1208 763 1260 δυναμένων
780 1212 993 1258 κινεῖσθαι,
1026 1209 1083 1262 μὴ
1103 1207 1229 1262 μόνον
1250 1209 1345 1258 τοὺς
1362 1214 1435 1252 τοῦ
1455 1214 1566 1253 Mm-

116 1276 207 1318 σελέ
238 1279 367 1328 μονῆς
394 1275 500 1317 ἀλλὰ
530 1277 596 1318 καὶ
622 1280 694 1329 τῆς
725 1274 878 1324 πόλεως
906 1277 1115 1326 ξυνέπιπτε.
1138 1279 1461 1331 μετοικίζεσθαι,
1498 1281 1565 1321 καὶ

116 1347 250 1386 ταῦτα
265 1347 392 1401 καιρῷ
412 1347 607 1396 χειμῶνος
624 1345 688 1385 καὶ
710 1341 872 1399 κρύους.

256 1432 332 1480 16.
395 1430 518 1486 Ἡμῖν
547 1434 592 1475 δὲ
611 1432 705 1475 οὐδὲ
724 1432 769 1476 τὸ
795 1433 898 1476 κατὰ
930 1433 1002 1476 τὸν
1020 1432 1160 1477 mium*
1176 1434 1478 1492 Ἀλεξανδρείας
1501 1454 1565 1479 σι·-
1589 1444 1616 1479 Ρ
1642 1447 1708 1482 415

117 1500 270 1557 γητέον.
343 1498 455 1555 ἔτυχε
473 1501 547 1554 μὲν
561 1495 682 1550 οὗτος
701 1499 865 1554 συνάμα
886 1508 971 1551 τοῖς
998 1505 1088 1558 περὶ
1110 1502 1235 1546 αὐτὸν
1262 1504 1367 1546 κατὰ
1389 1504 1462 1558 τὴν
1482 1505 1568 1546 Εὔ-

62 1573 262 1624 2οβοιαν,
294 1566 351 1618 ὦς
376 1569 564 1626 ἀνωτέρω
588 1587 659 1623 μοι
691 1569 846 1627 εἴρηται
858 1602 871 1622 ,
908 1568 1021 1627 παρά
1047 1588 1123 1614 τινι
1146 1575 1229 1614 τῶν
1249 1574 1478 1627 δημοτικῶν
1499 1592 1567 1627 μι-

116 1750 173 1780 sat
194 1743 260 1780 sibi
281 1747 357 1780 tum
379 1743 548 1779 sentiebat
570 1749 710 1790 propter
731 1745 953 1780 subodoratas
975 1745 1194 1790 quorumdam
1208 1746 1469 1780 machinationes
1491 1758 1571 1791 pro-

118 1791 274 1825 ditorum.
329 1790 481 1824 nimirum
513 1789 647 1835 quidam
679 1797 897 1835 cognomento
929 1791 1086 1836 Drimys,
1120 1792 1178 1837 qni
1211 1792 1287 1825 olim
1321 1793 1432 1826 famae
1455 1803 1572 1836 parum

119 1836 228 1870 bonae
250 1836 374 1870 dudum
396 1847 438 1869 ex
469 1836 619 1869 Occiduo
650 1842 763 1870 tractu
793 1837 836 1871 ad
871 1837 1107 1881 imperatorem
1141 1843 1353 1876 accesserat,
1392 1838 1573 1872 sacerdotii

120 1879 316 1924 dignitatem
340 1892 379 1914 se
401 1881 598 1924 adepturum
621 1888 717 1915 ratus
731 1907 741 1924 ‚
765 1894 883 1916 nomen
906 1883 939 1915 in
961 1883 1046 1915 urbe
1069 1881 1136 1916 sibi
1162 1884 1314 1923 fecerat,
1343 1882 1473 1915 iactans
1494 1894 1572 1917 sese

120 1931 231 1959 ortum
252 1936 272 1958 e
295 1925 403 1969 stirpe
424 1925 601 1966 Lascaris,
626 1932 663 1959 et
685 1927 858 1960 mnitorum
881 1927 1003 1961 studiis
1025 1927 1074 1960 sic
1093 1927 1158 1960 sibi
1180 1927 1365 1960 conciliatis
1388 1928 1476 1961 haud
1499 1940 1574 1962 ces-

120 1971 220 2005 sabat
252 1970 364 2015 quoad
401 1975 516 2014 posset
550 1976 688 2005 cunctos
713 1972 756 2005 ad
786 1972 1013 2006 rebeuandum
1046 1972 1211 2005 adversus
1232 1972 1469 2016 imperatorem
1493 1985 1575 2008 con-

121 2015 241 2050 citare.
285 2014 395 2048 missis
440 2015 496 2047 uin
521 2015 621 2048 etiam
644 2016 687 2050 ad
711 2018 940 2060 Amogabaros
972 2022 1007 2051 et
1030 2017 1155 2050 nuntiis
1179 2022 1215 2050 et
1237 2017 1363 2058 literis,
1396 2029 1454 2052 eos
1475 2019 1572 2053 frau-

121 2060 267 2095 dnientis
289 2059 459 2105 promissus
481 2059 642 2094 incitabat
656 2061 699 2094 ad
721 2062 904 2104 urgendum
920 2063 1010 2107 quod
1033 2062 1222 2105 coepissent
1243 2062 1365 2096 bellum
1388 2067 1423 2097 et
1443 2075 1572 2099 summa

121 2106 155 2140 vi
178 2108 360 2150 Augustum
380 2105 648 2149 oppugnandum.
696 2105 831 2139 aliunde
860 2118 941 2141 vero
965 2107 999 2140 in
1026 2106 1222 2150 dignitatem
1244 2108 1416 2143 domestici
1438 2110 1573 2144 schola·-

121 2163 196 2186 rum
220 2154 393 2196 promotus
417 2150 622 2191 Catelanus‚
646 2157 848 2184 memoratus
871 2152 1001 2196 pridem
1023 2152 1119 2185 nobis
1142 2153 1304 2187 Ameralis
1327 2154 1468 2196 nomine,
1490 2167 1574 2189 con-

120 2197 243 2231 iunctis
266 2196 412 2230 consiliis
439 2207 513 2229 cum
539 2196 682 2240 quodam
714 2206 755 2229 ex
780 2197 931 2230 occiduo
963 2201 1076 2230 tractu
1099 2196 1262 2241 Myzace,
1283 2210 1380 2243 quem
1403 2200 1488 2234 alias
1511 2201 1574 2235 im-

121 2248 262 2288 perator
284 2241 402 2275 ducem
427 2240 595 2275 exercitus
619 2241 796 2283 habuerat,
817 2242 920 2275 muita
942 2242 1107 2276 malitiose
1129 2250 1245 2277 contra
1266 2246 1431 2279 Romanos
1454 2247 1573 2280 misee-

121 2289 226 2331 bant,
253 2288 482 2331 Amogabsros
505 2290 540 2320 et
571 2286 638 2331 ipsi
670 2287 714 2320 ad
745 2298 842 2332 qnam
875 2288 1018 2321 maxime
1054 2287 1097 2322 iis
1124 2289 1307 2323 nocendum
1344 2291 1572 2326 adhortantes.

123 2333 332 2378 deprehensa
354 2333 486 2366 tandem
510 2332 601 2365 clare
623 2337 768 2377 utraque
792 2332 977 2366 coniuratio
1000 2336 1070 2374 est,
1101 2338 1323 2380 auctoresque
1344 2335 1467 2371 iudicio
1494 2349 1575 2371 con-

122 2378 207 2413 victi
231 2390 362 2423 poenae
383 2377 531 2412 carceris
554 2377 708 2422 perpetui
732 2377 875 2411 subiecti
906 2381 994 2412 sunt.
1042 2390 1083 2412 ac
1112 2390 1185 2413 cum
1216 2380 1305 2414 inter
1326 2381 1387 2415 has
1407 2382 1576 2417 ventilan-

124 2423 185 2458 das
220 2435 340 2458 causas
380 2423 543 2468 quaedam
582 2422 707 2456 indicia
743 2429 933 2457 manassent
962 2422 1183 2468 suspicionem
1213 2426 1383 2461 moventia
1413 2428 1576 2462 adversus

124 2468 305 2503 schismate
327 2468 485 2503 discissos
507 2468 603 2513 quasi
626 2472 661 2502 et
682 2468 746 2513 ipsi
769 2468 886 2513 Drimy
909 2473 967 2502 aut
990 2469 1126 2513 Myzaei
1144 2470 1388 2511 adhaesissent,
1410 2478 1577 2518 quotquot

125 2514 197 2548 eius
219 2514 375 2548 factionis
397 2526 462 2548 non
486 2513 584 2548 modo
608 2513 643 2548 in
666 2513 868 2547 monasterio
892 2513 1021 2548 Mosele
1051 2514 1164 2557 dicto,
1195 2517 1254 2550 s‘ed
1277 2523 1314 2550 et
1346 2519 1422 2552 alibi
1445 2519 1576 2562 uspiam

124 2557 217 2593 intra
238 2560 353 2594 urbem
377 2565 495 2601 eraut,
530 2559 571 2593 iis
606 2559 757 2613 exceptis
781 2559 838 2604 qui
860 2571 922 2603 per
944 2563 1090 2594 aetatem
1113 2566 1173 2595 aut
1193 2563 1341 2601 morbum
1366 2564 1491 2597 moveri
1516 2574 1578 2596 ne-

126 2603 323 2683 (ιὲιίνὲιωηῐ,
359 2605 455 2640 abire
486 2604 552 2640 alio
589 2610 700 2640 coacu
732 2611 834 2650 sunt,
863 2605 967 2651 idque
997 2605 1264 2650 perincommode
1287 2612 1438 2654 tempore
1458 2608 1576 2643 hiemis

128 2659 148 2682 e
186 2660 210 2694 g
241 2660 276 2684 n.
1279 2672 1283 2674 -

221 2716 275 2750 16.
320 2715 427 2750 Nobis
443 2727 525 2751 vero
546 2727 590 2750 ne
611 2726 669 2752 res
690 2717 827 2763 quidem
847 2717 1063 2752 Alexandrini
1085 2729 1130 2765 pa
1153 2730 1195 2754 ae
1211 2719 1405 2754 reticendae
1418 2718 1474 2753 hic
1487 2723 1577 2754 sunt.

129 2762 204 2795 erat
220 2760 282 2794 -iue
303 2771 378 2795 cnm
400 2761 491 2803 suis,
513 2767 552 2796 ut
573 2766 626 2796 est
647 2773 670 2796 a
690 2774 745 2798 me
766 2763 896 2799 dictum
917 2763 1095 2810 superius,
1123 2804 1130 2809 ,
1171 2765 1300 2807 boene,
1324 2764 1488 2801 conducto
1507 2765 1577 2800 ime

183 2812 356 2859 Georgius
386 2813 610 2859 Pachymeres
638 2814 687 2849 11.
1249 2816 1302 2856 38
