1858 3126
364 151 439 193 DE
474 149 803 194 ANDRONICO
836 148 1211 193 PALAEOLOGO
1245 150 1293 192 L.
1313 150 1369 193 V.
1511 150 1624 196 419

161 269 275 322 φυγῇ
300 264 571 319 χρησαμένων
609 263 678 306 διὰ
704 262 778 318 τὴν
802 263 846 314 ἐξ
873 262 1032 306 ἐκείνων
1062 262 1248 318 καιρικὴν
1280 261 1422 306 ἄδειαν
1432 295 1446 315 ,
1483 263 1623 306 ἱκανὸν

162 335 282 378 ναυσὶ
301 331 458 390 φόρτον
479 330 724 387 νηήσαντες,
761 333 829 374 καὶ
845 334 1004 386 μᾶλλον
1024 332 1067 373 ἐκ
1087 333 1202 374 σίτου
1221 333 1288 373 καὶ
1306 335 1389 375 τῶν
1405 332 1446 381 ἐς
1465 333 1625 389 τροφὴν

162 403 416 459 ἀναγκαίων,
460 401 566 443 κατὰ
594 398 726 450 πόδας
755 405 839 442 τῶν
866 401 956 454 περὶ
986 401 1142 453 Τςιμῆν
1170 401 1238 442 καὶ
1269 394 1383 443 οὗτοι
1414 398 1622 457 ἐξώρμων,

164 470 278 527 ὀλίγα
293 475 376 513 τῶν
394 469 495 524 πρὸς
517 469 588 512 τὸν
607 470 734 525 μέγαν
756 471 884 511 δοῦκα
906 472 1136 510 συνθεσιῶν
1166 470 1473 524 φροντίσαντες.
1541 474 1625 512 τῶν

130 539 211 583 ὅδ’
243 539 378 582 ἄλλων
418 535 652 595 ἀργούντων
683 537 751 580 διὰ
782 535 939 586 παντὸς
964 541 1166 591 χειμῶνος
1195 538 1285 591 περὶ
1323 537 1398 592 τὴν
1430 535 1622 590 Κύζικον,

161 605 371 665 πρόφασις
399 602 448 661 ἦν
477 606 618 656 αὐτοῖς
643 610 720 661 τῆς
749 603 892 662 ἀργίας
919 604 966 648 τὸ
994 609 1070 648 τοῦ
1103 602 1301 661 τριμήνου
1330 606 1625 661 πληρωθέντος

159 676 233 734 ἐφ’
255 671 366 735 ᾧπερ
383 674 535 729 ἔλαβον
554 674 650 725 τοὺς
671 671 875 728 μισθούς,
911 673 970 728 μὴ
992 676 1059 716 καὶ
1081 669 1207 723 αὖθις
1227 675 1270 724 ἐξ
1285 671 1451 729 ἑτοίμου
1469 675 1620 729 πέμπε-
1645 684 1674 718 Ρ
1696 684 1764 719 290

123 794 126 796 v
160 749 267 789 σθαι
294 743 418 803 ρόγας
447 747 523 799 τῆς
552 745 594 794 ἐς
620 743 750 786 νέωτα
775 744 1008 797 ξυμμαχίας
1037 742 1142 785 κατὰ
1167 741 1226 785 ,τὰ
1258 747 1369 799 σφᾶς
1396 759 1624 800 συμφωνη-

161 813 292 857 θέντα
331 813 436 870 πρὸς
473 812 686 867 βασιλέως.
758 809 826 854 διά
855 829 920 854 τοι
948 815 1083 854 ταῦτα
1124 812 1333 867 ἐρυθριῶν
1363 809 1451 855 οἷον
1482 812 1550 854 διὰ
1575 812 1624 856 τὸ

105 887 152 922 10
161 886 280 940 σφῶν
313 882 524 938 ἄπρακτον
555 878 576 924 ὅ
605 880 742 924 αὐτῶν
763 878 1027 936 ἐξηγούμενος
1049 879 1152 935 πρὸς
1172 879 1346 933 βασιλέα
1364 889 1622 935 ταχυναυτεῑ.

160 953 228 994 καὶ
257 950 311 993 τὰ
343 951 419 1006 μὲν
453 950 610 993 ἐκείνων
639 947 695 999 ὦς
721 947 808 992 οἷόν
839 965 884 992 τε
913 946 1129 1001 ἐπειλύων,
1161 946 1271 1002 μόνα
1292 949 1337 991 δὲ
1357 947 1411 992 τὰ
1430 951 1624 1005 περὶτῶν

157 1023 326 1075 μισθῶν
353 1017 565 1074 ἀνενέγκας
591 1019 660 1061 καὶ
688 1018 875 1073 δεηθείς,
913 1016 972 1060 ἔτι
1003 1018 1048 1060 δέ
1073 1019 1140 1060 καὶ
1159 1017 1345 1067 Ἀλανοῖς
1373 1017 1622 1062 {amove-9011

157 1087 295 1131 θέλων
328 1085 386 1138 ὥς
411 1086 584 1143 ιἰρεῖκοΐς
610 1086 664 1133 τὸ
697 1088 739 1136 ἐς
764 1084 942 1140 πόλεμον
976 1083 1115 1144 (ἐῴκει
1145 1085 1224 1142 γὰρ
1250 1087 1414 1135 ἐκείνοις
1436 1091 1495 1146 τῷ
1514 1089 1622 1142 μηδὲ

157 1163 245 1206 τοῖς
267 1156 384 1207 ῗδίοις
404 1153 681 1211 πιστεύοντι),
717 1154 770 1198 τὰ
800 1156 876 1207 μὲν
906 1155 1096 1198 ἐντεῦθεν
1127 1154 1267 1208 λαβὼν
1295 1154 1350 1197 τὰ
1374 1155 1420 1197 δέ
1442 1157 1509 1198 καὶ
1532 1153 1620 1213 ὅρι-
1642 1162 1670 1197 Β

103 1227 148 1263 15
160 1227 278 1275 amic,-
303 1226 348 1267 ἐκ
373 1222 510 1279 νήσων
539 1224 718 1275 ἐκλέξαι,
755 1223 824 1266 διὰ
839 1223 996 1277 ταχέων
1014 1221 1265 1280 ἰπέστρεφεν
1284 1221 1340 1273 ὥς
1362 1221 1535 1279 ἑτοίμως
1553 1227 1621 1268 δε-

159 1286 326 1348 ξύμενος
346 1295 414 1336 καὶ
426 1294 579 1343 ἵππους
594 1291 818 1342 σταλέντας
839 1299 926 1342 τοῖς
937 1291 1147 1343 Ἀλανοῖς,
1183 1290 1239 1342 ὥς
1260 1289 1441 1346 ἐζήτητο.
1487 1293 1620 1350 γέγονε

157 1366 306 1405 ταῦτα.
359 1363 428 1404 καὶ
450 1359 472 1404 ὅ
492 1362 567 1416 μὲν
587 1360 644 1403 δι’
671 1359 769 1415 ὅλης
784 1365 859 1415 τῆς
874 1365 1208 1416 τεσσαρακοστῆς
1229 1367 1372 1417 πεῖραν
1396 1361 1536 1411 διδοὺς
1552 1363 1620 1405 καὶ

158 1428 386 1486 λαμβάνων
410 1430 476 1471 ἐπὶ
504 1433 563 1488 τῷ
594 1428 842 1486 παραμένειν
873 1430 941 1471 καὶ
973 1433 1286 1486 προθυμεῖσθαι
1306 1429 1380 1472 τὸν
1398 1429 1474 1485 τὴν
1493 1427 1619 1488 ῥόγαν

155 1560 306 1604 mulam,
338 1560 426 1606 quod
459 1571 574 1595 omnes
603 1560 671 1595 iam
702 1560 823 1605 Cyzici
844 1559 1009 1605 degentes
1030 1559 1258 1595 exhauserant
1279 1563 1316 1594 et
1337 1571 1403 1595 nou
1426 1571 1552 1606 paucos
1575 1573 1619 1596 ex

153 1607 238 1653 ipsis
258 1607 427 1651 indigenis
449 1608 569 1652 fugere
591 1607 699 1641 nudos
721 1618 741 1640 e
763 1606 914 1640 domibus
938 1607 1118 1640 exinanitis
1141 1607 1186 1640 ad
1209 1606 1436 1651 quaerendum
1459 1607 1543 1641 alibi
1566 1609 1618 1642 vi-

154 1658 248 1687 ctum
270 1653 425 1687 miserum
447 1653 702 1699 compulerant,
737 1652 860 1697 raptim
892 1653 1064 1697 congestis
1085 1653 1123 1686 in
1144 1663 1252 1686 naves
1276 1652 1394 1686 obvias
1417 1663 1491 1686 cum
1515 1662 1619 1698 prae—-

155 1699 208 1733 dis
239 1699 408 1741 caeteris,
439 1703 510 1733 tum
544 1700 712 1733 frumento
736 1706 899 1744 quantum
920 1705 1063 1743 potuere
1085 1710 1106 1732 e
1129 1698 1270 1743 privatis
1294 1698 1470 1750 apothecis
1493 1705 1530 1732 et
1552 1710 1616 1752 pu-

154 1745 253 1779 blicis
274 1756 419 1790 rapere,
440 1745 612 1780 solventes
633 1748 713 1779 sunt
734 1745 844 1779 secuti
866 1745 1009 1779 Tzimae
1031 1744 1175 1786 milites,
1205 1755 1290 1789 quos
1313 1748 1392 1777 ante
1417 1743 1574 1777 abiisse
1563 1755 1614 1778 m·

153 1790 268 1824 didem
298 1791 465 1833 diximus,
497 1802 625 1844 pamm
645 1795 803 1825 curantes
824 1791 990 1835 promissa
1012 1791 1134 1844 quibus
1155 1801 1194 1823 sc
1215 1800 1337 1833 magno
1360 1789 1438 1823 duci
1461 1789 1615 1824 obstrin-

154 1842 299 1878 xerant,
328 1841 540 1871 sacramento
568 1835 647 1870 huic
680 1837 770 1870 fidae
798 1848 841 1871 ac
870 1836 1125 1882 perseverantis
1159 1835 1298 1869 militiae
1326 1834 1428 1868 dicto.
1474 1834 1531 1868 alii
1553 1835 1614 1889 qui

153 1886 291 1916 aestate
310 1881 411 1916 illic·
400 1894 527 1927 ignave
547 1894 589 1916 ac
611 1882 795 1916 crudeliter
814 1887 990 1916 transacta
1012 1883 1114 1916 etiam
1136 1880 1302 1914 hiemem
1292 1884 1523 1924 insequentem
1546 1880 1613 1914 ibi·-

154 1926 233 1960 dem
253 1927 439 1971 perdurare
461 1928 576 1981 parati
593 1928 816 1969 videbantur,
849 1934 1054 1981 quaestuosa
1083 1927 1216 1961 scilicet
1236 1926 1368 1959 ratione
1393 1926 1427 1959 in
1450 1937 1525 1959 eam
1547 1926 1611 1960 ob-

154 1972 380 2006 firmabantur
411 1973 644 2009 constantiam.
691 1974 919 2017 expectabant
951 1973 1040 2007 euim
1071 1972 1151 2006 dum
1182 1971 1275 2005 aliud
1307 1971 1417 2004 adhuc
1438 1971 1612 2006 trimestre

155 2018 302 2063 spatium
330 2018 511 2061 transiret,
544 2023 624 2062 post
654 2019 744 2062 quod
767 2018 933 2063 promissa
954 2019 1040 2063 ipsis
1062 2019 1106 2051 ab
1127 2017 1334 2061 imperatore
1356 2016 1524 2061 stipendia
1546 2029 1610 2052 uu—

154 2063 316 2098 meranda
347 2068 457 2097 erant.
503 2069 573 2096 tam
596 2063 725 2097 otiosae
747 2075 789 2096 ac
811 2063 1003 2108 flagitiosae
1024 2062 1163 2096 militiae
1186 2062 1347 2106 pudorem
1370 2074 1413 2096 ne
1434 2062 1510 2108 ipsc
1532 2063 1609 2109 qui-

153 2109 234 2143 dem
255 2119 322 2143 non
345 2108 538 2153 concipiens
560 2108 704 2154 aliquem
726 2108 795 2142 dux
816 2120 956 2152 magnus
977 2109 1021 2142 ad
1042 2109 1280 2152 imperatorem
1314 2107 1466 2142 solicitus
1487 2120 1609 2143 accur-

153 2155 223 2198 rit,
254 2154 384 2199 paratis
416 2155 459 2189 ad
491 2165 563 2188 eam
598 2154 805 2208 purgandam
833 2157 888 2188 vel
920 2154 1144 2188 excusandam
1167 2154 1384 2197 argumentis.
1430 2159 1467 2188 et
1487 2155 1610 2190 faciles

151 2200 210 2235 ille
231 2200 371 2254 quidem
389 2211 490 2234 aures
507 2199 669 2245 principis
691 2200 866 2244 reperiens
887 2211 1022 2233 causam
1044 2198 1190 2233 obtinuit
1209 2198 1392 2241 difficilem,
1413 2203 1449 2234 et
1462 2200 1609 2236 feliciter

152 2246 304 2280 disertus
326 2246 428 2280 etiam
451 2257 555 2280 novas
578 2245 740 2290 pecunias
769 2245 964 2291 impetravit
983 2245 1023 2278 ἰιι
1038 2244 1212 2278 mercedes
1234 2246 1434 2287 Alanorum,
1465 2258 1606 2291 quorum

152 2292 381 2346 praedicanda
402 2292 599 2326 fortitudine
625 2296 661 2325 et
683 2291 747 2326 tali
768 2295 920 2335 tempore
942 2290 1147 2325 necessitate
1168 2290 1306 2335 optimi,
1329 2297 1367 2325 ut
1388 2291 1522 2334 aiebat,
1544 2304 1607 2337 ge-

152 2338 247 2372 neris
267 2338 407 2372 militum
419 2338 579 2391 (horum
601 2337 667 2372 hac
689 2344 764 2372 arte
786 2337 850 2371 sibi
873 2337 987 2390 studia
1011 2335 1221 2370 conciliatum
1241 2336 1336 2378 ibat,
1370 2337 1516 2382 propriis
1537 2338 1604 2373 iam

151 2383 311 2418 diffidens
342 2383 463 2437 copiis,
497 2395 638 2429 quarum
672 2388 748 2417 erat
773 2382 926 2416 conscius
957 2381 1206 2425 contumaciae,
1236 2387 1273 2416 et
1294 2395 1316 2417 a
1338 2383 1462 2429 quibus
1484 2395 1606 2438 magna

150 2428 219 2463 iam
241 2441 284 2463 ex
307 2436 407 2474 parte
428 2429 556 2464 iniussu
578 2429 780 2464 abeuntibus
803 2429 987 2463 destitutus
1009 2429 1149 2472 fuerat)
1181 2427 1283 2462 evicit
1312 2432 1351 2462 nt
1379 2440 1507 2464 summa
1539 2429 1605 2464 sibi

152 2485 219 2508 nou
242 2475 375 2509 modica
394 2475 510 2510 statim
533 2476 577 2510 ab
600 2478 676 2519 Aug
677 2480 754 2509 usto
775 2474 819 2508 ad
842 2474 1022 2508 Alanorum
1045 2473 1215 2518 stipendia
1237 2475 1508 2518 consignaretur,
1543 2487 1605 2509 ex-

151 2520 418 2576 peditenturque
449 2522 608 2556 mandata
639 2521 946 2565 repraesentandae
969 2531 1045 2553 mox
1067 2519 1208 2553 alterius
1228 2531 1432 2565 permagnae
1453 2532 1496 2554 ex
1518 2521 1604 2555 assi-

151 2566 266 2608 gnatis
298 2571 335 2600 et
364 2567 396 2601 ei
430 2567 474 2601 ad
506 2568 572 2602 hoc
600 2566 744 2602 addictis
766 2566 987 2610 vectigalibus
1010 2565 1205 2600 insularum.
1247 2566 1368 2611 quibus
1391 2578 1411 2600 e
1433 2566 1603 2600 sententia

151 2609 356 2646 Rontzerius
386 2613 550 2648 confectis
581 2612 745 2647 velociter
775 2612 879 2646 rediit
912 2611 1091 2656 Cyzicum,
1125 2621 1324 2646 occursurus
1352 2612 1422 2646 illic
1445 2611 1488 2646 ad
1512 2611 1602 2646 diem

151 2655 298 2700 dictam,
331 2670 399 2703 qua
430 2659 487 2693 die
519 2658 702 2712 promissos
723 2659 768 2693 ab
790 2661 945 2702 Augusto
968 2668 1092 2710 equos,
1126 2667 1211 2701 quos
1233 2657 1351 2692 Alanis
1372 2657 1603 2701 distribueret,

152 2706 354 2754 accepturus
375 2708 469 2746 erat,
500 2710 603 2758 prout
624 2704 780 2749 petierat.
824 2703 993 2757 praestita
1014 2702 1083 2736 ista
1104 2706 1225 2738 cuncta
1246 2715 1320 2738 cum
1342 2703 1412 2737 fide
1433 2706 1534 2745 sunt3
1566 2707 1603 2737 et

151 2745 244 2781 intra
263 2748 335 2782 dies
356 2749 581 2803 quadraginta
603 2750 800 2804 praefinitos
822 2748 995 2784 collationi
1023 2748 1187 2794 pecuniae
1206 2760 1250 2783 ex
1270 2749 1386 2783 insulis
1409 2752 1446 2782 et
1459 2747 1603 2802 praebi-

151 2790 238 2826 tioni
259 2804 422 2838 equorum
443 2794 575 2830 cunctis
595 2795 683 2837 rite,
706 2801 808 2841 prout
828 2794 1029 2840 promissum
1051 2794 1183 2837 sumt,
1203 2794 1374 2841 acceptis,
1397 2793 1547 2829 accinxit
1564 2805 1604 2830 se
