1858 3126
293 191 390 237 826
687 190 997 236 OBSERVAT.
1027 192 1335 237 PAGHYMER.
1368 211 1372 215 ’

720 386 1075 436 CAPUT
1154 389 1310 439 VIII.

406 480 594 531 Origines
627 480 786 531 imperii
818 479 1065 517 ottomanici
1098 494 1127 518 α
1149 480 1392 531 Paclzymere
1421 479 1626 519 indicatae

751 533 989 573 distinctius
1022 537 1281 589 explicantur.

403 636 433 674 1.
491 636 544 675 Ut
563 649 697 687 regum
718 636 861 688 quibus
885 636 929 675 in
945 636 1134 676 interiore
1154 638 1243 676 Asia
1262 650 1470 676 commune
1490 650 1633 676 nomen
1650 651 1737 689 pre,-

292 691 440 743 sbyteri
462 693 619 731 Ioannis
641 692 730 741 fuit,
760 700 914 732 vastum
937 700 977 732 et
996 693 1068 732 diu
1086 694 1231 733 florens
1249 693 1455 746 imperium
1470 693 1653 744 Mogulici
1671 707 1738 732 ex-

292 755 385 786 ortu
407 748 581 787 deletum
599 754 658 787 est
671 778 683 798 ,
711 749 765 787 ita
782 749 913 800 ipsum
931 749 1173 801 Mogulicum
1193 763 1331 801 magna
1356 763 1407 788 ex
1427 756 1542 802 parte
1559 750 1603 788 in
1620 750 1738 788 Otto·

294 805 494 843 manicum
523 805 688 853 defecit,
730 805 942 844 rebellione
973 806 1092 858 primi
1125 806 1245 845 huius
1268 806 1491 851 ‚fundatoris
1523 805 1739 854 Ottomani,

155 870 183 903 Ρ
207 870 274 906 599
298 874 413 912 quem
439 866 573 899 noster
592 860 847 912 Pacbymeres
872 862 1073 901 Atmanem
1101 862 1300 913 nominat,
1329 868 1467 901 contra
1489 862 1679 900 Cazanem
1700 867 1740 900 et

294 917 621 969 Carmpantanem
643 918 813 969 primum
832 917 1027 969 impunita
1047 925 1285 968 remanente,
1314 918 1406 957 inde
1427 917 1571 958 sensim
1591 917 1740 956 invale-

294 980 429 1012 scente
461 973 503 1010 in
529 975 680 1012 iustum
709 974 835 1012 instar
859 975 969 1024 regni
988 975 1163 1028 proprii,
1191 975 1367 1013 auctibus
1383 980 1517 1026 postea
1534 973 1740 1025 stupendis

297 1043 421 1080 usque
439 1029 488 1067 ad
506 1030 787 1068 extinctionem
803 1030 956 1080 imperii
976 1031 1140 1069 Romani
1162 1031 1375 1069 Orientalis
1399 1037 1439 1069 et
1459 1029 1571 1080 regni
1589 1030 1739 1068 Mama-

299 1087 481 1124 lucorum
509 1086 551 1124 in
578 1086 756 1138 Aegypto
784 1087 1002 1138 profecturi
1021 1087 1061 1124 in
1078 1093 1269 1125 terrorem
1290 1088 1488 1139 Europae,
1521 1085 1583 1123 cui
1610 1086 1739 1123 mina·-

299 1148 391 1192 tur,
419 1142 615 1193 hodieque
640 1143 856 1181 universae.
911 1142 1028 1181 huius
1050 1155 1174 1181 novae
1189 1143 1391 1195 dynastiae
1407 1141 1520 1194 quasi
1534 1141 1740 1191 cunabula,

299 1198 428 1237 obiter
456 1213 478 1235 a
506 1198 743 1250 Pachymere
771 1199 1000 1250 perstricta,
1030 1199 1227 1238 nesciente
1252 1199 1403 1237 scilicet
1419 1199 1461 1236 in
1478 1203 1663 1249 quantam
1689 1210 1740 1236 ex

296 1254 360 1293 his
376 1255 444 1292 illa
463 1256 604 1294 molem
625 1256 728 1294 foret
745 1255 967 1293 immaniter
987 1256 1201 1294 crescendo
1220 1261 1463 1303 surrectura,
1487 1266 1628 1306 operae
1653 1266 1741 1305 pre-

295 1312 398 1349 tium
423 1310 522 1349 duxi
553 1311 800 1350 considerare
827 1311 894 1349 hic
919 1311 1038 1363 paulo
1058 1312 1267 1360 attentius,
1299 1317 1337 1350 et
1356 1310 1526 1363 epochas
1544 1308 1740 1360 originum

295 1367 458 1406 istarum
483 1367 526 1405 in
553 1367 761 1419 principiis
785 1381 922 1419 parum
947 1367 1156 1418 notabiles,
1185 1382 1233 1406 ex
1260 1367 1463 1418 inopinato
1486 1365 1628 1404 deinde
1643 1378 1740 1403 suo-

297 1437 411 1461 cessu
428 1430 671 1464 momentum
693 1431 732 1463 et
749 1423 1026 1463 aestimationis
1044 1425 1229 1463 meritum
1249 1430 1396 1474 nactas,
1423 1423 1507 1462 suis
1525 1427 1661 1460 exacte
1675 1422 1739 1460 lo-

293 1479 348 1516 cis
371 1479 500 1529 figere.

410 1536 456 1573 II.
514 1535 722 1574 Othmanis
746 1536 830 1575 sive
854 1536 1059 1574 Ottomani
1085 1549 1207 1587 genus
1232 1534 1413 1574 historici
1441 1533 1586 1573 Arabes
1613 1531 1741 1572 dedu-

297 1596 396 1629 cunt
414 1603 435 1628 e
454 1591 621 1640 quodam
643 1592 827 1630 Soliman
847 1592 997 1641 Slzaho,
1026 1605 1142 1643 quem
1165 1592 1274 1630 aiunt
1292 1592 1395 1629 circa
1413 1603 1561 1628 annum
1577 1589 1742 1639 Hegirse

298 1650 377 1688 611
391 1675 403 1692 ‚
432 1646 543 1684 cuius
565 1646 642 1684 fuit
660 1646 815 1685 initium
834 1648 927 1685 Maii
948 1648 1029 1686 dies
1052 1651 1102 1690 13
1123 1647 1164 1684 in
1186 1647 1330 1685 Christi
1347 1660 1449 1685 anno
1473 1643 1602 1693 1214,
1631 1657 1742 1696 prae-

298 1703 420 1741 fuisse
443 1702 672 1754 provinciae
693 1703 819 1741 Persis
838 1704 1054 1751 subiectae,
1083 1716 1182 1754 quae
1206 1703 1422 1742 vocabatur
1446 1700 1616 1739 Mahan.
1673 1699 1740 1738 hic

296 1773 388 1798 cum
411 1772 434 1796 a
453 1759 736 1809 Mogulensium
755 1760 945 1811 potentia,
972 1765 1071 1798 tunc
1090 1759 1163 1797 sub
1181 1759 1311 1810 primo
1329 1758 1489 1797 illorum
1505 1756 1742 1807 imperatore

300 1813 567 1866 Gingizchane
592 1814 882 1867 irruptionibus
915 1816 955 1853 in
981 1829 1135 1853 omnem
1155 1821 1304 1866 partem
1323 1812 1620 1852 vehementibus
1642 1812 1741 1850 fines

301 1872 512 1919 dilatante,
541 1871 643 1909 tueri
671 1885 782 1910 suam
807 1872 1094 1924 praefecturam
1121 1871 1343 1923 desperaret
1360 1883 1495 1923 posse,
1523 1868 1741 1907 convasatis

303 1941 404 1979 quae
431 1927 563 1979 potuit
585 1928 761 1978 auferre,
790 1928 1076 1980 assumptisque
1102 1941 1230 1966 secum
1263 1940 1340 1978 qua
1359 1939 1381 1964 e
1400 1924 1644 1978 principibus
1662 1937 1742 1976 qua

305 1997 327 2022 e
344 1984 492 2036 populo
504 2013 515 2032 ,
545 1983 614 2035 qui
630 1997 752 2023 novas
771 1984 864 2022 alibi
883 1997 1071 2036 quaerere
1095 1983 1205 2022 sedes
1225 1983 1387 2022 mallent
1409 1995 1526 2033 quam
1547 1981 1598 2018 in·
1613 1980 1741 2032 patria

305 2041 480 2088 servire,
507 2039 550 2078 in
576 2039 708 2078 Asiam
736 2041 925 2079 minorem
940 2040 1017 2079 iter
1033 2040 1216 2082 intendit.
1270 2039 1337 2077 sed
1358 2038 1453 2077 dum
1469 2037 1621 2075 incerto
1639 2035 1741 2075 vado

303 2096 546 2147 Euphratem
573 2096 745 2146 traiicit,
775 2097 888 2148 aquis
913 2096 1054 2135 hausto
1080 2095 1255 2134 soliman
1275 2094 1406 2133 Shaho
1422 2124 1432 2142 ,
1466 2107 1488 2132 e
1515 2092 1641 2131 tribus
1671 2092 1741 2142 qui

305 2152 388 2190 eius
408 2152 537 2203 fugam
556 2153 846 2191 comitabantur
867 2153 961 2191 filiis
979 2153 1058 2191 duo
1079 2153 1251 2204 priores,
1279 2152 1434 2189 Sankur
1453 2148 1573 2200 Zengi
1591 2153 1633 2187 et
1654 2148 1741 2186 Cun
1802 2184 1808 2189 .

305 2207 445 2258 Tugdi‚
474 2207 678 2246 redierunt
696 2209 737 2246 in
760 2209 970 2258 Persidem,
997 2209 1139 2247 tertius
1154 2207 1384 2258 Ortogrules
1400 2206 1547 2244 ibidem
1567 2204 1619 2242 ad
1635 2204 1741 2255 ripas

306 2263 518 2315 Euphratis
539 2264 780 2303 domicilium
807 2264 921 2313 fixit,
956 2265 1120 2315 illicque
1157 2264 1228 2302 diu
1254 2269 1430 2302 moratus
1456 2268 1534 2300 tres
1562 2259 1742 2298 educavit

305 2319 420 2367 filios,
450 2320 677 2358 Condozum
697 2321 946 2359 Sarubanum
961 2327 1000 2359 et
1017 2320 1266 2358 Othmanem.
1324 2332 1459 2357 verum
1475 2329 1565 2355 cum
1581 2321 1741 2366 anguste

302 2374 628 2426 incommodeque
647 2375 887 2425 habitarent,
916 2377 1116 2415 Sarubano
1141 2376 1222 2414 filio
1238 2376 1288 2413 ad
1309 2371 1657 2413 Aladinumlconii
1678 2384 1742 2409 sa-

304 2436 460 2482 trapam
486 2431 612 2481 legato
637 2434 752 2471 misso
781 2434 950 2484 supplex
968 2433 1081 2484 petiit
1099 2431 1147 2470 ab
1168 2445 1212 2470 eo
1231 2429 1417 2481 assignari
1432 2428 1506 2467 sibi
1525 2427 1656 2465 locum
1673 2427 1741 2465 ubi

306 2499 399 2525 cum
425 2486 556 2524 liberis
583 2487 739 2537 degeret
766 2488 808 2526 in
832 2489 947 2527 terris
962 2489 1087 2540 ipsius
1105 2487 1277 2526 ditionis.
1333 2484 1470 2525 annuit
1500 2489 1674 2535 satrapa,
1703 2489 1743 2522 et

308 2542 512 2593 Ortogruli
539 2543 718 2594 permisit
745 2551 788 2582 ut
814 2557 904 2582 cum
932 2544 1012 2582 suis
1032 2544 1214 2594 migraret
1233 2542 1275 2580 in
1291 2540 1487 2591 regionem
1508 2538 1623 2577 sitam
1638 2539 1742 2577 inter

309 2605 462 2638 montes
486 2598 701 2648 Tumalagii
729 2605 768 2636 et
793 2598 1008 2641 Armeniae.
1065 2598 1300 2650 Karaiaptag
1329 2596 1364 2635 ei
1388 2597 1475 2636 loco
1490 2607 1635 2634 nomen
1651 2594 1741 2642 fuit,

310 2668 426 2707 quem
456 2655 852 2705 inaeditrortogrules
881 2661 993 2693 tanto
1021 2668 1186 2692 numero
1208 2666 1369 2692 suorum
1395 2658 1438 2690 ut
1457 2651 1739 2704 quadringenta

309 2713 478 2750 tentoria
493 2711 575 2761 illic
598 2710 676 2749 fixa
694 2711 910 2762 explerent.
964 2724 1047 2749 rem
1067 2709 1121 2748 ibi
1138 2716 1294 2748 strenue
1318 2708 1452 2747 multis
1472 2707 1604 2756 annis,
1632 2705 1741 2745 limi-

309 2773 390 2805 tem
410 2773 540 2806 tutans
561 2773 601 2806 et
619 2766 801 2819 auspiciis
826 2766 981 2809 Aladini
1007 2766 1197 2821 principis
1221 2765 1429 2805 laoniensis
1447 2763 1614 2803 feliciter
1634 2761 1740 2802 mili·

311 2828 420 2878 tans,
450 2823 679 2876 Ortogrules
705 2823 844 2875 gessit,
874 2822 1003 2875 magni
1024 2822 1074 2862 ob
1098 2822 1175 2862 hoc
1198 2822 1245 2861 ab
1272 2821 1341 2861 illo
1358 2819 1515 2860 habitus
1534 2825 1575 2859 et
1593 2817 1742 2857 deside-
