1858 3126
501 146 603 190 ΗΒ.
622 146 696 189 ΠΙ.
747 143 1227 189 CHRONOLOGIGUS.
1490 143 1550 189 81
1562 143 1585 189 1

146 255 365 308 golensium
391 255 528 305 rebus,
571 262 654 294 tota
684 268 776 293 cura
805 253 963 306 imperii
984 253 1034 292 ad
1056 253 1222 292 Batuum
1239 264 1261 291 e
1281 253 1405 304 stirpe
1423 251 1588 303 Gingiz·

147 312 280 351 chanis
298 318 396 350 natu
412 313 626 350 maximum
645 311 828 350 devoluta
847 315 917 350 est.
971 309 1006 348 is
1025 323 1097 362 per
1111 309 1380 359 interregnum
1399 308 1589 358 regimine

146 369 191 406 in
210 382 348 406 manus
365 374 523 420 sumpto
547 367 662 406 dabat
685 380 841 419 operam
865 366 1144 416 congregandis
1172 365 1221 403 de
1242 377 1350 402 more
1371 364 1496 415 gentis
1516 378 1588 403 co-

147 423 293 473 mitiis;
325 436 424 474 quse
440 437 502 462 res
523 423 573 461 ob
591 423 814 462 distantiam
831 422 1024 469 locorum,
1052 420 1354 473 principumque
1380 433 1425 458 ac
1444 420 1590 460 ducum

146 480 424 531 occupationes
446 480 490 517 in
517 478 760 531 provinciis,
798 477 994 528 longiores
1024 490 1132 515 nunc
1159 476 1277 516 solito
1294 489 1423 514 moras
1441 474 1590 514 habuit.

145 534 189 572 in
206 534 315 574 hunc
339 535 515 574 eumdem
535 548 679 573 annum
699 540 804 573 recte
829 547 873 572 sc
891 539 1149 571 consentanee
1163 531 1403 571 nostratibus
1418 530 1590 570 chrono-

129 590 246 641 logis
271 592 423 630 confert
444 590 760 642 Abulpharagius
777 589 948 642 priorem
970 589 1013 627 in
1036 589 1189 641 Syriam
1219 594 1258 626 et
1274 589 1496 639 Aegyptum
1518 601 1593 626 ex-

146 645 386 698 peditionem
408 646 540 684 Sancti
556 646 764 694 Ludovici,
802 659 917 697 quem
942 658 1040 683 sono
1062 645 1172 683 vocis
1198 644 1300 682 fama
1317 643 1460 682 iactata
1478 643 1520 682 in
1540 643 1591 681 li..

147 707 252 740 teras
271 701 458 741 Arabicas
479 702 660 741 coniecto
678 701 906 753 Reddi-ans
919 701 1107 753 appellat.
1136 700 1184 738 ab
1204 698 1280 738 hoe
1295 700 1416 739 refert
1435 705 1590 751 captam

147 756 390 808 Damiatam3
418 765 500 797 tum
535 764 685 796 caetera
713 758 762 797 de
787 758 857 796 illo
893 757 1025 795 eadem
1052 757 1170 809 plane
1189 755 1356 808 parique
1373 755 1512 794 ordine
1539 768 1587 793 ac

146 813 274 852 nostri
291 815 496 865 exequitur
511 814 703 854 historici.
759 826 859 865 quae
887 813 1041 862 obiter,
1072 812 1122 851 sd
1149 812 1345 864 specimen
1364 811 1589 850 veracitatis

146 867 265 907 huius
286 868 491 919 Chronici‚
519 870 620 908 tanti
646 869 723 908 fuit
748 869 952 909 indicasse.
1009 881 1113 906 anno
1137 867 1278 906 dehinc
1306 867 1471 918 Hegirae
1491 868 1586 915 648,

147 924 260 962 cuius
280 925 471 964 kalendae
487 925 725 964 Muharrami
751 939 772 963 a
793 925 856 963 die
879 923 1026 977 Aprilis
1042 924 1176 976 quinta
1192 924 1411 975 procedunt
1427 923 1469 962 in
1484 936 1587 961 auno

146 992 258 1018 aerae
287 981 463 1031 vulgaris
503 981 745 1019 Christianae
779 982 898 1027 1250,
935 981 1093 1018 evoluto
1118 980 1195 1017 iam
1223 979 1380 1017 biennio
1410 993 1433 1016 a
1460 985 1588 1018 morte

146 1036 488 1087 Cayuc-Chanis‚
517 1051 680 1076 cernens
705 1038 853 1074 Batuus
887 1037 1033 1074 frustra
1053 1049 1094 1074 se
1118 1035 1308 1074 hactenus
1326 1035 1522 1075 laborasse
1542 1034 1586 1072 in

145 1092 386 1131 accersendis
405 1106 426 1131 e
443 1093 656 1144 longinquo
676 1093 936 1143 cogendisque
955 1092 997 1130 in
1015 1091 1187 1142 legitima
1206 1091 1363 1130 comitia
1381 1091 1587 1141 Mogulen-

145 1147 250 1185 sium
269 1148 537 1201 principibus,
566 1149 615 1187 de
636 1148 799 1186 consilio
819 1148 1080 1200 praesentium
1094 1176 1107 1198 ,
1135 1153 1174 1186 et
1191 1160 1351 1186 assensu
1371 1147 1588 1186 absentium

145 1215 219 1255 per
235 1203 373 1243 missos
392 1211 430 1243 et
449 1204 581 1243 literas
599 1205 797 1242 declarato
809 1235 820 1253 ‚
847 1204 1112 1242 Munkakaum
1131 1217 1151 1241 e
1171 1202 1446 1254 Gingizchanis
1463 1203 1588 1255 stirpe

146 1259 295 1310 magnis
309 1259 468 1299 dotibus
484 1261 673 1311 insignem
691 1260 767 1298 rite
788 1261 1062 1312 imperatorem
1079 1259 1296 1298 declaravit
1307 1287 1320 1308 ,
1348 1259 1534 1298 adiuncto
1550 1259 1587 1297 ei

145 1314 292 1354 Kaanis
309 1315 439 1354 titulo.
495 1329 622 1366 neque
650 1316 713 1353 hic
739 1323 867 1354 tamen
888 1316 998 1366 prius
1017 1328 1129 1365 quam
1149 1328 1272 1354 verno
1294 1321 1472 1367 tempore
1491 1314 1586 1352 anni

145 1371 367 1422 sequentis,
395 1371 559 1422 Hegirae
579 1371 672 1419 649,
689 1371 731 1408 in
748 1371 847 1410 solio
863 1371 1102 1409 solemnibus
1125 1370 1353 1409 ceremoniis
1372 1371 1588 1409 collocatus

147 1431 218 1464 est.
272 1426 420 1479 incepit
444 1428 477 1466 is
501 1441 626 1465 annus
654 1427 846 1466 Arabicus
876 1441 899 1464 a
926 1427 989 1465 die
1021 1430 1075 1469 26
1101 1427 1232 1466 Martii
1256 1426 1402 1465 Iuliani
1421 1426 1464 1466 in
1483 1440 1589 1464 anno

145 1479 295 1520 Christi
313 1484 433 1526 1251.
488 1483 592 1522 unde
614 1483 866 1533 inteuigimm
884 1482 1057 1533 auspicia
1078 1482 1232 1535 impeffi
1249 1482 1464 1521 Munkakai
1482 1483 1589 1520 Kan-

144 1536 228 1586 nis‚
256 1537 335 1578 diei
363 1552 470 1577 nono
500 1539 642 1577 Rabiae
666 1539 834 1591 prioris,
870 1545 916 1576 ut
935 1538 1081 1577 diserte
1105 1539 1243 1577 asserit
1259 1538 1590 1589 Abnlpharagius,

145 1591 284 1643 affixa,
314 1601 449 1633 exacte
464 1594 676 1647 procedere
690 1609 715 1633 a
733 1594 911 1632 kalendis
927 1594 1032 1632 Iunii
1049 1594 1191 1633 Iuliani
1209 1608 1312 1633 anno
1334 1594 1480 1632 Christi
1502 1607 1586 1633 me-

144 1655 297 1688 morato
321 1651 441 1693 1251.
497 1651 655 1689 videtur
677 1650 743 1689 hic
772 1651 1016 1689 Munkakaus
1041 1651 1150 1690 Kaan
1171 1650 1343 1701 aliquid,
1378 1650 1485 1700 quod
1508 1650 1586 1687 ob-

146 1717 303 1743 servare
327 1713 461 1744 nostra
489 1706 673 1752 interest,
712 1706 864 1758 primus
890 1707 1097 1744 innovasse
1131 1707 1175 1744 in
1204 1706 1391 1756 regimine
1415 1705 1583 1756 imperii.

144 1760 312 1798 adscivit
330 1761 433 1800 enim
453 1762 527 1800 sibi
542 1762 666 1800 veluti
681 1763 847 1813 collegas
864 1775 884 1800 e
902 1763 982 1801 suis
996 1762 1181 1801 fratribus
1202 1767 1350 1812 septem
1368 1760 1468 1798 duos
1488 1767 1585 1798 natu

145 1815 337 1854 maximos
357 1817 486 1854 Kobla
506 1824 544 1856 et
559 1819 750 1866 Hulacu5
780 1831 948 1868 quorum
969 1818 1142 1870 priorem
1171 1818 1214 1854 in
1234 1817 1393 1854 ultimos
1411 1815 1583 1853 Orientis

144 1869 263 1916 fines,
294 1870 492 1910 Cathaiam
510 1873 694 1911 videlicet
710 1880 748 1912 et
766 1874 946 1911 Sinenses
963 1873 1182 1923 provincias
1199 1872 1306 1909 misit
1327 1871 1472 1909 tuendo
1497 1871 1583 1909 illic

144 1925 385 1975 Mogulensis
406 1927 564 1979 imperii
583 1928 701 1966 limiti
714 1958 726 1978 ,
753 1929 919 1966 alterum
938 1930 1109 1966 Halacu
1123 1927 1371 1966 moderandis
1391 1927 1580 1966 Occiduis

145 1981 334 2020 tractibus
359 1981 514 2033 imperii
530 1983 714 2032 eiusdem,
745 1983 821 2022 hoc
837 1990 895 2023 est
910 1983 1134 2034 regionibus
1154 1982 1324 2021 Persidis
1342 1982 1582 2034 Babyloniae

149 2042 188 2074 et
205 2037 290 2075 aliis
306 2038 479 2090 Romano
498 2038 664 2090 imperio
691 2038 911 2077 confinibus
923 2068 934 2088 ,
964 2038 1151 2090 praefecit
1173 2051 1354 2090 suprema
1372 2045 1580 2090 potestate,

148 2105 265 2143 quam
277 2093 409 2131 multis
428 2093 540 2132 annis
560 2094 644 2131 illic
661 2094 854 2143 exercuit3
881 2094 987 2132 unde
1004 2109 1026 2132 a
1051 2093 1287 2146 Pachymere
1306 2094 1384 2133 vol.
1401 2094 1420 2133 Ι
1437 2109 1477 2146 p·
1498 2095 1579 2137 174

148 2161 192 2188 v.
214 2149 241 2190 5
270 2151 435 2189 Χαλαοῦ
476 2149 634 2188 ΟΙιαΙαὶὶ
662 2149 779 2201 (nam
810 2151 863 2187 ita
894 2151 1067 2187 Hulacu
1099 2150 1332 2189 vocabulum
1360 2150 1578 2202 deformat)

146 2201 280 2255 ἅρχων
305 2201 489 2256 Τοχᾶρων
512 2207 700 2256 princeps
736 2206 1003 2243 Tocharorum
1035 2206 1209 2244 absolute
1230 2205 1391 2252 dicitur;
1419 2212 1459 2244 et
1473 2207 1581 2257 apud

146 2259 477 2312 Abulpharagium
500 2274 542 2312 p.
570 2263 649 2303 337
679 2261 891 2299 consiliarii
924 2261 1109 2313 Calipbae
1140 2261 1333 2311 Bagdsdi,
1369 2261 1418 2300 de
1458 2262 1577 2301 modo

144 2315 354 2354 resistendi
386 2315 506 2368 copiis
532 2316 755 2366 ingentibus
780 2330 875 2368 quas
904 2318 1074 2355 Hulaca
1104 2317 1285 2356 ductabat
1310 2318 1580 2367 deliberantes,

145 2383 236 2410 eum
250 2386 379 2423 regem
406 2379 698 2423 praepotentem
727 2379 884 2411 vocant.
940 2373 1099 2411 videtur
1125 2373 1173 2412 ad
1190 2373 1233 2412 id
1254 2373 1460 2412 consilium
1479 2387 1581 2425 par-

144 2427 272 2466 tiendi
303 2441 392 2466 cum
418 2427 605 2467 fratribus
628 2428 784 2480 imperii
809 2429 1056 2467 Munkakaus
1083 2429 1192 2468 Ksan
1216 2429 1481 2480 descendisse,
1512 2430 1580 2467 do-

145 2487 233 2520 ctus
254 2484 493 2536 experientia
516 2498 632 2535 quam
647 2491 745 2523 esset
764 2484 924 2522 difficile
941 2490 1003 2522 tot
1020 2491 1101 2522 tam
1117 2485 1197 2524 late
1218 2491 1396 2537 patentes
1411 2485 1580 2538 provin-

146 2537 226 2576 cias
251 2552 371 2577 unum
394 2553 542 2590 regere.
599 2553 705 2578 anno
737 2540 885 2592 quippe
913 2540 1086 2578 secundo
1111 2542 1173 2579 sui
1196 2541 1376 2593 imperii,
1414 2541 1578 2591 Hegirae

146 2593 243 2642 650,
269 2595 379 2632 cuius
396 2596 586 2634 kalendae
606 2596 846 2634 Muharrami
863 2602 1138 2647 processerunt
1156 2610 1179 2634 a
1196 2597 1260 2635 die
1282 2598 1333 2638 14
1352 2597 1482 2635 Martii
1505 2597 1576 2634 Iu-

145 2647 242 2684 liani
260 2649 304 2687 in
324 2664 427 2689 anno
453 2651 600 2690 Christi
619 2654 738 2700 1252,
762 2652 796 2690 is
815 2652 885 2690 vix
903 2652 1035 2690 salvus
1061 2652 1247 2703 effugerat
1265 2651 1575 2691 coniurationem

147 2701 354 2743 adversum
374 2719 415 2744 se
429 2707 598 2745 validam
624 2708 852 2760 principum
877 2722 967 2746 suae
990 2708 1134 2758 gentis,
1170 2713 1261 2759 post
1278 2721 1393 2758 quam
1410 2722 1575 2760 oppres-

145 2769 228 2795 sam
245 2760 372 2798 statim
385 2762 507 2800 refert
523 2762 840 2815 Abulpharagius
857 2763 1074 2802 destinatos
1091 2764 1140 2801 ab
1154 2777 1201 2802 eo
1219 2763 1388 2802 Kohlam
1410 2766 1578 2804 flatrum
