1820 3112
262 151 286 197 1
295 152 359 197 32
672 149 909 194 GEORGII
952 150 1306 194 PAC-HYMERIS

260 276 361 319 ψας,
399 262 447 306 οὗ
468 261 550 317 μὴν
570 262 614 304 δὲ
637 263 703 304 καὶ
724 258 973 319 ὑπογράψας
991 260 1265 316 οὗὸ”ὅτιοῦν,
1303 264 1428 318 δῆλος
1445 259 1497 320 ἦν
1517 265 1728 315 amande

260 332 392 390 ἑαυτῷ
415 331 486 373 τὸν
506 328 662 386 θρόνον
682 333 748 372 καὶ
771 333 825 381 εἷς
846 331 986 386 καιρὸν
1018 335 1092 385 τῆς
1116 335 1236 385 τιμῆς
1261 329 1394 391 ἑαυτῷ
1424 331 1727 388 προμηθούμε-

160 430 162 433 ,
212 420 244 455 Ε
266 418 337 450 νος
361 404 420 458 τῷ
445 396 559 454 μήθ’
587 397 827 455 ὑπογράψαι
845 399 949 456 (ἔδει
969 399 1048 455 γὰρ
1078 399 1125 442 τὸ
1150 398 1205 442 “ὅ
1223 401 1520 455 χρηματίσας”
1536 399 1723 458 γράψαι)

256 467 358 525 μήτε
390 468 473 522 μὴν
505 469 639 510 αἰτίαν
671 473 806 511 θεῖναι
827 473 899 522 τῆς
929 465 1211 523 παραιτήσεως
1232 466 1408 523 ἅλληνῆ
1437 473 1520 512 τῶν
1539 470 1726 524 σχιζομέ-

257 555 339 581 νων
361 534 548 593 εἰρήνην,
589 531 638 591 ἧς
659 537 717 591 μὴ
746 535 960 593 προβάσης
989 536 1202 591 ἄντικρυς,
1249 534 1305 585 ὥς
1331 537 1559 589 ἐπίστευεν,
1597 538 1756 582 αὗτόν5

257 607 332 662 τὴν
350 601 650 662 ἀρχιερωσύνην
671 605 814 659 ἔχοντα
841 605 966 648 αὐτὸν
991 604 1091 648 εἶναι
1122 607 1189 647 καὶ
1221 601 1348 654 αὖθις
1369 605 1440 648 τὸν
1469 604 1726 663 πατριάρχην

258 676 302 718 ἐκ
319 679 393 717 τοῦ
416 670 652 716 ἀκολούθου
669 674 920 728 ξυνέβαινεν·
959 670 979 716 ὅ
999 674 1076 729 γὰρ
1101 675 1164 716 ἐπὶ
1183 678 1233 730 τῇ
1253 672 1454 731 ἱερωσύνῃ
1482 673 1726 718 ἀκαταιτία-

257 761 351 796 τος,
390 744 453 784 ἐπὶ
470 743 514 784 δὲ
530 739 638 797 μόνῃ
656 749 863 799 προφανεῒ
881 744 990 800 αἷτίᾳ
1012 743 1088 796 τὴν
1117 743 1237 796 τιμὴν
1259 741 1611 799 παραιτούμενος,
1647 745 1723 799 δῆ-

256 817 329 854 λον
355 810 410 861 ὥς
429 816 501 865 τῆς
535 812 669 860 αι’τιάς
694 812 750 866 μὴ
775 809 989 866 προβάσης
1020 811 1145 860 αὐτὸς
1165 810 1214 853 ἂν
1235 812 1295 867 εἴη
1320 813 1386 854 καὶ
1405 809 1548 864 πάλιν,
1585 813 1723 856 θέλων

255 879 405 935 μόνον,
444 878 465 922 ὅ
494 879 568 933 τὴν
587 879 706 934 τιμὴν
725 877 1027 933 ἀναλαμβάνειν
1048 878 1174 929 ἄξιος.
1246 881 1285 922 οἳ
1301 880 1440 933 μέντοι
1460 897 1502 936 γε
1532 882 1624 936 περὶ
1645 881 1717 924 τὸν
1731 891 1775 925 10

141 966 168 1000 p
190 966 234 1001 39
257 949 454 1004 βασιλέα,
492 949 735 1002 καὶμᾶλλον
765 946 785 991 ὃ
816 948 868 990 τὰ
899 946 1033 990 πάντα
1053 952 1186 990 κυκῶν
1216 946 1474 1004 Θεόληπτος,
1509 947 1636 1004 μόνον
1658 948 1724 993 ὅτι

254 1016 424 1075 γράμμα
444 1015 728 1071 παραιτήσεως
749 1016 861 1073 παρὰ
882 1021 955 1058 τοῦ
977 1020 1017 1059 Γ
1015 1018 1205 1073 ρηγορίου
1228 1018 1438 1071 ἐδέχοντο,
1473 1015 1594 1074 χάριν
1615 1016 1722 1074 εἶχον

256 1087 390 1144 ἐκείνῳ
423 1083 478 1135 ὥς
503 1084 584 1140 ἤδη
611 1085 657 1128 τὸ
688 1090 770 1128 πᾶν
796 1083 1014 1139 λαβόντες,
1061 1087 1128 1127 καὶ
1158 1085 1256 1135 τοὺς
1285 1085 1436 1135 ἄλλους
1465 1086 1632 1129 ἔπειθον
1661 1086 1719 1142 μὴ

246 1159 632 1210 πολυπραγμονεῖν,
668 1154 726 1209 μὴ
748 1156 876 1209 ζητεῖν
901 1155 1043 1206 πλέον,
1076 1154 1135 1208 μὴ
1159 1155 1232 1208 τὴν
1255 1152 1500 1211 ὑπογραφὴν
1519 1151 1718 1208 ἀπαιτεῖν,

256 1223 473 1280 ἀρκεῖσθαι
497 1224 542 1264 δὲ
563 1225 629 1264 καὶ
647 1221 761 1281 μόνῳ
793 1227 851 1280 τῷ
867 1220 1077 1279 γράμματι
1106 1224 1349 1282 οῗκειοχείρῳ
1365 1240 1407 1278 γε
1435 1222 1523 1265 ὄντι
1535 1255 1547 1275 ,
1585 1225 1656 1266 καί
1671 1223 1716 1280 y'
1733 1228 1775 1264 15

203 1310 235 1345 Β
259 1291 602 1346 ἀπαλλαχθέντας
632 1290 764 1340 οὕτως
783 1291 964 1333 ἐκέλευον
993 1291 1168 1346 ἀγαπᾶν.
1238 1290 1464 1347 Γρηγόριος
1483 1292 1527 1334 δὲ
1547 1293 1614 1334 καὶ
1636 1299 1721 1343 τοῖς

256 1363 301 1404 ἐκ
322 1365 484 1417 μακροῦ
507 1361 844 1414 δυσμεναίνουσιν
868 1358 1002 1420 ἑαυτῷ
1020 1359 1188 1415 πέμπων
1207 1358 1461 1418 συγχώρησιν
1483 1356 1720 1416 διηλλάττε-

254 1470 371 1505 matris
395 1481 436 1504 ac
460 1469 603 1504 omnium
627 1474 819 1504 sanctorum
843 1469 1033 1515 precibus.'’
1078 1468 1132 1504 his
1162 1470 1264 1515 plane
1295 1469 1410 1504 verbis
1433 1472 1631 1515 conceptum
1653 1469 1720 1504 hoc

253 1517 429 1562 scriptum,
454 1516 558 1560 idque
581 1517 670 1550 nulla
695 1528 835 1561 prorsus
858 1516 1106 1561 subscriptione
1129 1516 1321 1558 firmatum,
1345 1517 1534 1560 Gregorius
1557 1517 1602 1550 ad
1624 1527 1719 1550 suam

251 1563 354 1596 fidem
377 1562 581 1596 liberandam
607 1562 776 1602 offerens,
799 1563 976 1596 manifeste
1000 1562 1090 1596 visus
1113 1567 1167 1596 est
1188 1573 1254 1596 non
1276 1566 1345 1596 tam
1367 1562 1517 1596 voluisse
1538 1563 1628 1596 bona
1649 1562 1719 1596 fide

252 1608 413 1642 abdicare
436 1619 534 1653 quam
559 1619 715 1641 asserere
738 1609 801 1642 sibi
823 1610 978 1641 thronum
1012 1613 1047 1641 et
1071 1613 1148 1642 astu
1171 1608 1315 1652 quodam
1339 1619 1548 1653 praeparare
1570 1607 1719 1642 faculta-

251 1659 319 1688 tem
351 1653 541 1687 resumendi
574 1654 782 1697 postmodum
819 1654 974 1695 honoris,
1009 1655 1142 1698 quando
1175 1654 1324 1695 scilicet,
1354 1653 1519 1697 mitigatis
1549 1652 1718 1688 hominum

251 1699 361 1742 odiis,
384 1705 418 1733 et
442 1711 530 1744 quae
553 1702 633 1732 tunc
655 1700 824 1743 flagrabat
845 1700 967 1732 invidia
991 1700 1160 1744 paululum
1183 1701 1342 1741 remissa,
1370 1703 1594 1744 opportunam
1615 1710 1718 1733 occa-

250 1747 378 1780 sionem
400 1751 492 1779 esset
515 1751 634 1779 nactus
657 1746 777 1779 iterum
802 1745 1023 1786 exercendae,
1047 1757 1224 1790 numquam
1249 1757 1343 1785 vere,
1371 1749 1409 1778 ut
1433 1746 1587 1790 putabat,
1613 1744 1718 1779 amis-

250 1804 310 1827 sae
333 1791 524 1836 potestatis.
571 1790 637 1824 nisi
659 1791 746 1824 enim
769 1792 832 1824 hoc
856 1791 975 1825 callide
998 1796 1137 1834 ageret,
1160 1791 1278 1836 utique
1299 1791 1391 1825 illum
1414 1795 1612 1835 oportuerat
1634 1802 1718 1825 con-

250 1843 382 1873 suetam
404 1837 493 1871 illam
516 1836 559 1870 ad
582 1836 702 1882 scripti
725 1837 847 1870 calcem
873 1848 1043 1881 apponere
1067 1837 1242 1870 formulam
1264 1840 1366 1881 “ego,
1386 1848 1453 1881 quo
1476 1837 1520 1871 de
1543 1837 1658 1882 agitur
1679 1836 1717 1871 in

250 1883 376 1925 libello,
399 1881 639 1927 subscripsi;”
667 1889 911 1928 praetereaque
935 1888 1058 1916 certam
1082 1886 1118 1915 et
1141 1894 1206 1916 non
1225 1894 1268 1917 ex
1291 1883 1412 1916 incerti
1434 1887 1576 1917 eventus
1598 1882 1717 1917 eondi-

249 1930 343 1963 tione
366 1940 563 1974 suspensam
586 1940 843 1962 commemorare
867 1928 1089 1962 abdicationis
1125 1940 1269 1962 causam.
1316 1940 1405 1962 nunc
1430 1940 1495 1963 non
1519 1928 1609 1962 aliud
1631 1928 1716 1962 alle-

249 1986 334 2020 gans
357 1987 417 2008 cur
441 1975 623 2008 cedendum
646 1975 718 2008 loco
743 1978 900 2020 putaret,
934 1974 997 2008 nisi
1020 1986 1112 2019 spem
1137 1974 1366 2008 conciliandae
1400 1974 1468 2008 isto
1490 1974 1590 2008 modo
1613 1974 1716 2008 dissi-

249 2021 399 2055 dentium
424 2020 537 2066 pacis,
561 2020 772 2066 relinquebat
798 2021 863 2054 sibi
887 2026 1000 2054 astute
1022 2020 1076 2054 ius
1101 2020 1144 2054 ad
1171 2021 1284 2054 sedem
1315 2022 1501 2064 integrum,
1535 2020 1587 2062 si,
1622 2020 1713 2065 quod

250 2067 381 2100 omnino
404 2068 552 2100 futurum
584 2067 808 2111 opinabatur,
838 2078 881 2100 ne
914 2071 992 2111 post
1024 2077 1119 2100 suum
1149 2066 1283 2111 quidem
1315 2066 1500 2100 discessum
1530 2066 1715 2104 certamin·

248 2113 433 2146 factionum
457 2112 676 2157 quievissent.
723 2112 837 2158 quidni
859 2112 947 2146 enim
970 2118 1061 2151 tunc,
1084 2111 1142 2157 qui
1165 2113 1292 2146 diserte
1314 2112 1438 2157 alioqui
1460 2113 1635 2158 professus
1657 2122 1715 2146 es·-

249 2165 304 2192 set
328 2158 415 2191 haud
441 2170 478 2191 se
502 2158 694 2192 renuntiare
716 2159 905 2192 sacerdotio
941 2170 1007 2203 quo
1031 2158 1122 2192 nulla
1144 2158 1323 2192 meruisset
1343 2160 1444 2203 culpa
1465 2157 1604 2202 privari,
1625 2157 1714 2201 legi-

249 2204 366 2238 timum
389 2204 453 2237 sibi
476 2210 596 2248 patere
620 2205 663 2238 ad
686 2205 798 2238 sedem
822 2205 965 2238 reditum
989 2204 1231 2246 contenderet,
1263 2215 1405 2248 eamque
1428 2214 1490 2248 pro
1513 2203 1629 2244 libito,
1650 2213 1714 2236 ne-

249 2250 336 2284 inem
360 2249 433 2283 iure
455 2250 625 2291 obstante,
650 2255 845 2290 resumeret,
861 2250 1080 2294 hypothetica
1103 2250 1266 2289 cessione,
1287 2250 1384 2283 cuius
1405 2252 1544 2293 patrata
1565 2247 1712 2282 conditio

249 2307 316 2329 non
339 2295 396 2335 sit,
421 2295 666 2339 possessionem
691 2308 754 2330 non
780 2297 959 2330 abdicatae
982 2296 1135 2330 absolute
1157 2295 1334 2340 dignitatis
1351 2304 1491 2339 prorsus
1511 2294 1714 2338 abrumpere

249 2352 316 2375 non
339 2341 484 2381 valente,
507 2352 608 2385 quam
631 2342 675 2375 ad
702 2347 834 2386 tempus
866 2343 1031 2376 duntaxat
1061 2353 1236 2375 successus
1266 2339 1439 2384 expectati
1470 2339 1712 2383 suspenderit?

249 2398 368 2421 verum
390 2387 594 2431 imperator,
624 2390 660 2420 et
682 2387 824 2420 maxime
855 2393 976 2421 cuncta
997 2392 1079 2421 tunc
1102 2387 1248 2421 miscens
1268 2385 1496 2430 Theoleptus,
1552 2385 1713 2419 uomodo-

250 2444 392 2478 cumque
414 2432 530 2477 adepti
553 2443 654 2477 quam
675 2437 745 2466 tam
771 2433 870 2466 anxie
891 2434 1090 2478 cupiverant
1119 2432 1364 2466 abdicationem
1386 2429 1536 2475 patriarc
1561 2441 1619 2472 ae,
1651 2441 1712 2465 ca-

248 2479 404 2524 ptiosane
426 2478 483 2512 illa
507 2483 599 2512 esset
622 2489 666 2511 an
689 2489 771 2511 vera
794 2490 910 2522 parum
935 2478 1030 2522 pensi
1055 2479 1228 2517 habentes,
1250 2476 1360 2522 qualis
1382 2481 1458 2509 erat
1483 2487 1625 2521 cumque
1646 2487 1710 2521 pro

248 2523 535 2559 sufficientissima
557 2523 641 2557 satis
657 2535 833 2567 accepere,
849 2524 979 2567 gratias
1004 2523 1106 2557 etiam
1131 2524 1161 2557 ei
1185 2522 1244 2568 qui
1264 2522 1407 2556 dederat
1427 2526 1580 2566 agentes.
1627 2521 1710 2567 quin

249 2575 287 2605 et
311 2570 354 2604 iis
378 2570 500 2616 quibus
521 2571 618 2603 fraus
640 2569 835 2603 suboluerat
858 2574 1096 2614 persuaserunt
1117 2580 1160 2602 ne
1182 2567 1428 2613 suspicionibus
1446 2566 1579 2601 curiose
1599 2566 1711 2602 indul-

248 2621 392 2662 gerent,
414 2627 458 2650 ne
482 2616 556 2662 plus
579 2619 795 2660 quaererent,
820 2626 862 2648 ue
885 2614 1165 2659 subscriptionem
1187 2613 1416 2660 postularent,
1442 2612 1504 2647 sed
1526 2612 1610 2647 satis
1632 2623 1710 2647 esse

247 2664 412 2696 ducerent
432 2661 573 2707 simplex
594 2661 779 2706 scriptum,
812 2671 886 2694 cum
920 2660 955 2694 id
978 2660 1116 2705 propria
1139 2659 1355 2704 patriarchae
1377 2670 1477 2693 manu
1498 2659 1604 2693 fuisse
1625 2670 1710 2693 con-

244 2713 356 2743 staret
378 2710 563 2743 exaratum.
611 2707 662 2741 sic
694 2717 808 2740 ornnes
839 2705 897 2751 qui
929 2705 971 2740 ad
1005 2706 1099 2750 ipsos
1121 2705 1369 2751 expostulatum
1392 2716 1432 2739 eo
1455 2704 1586 2739 nomine
1606 2715 1709 2739 vene-

244 2759 325 2789 runt
346 2755 532 2800 imperator
554 2756 590 2788 et
611 2751 917 2797 Philadelphiensis
940 2752 1159 2797 acquiescere
1181 2751 1292 2786 iussos
1315 2750 1523 2785 dimiserunt.
1570 2751 1710 2794 Grego-

243 2800 314 2835 rius
337 2806 452 2836 autem
474 2800 517 2836 iis
543 2798 603 2846 qui
624 2810 739 2834 secum
761 2810 803 2834 ex
825 2798 924 2844 longo
946 2802 1099 2844 tempore
1119 2797 1309 2833 simultates
1331 2799 1577 2839 exercuerant,
1604 2795 1710 2831 missa
