1820 3112
197 157 262 202 82
624 150 863 196 GEORGH
895 149 1252 193 PACHYMERIS

197 269 265 311 καὶ
284 266 309 323 ἢ
335 265 450 320 εἷκῴν
471 266 536 307 ἐπὶ
554 268 727 314 πολλαῖς
746 262 918 319 ἦμὲραις
935 260 1218 320 ε’δακρυρρόει,
1254 260 1422 320 ἀμάρας
1439 264 1483 314 ε”ξ
1501 263 1672 320 ὀφθαλ-

195 341 285 391 μῶν
299 335 453 390 χέουσα
467 367 479 386 ,
518 332 622 376 ὥστε
645 335 712 376 καὶ
742 330 933 389 σπόγγοις
949 332 997 375 τὸ
1024 332 1161 388 ἐκρέον
1182 330 1447 388 συνάγεσθαι.
1520 329 1672 375 ἐλθόν-

196 422 267 454 τος
291 405 335 446 δὲ
364 404 432 445 καὶ
461 401 590 445 αὐτοῦ
617 402 846 456 βασιλέως,
885 399 973 456 ἅμα
990 401 1064 456 μὲν
1088 400 1192 443 κατὰ
1210 398 1486 457 προσκύνησιν
1515 399 1604 455 ἅμα
1627 402 1672 444 δὲ

195 475 262 516 καὶ
291 471 397 515 κατὰ
426 471 531 514 θέαν
558 475 642 514 τῶν
669 469 947 525 τελουμένων,
991 471 1057 512 καὶ
1087 470 1318 525 προσταγέν
1338 469 1674 525 ἀσφαλισθέντος

193 546 269 584 τοῦ
305 541 418 583 οἷ’κου
447 540 650 593 βεβαίως,
693 539 746 582 τὰ
777 538 883 582 αὐτοὶ
902 533 954 594 ἦν
981 540 1048 581 καὶ
1067 536 1188 581 πάλιν
1207 544 1294 588 τοῖς
1317 535 1529 594 πρότερον.
1603 540 1704 583 καὶὸ

145 619 175 653 C
199 606 326 658 αὖθις
346 609 387 650 ἒν
407 616 492 657 τοΐς
511 610 703 664 Χαρσιόυ
725 605 829 662 αἷμα
855 611 927 662 τῆς
945 605 1097 663 εῗκόνος
1120 612 1193 650 τοῦ
1218 606 1408 663 λαμπρὸν
1429 607 1472 648 ἓν
1489 603 1672 662 μάρτυσι

195 676 431 732 λάμποντος
460 678 666 733 Γεωργιόυ
708 679 897 730 δαψιλῶς
929 675 1134 728 ἀνέβλυζε.
1203 675 1337 718 ταῦθ’
1370 673 1480 731 ὁρῶν
1509 679 1671 732 κρατῶν

194 745 400 801 δειδήμων
429 745 510 796 ῶν,
550 744 606 795 ὥς
632 745 678 787 τὸ
711 745 867 800 ἀληθὲς
886 746 1034 797 εἰπεῖν,
1073 745 1164 800 περὶ
1191 745 1245 787 τὰ
1265 748 1439 786 τοιαῦτα
1461 745 1530 786 καὶ
1549 744 1672 787 εὐλα-

192 814 294 871 βής,
329 812 463 871 φόβον
489 814 537 857 οὗ
570 814 716 869 μικρὸν
740 813 843 868 εἶχε,
881 811 1029 868 μήπως
1059 817 1147 871 θεῷ
1169 815 1318 856 δοκοῦν
1337 813 1501 862 ἐκείνοις
1520 813 1671 869 προσέ-

188 902 275 940 χειν
297 883 423 932 αὐτὸς
442 883 512 925 ἐπ’
542 882 682 933 ἄλλοις
704 882 787 936 ἔχοι
807 882 877 924 τὸν
902 886 1000 924 νοῦν
1024 884 1095 924 καί
1117 881 1161 937 y'
1199 882 1278 932 ἔξω
1300 885 1375 924 τοῦ
1396 882 1515 925 θείου
1541 879 1670 937 θελή-
1683 887 1727 922 10

192 969 325 1007 ματος
353 949 660 1007 διαπράττοιτο.
731 950 832 994 ὅθεν
863 953 929 993 καὶ
961 954 1175 1006 συγκαλῶν
1204 949 1448 1006 παρεκάλει,
1487 951 1553 992 καὶ
1585 952 1671 1011 ἰδία

144 1028 175 1062 D
200 1023 266 1064 καὶ
297 1026 504 1078 φανερῶς,
541 1023 754 1063 καθιστῶν
784 1016 985 1070 συνόδους
1009 1023 1144 1071 λαῶν,
1179 1019 1370 1076 γενέσθαι
1400 1019 1499 1062 ποτε.ἓ
1518 1023 1595 1074 τῆς
1614 1020 1672 1062 εἲ-

195 1088 319 1145 ρήνης
347 1089 490 1143 ἠξίου,
541 1091 607 1132 καὶ
649 1088 806 1132 ἀπιδεῖν
846 1087 947 1144 πρὸς
963 1088 1062 1144 ,τὴν
1100 1093 1176 1143 τῆς
1207 1088 1422 1142 ε’κκλησιάς
1460 1085 1669 1141 ὁμόνοιαν.

193 1158 291 1201 ἀλλ’
327 1158 401 1201 οὐκ
427 1158 613 1200 ἔπειθεν·
651 1153 700 1212 ἦν
732 1158 810 1213 γὰρ
848 1158 1011 1206 ἐκείνοις
1041 1162 1233 1213 φανερῶς
1267 1153 1594 1211 προσιστάμενον
1619 1156 1668 1200 τὸ

194 1231 268 1272 τοῦ
296 1226 451 1283 Ἰωσὴφ
482 1223 748 1281 μνημόσυνον
778 1228 846 1268 καὶ
876 1225 923 1268 τὸ
944 1230 1018 1281 τῆς
1037 1227 1252 1281 ἐκκλησίας
1262 1258 1275 1278 ,
1307 1223 1362 1274 ῶς
1382 1224 1512 1282 ᾤοντο
1530 1224 1669 1280 λέγον·
1682 1223 1725 1261 15

191 1313 258 1346 τες
274 1329 284 1344 ,
322 1294 543 1352 ῥύπασμα,
578 1293 852 1349 κοινωνοῦσης
875 1294 1137 1351 ἆφορισμοῖς.
1209 1293 1443 1351 ἀφορισμόν
1463 1293 1507 1336 δ’
1531 1293 1670 1348 ἔλεγον

189 1364 263 1408 τὸν
284 1369 357 1407 τοῦ
375 1364 583 1419 Ἀρσενιόυ
603 1364 706 1419 πρὸς
722 1361 892 1420 Ἰωσήφ.
910 1403 912 1406 .
963 1363 1038 1406 οὐκ
1061 1362 1154 1406 οἶδα
1175 1364 1219 1405 δὲ
1240 1364 1273 1405 εἶ
1297 1363 1364 1404 καὶ
1391 1362 1443 1404 τὰ
1469 1360 1670 1418 ὦρκωμομ

145 1442 177 1478 E
202 1433 355 1489 τημένα
374 1430 501 1476 πάλαι
518 1432 574 1488 μὴ
597 1431 780 1487 λαβόντα
802 1430 941 1485 λύσιν,
978 1431 1005 1475 ἃ
1031 1433 1081 1488 δὴ
1103 1433 1202 1488 ἔχειν
1219 1427 1327 1474 λύειν
1347 1431 1670 1488 ἐγκεχωρημένον

287 1556 341 1590 17.
368 1555 404 1591 εἰ
423 1555 555 1591 deerat.
695 1557 748 1591 18.
775 1550 825 1600 ἃ]
851 1550 895 1591 ὃν
918 1555 960 1591 Ρ.

191 1658 318 1703 templo
342 1657 476 1692 divinae
499 1656 719 1702 Sapientiae,
750 1657 890 1704 depicta
922 1658 958 1692 in
986 1657 1120 1704 pariete
1141 1657 1302 1703 deiparae
1323 1657 1437 1703 imago
1458 1657 1572 1691 multis
1592 1655 1668 1691 die·-

192 1705 257 1739 bus
281 1704 438 1738 lacrimas
462 1705 614 1738 emisisse
638 1705 837 1747 ferebatur,
864 1706 977 1738 fontes
999 1706 1122 1739 uberes
1145 1705 1288 1738 fundens
1312 1715 1356 1738 ex
1377 1704 1496 1747 oculis,
1518 1703 1605 1738 adeo
1627 1707 1669 1736 ut

189 1750 340 1795 spongiis
364 1751 508 1784 collecta
539 1750 679 1794 liquoris
709 1752 807 1796 copia
840 1757 1117 1795 congregaretur.
1165 1751 1306 1784 contulit
1335 1761 1375 1784 eo
1406 1762 1445 1784 se
1467 1750 1667 1795 imperator,

191 1807 260 1841 qua
283 1796 467 1830 venerandi
491 1796 654 1840 religione
677 1807 746 1841 qua
770 1796 969 1831 curiositate
993 1797 1242 1840 cognoscendi3
1274 1801 1354 1840 post
1376 1795 1469 1841 quod
1494 1806 1569 1830 cum
1593 1794 1668 1828 eius

190 1842 284 1876 iussu
315 1842 507 1887 prohibitus
540 1846 632 1876 esset
662 1854 703 1875 eo
727 1854 932 1885 concursus,
963 1844 1123 1877 obserato
1150 1843 1330 1886 diligenter
1353 1841 1530 1883 conclavi,
1554 1840 1669 1877 fluxus

190 1894 304 1922 tamen
324 1888 558 1931 lacrimarum,
583 1888 683 1933 plane
706 1894 746 1922 ut
770 1892 875 1933 prius,
901 1888 1143 1933 perseveravit.
1191 1899 1310 1922 rursus
1333 1887 1368 1922 in
1392 1888 1532 1922 aedibus
1558 1887 1669 1920 Char-

189 1934 263 1968 siae
286 1935 421 1978 sanguis
451 1945 494 1968 ex
525 1934 643 1978 effigie
671 1935 848 1978 splendide
878 1935 1020 1968 illustris
1052 1935 1141 1968 inter
1172 1942 1340 1978 martyres
1365 1933 1510 1978 Georgii
1533 1932 1669 1978 copiose

189 1981 348 2014 manavit.
396 1981 480 2014 haec
513 1979 700 2025 imperator
733 1981 876 2019 videns,
913 1981 1010 2014 homo
1037 1987 1181 2023 natura,
1214 1985 1253 2014 ut
1275 1991 1392 2014 verum
1414 1981 1542 2022 fatear,
1564 1979 1668 2024 paulo

190 2025 439 2060 formidolosior
471 2026 506 2060 in
528 2026 673 2068 talibus,
707 2033 833 2060 metum
866 2027 955 2060 haud
982 2027 1150 2060 modicum
1177 2026 1354 2072 concepit,
1387 2037 1431 2060 ne
1461 2028 1554 2060 forte
1583 2025 1668 2060 deus

191 2082 254 2116 per
277 2072 363 2105 haec
385 2072 550 2105 indicaret
572 2072 707 2106 minime
730 2073 795 2106 sibi
820 2073 972 2117 probari,
997 2072 1089 2118 quod
1113 2073 1272 2118 princeps
1305 2072 1471 2112 ecclesiae
1493 2070 1670 2117 pacandae

191 2128 273 2150 cura
297 2118 438 2151 remissa
461 2118 598 2152 interim
624 2118 699 2152 aliis
722 2119 936 2160 attenderet3
959 2121 1050 2152 unde
1072 2119 1176 2152 etiam
1198 2123 1393 2152 secuturum
1409 2118 1570 2153 videlicet
1592 2121 1669 2151 erat

190 2166 229 2196 ut
253 2173 485 2208 quaecumque
509 2164 712 2209 susciperet,
731 2165 844 2199 aversi
867 2176 971 2199 causa
994 2165 1062 2199 ista
1084 2165 1227 2199 numinis
1251 2166 1370 2198 favore
1392 2164 1559 2198 destituta
1581 2161 1668 2197 male

189 2209 424 2245 succederent.
472 2210 535 2243 tali
558 2211 772 2244 solicitudine
794 2211 976 2246 instinctus
1001 2214 1103 2245 vocat
1125 2215 1315 2256 congregat
1337 2210 1523 2255 alloquitur
1549 2207 1668 2252 singil-

190 2254 308 2296 latim,
339 2254 451 2299 palam
478 2256 699 2298 adhortatur,
734 2257 865 2301 plebem
897 2258 999 2291 etiam
1032 2258 1170 2290 densam
1194 2259 1228 2290 in
1252 2257 1314 2290 hos
1337 2260 1523 2290 conventus
1545 2253 1668 2288 admit-

190 2304 288 2342 tens,
319 2311 382 2333 nec
405 2300 575 2344 indignum
608 2312 645 2334 se
668 2308 832 2347 reputans
854 2303 1052 2337 humillimos
1075 2304 1177 2337 etiam
1202 2301 1332 2336 ambire
1355 2300 1563 2335 admonendo
1585 2309 1666 2334 sua-

190 2345 301 2379 dendo
335 2346 485 2389 rogando
519 2358 706 2392 quemque,
740 2359 802 2392 pro
834 2359 871 2382 se
903 2361 946 2383 ne
976 2353 1182 2394 gravaretur
1204 2348 1247 2382 ad
1271 2346 1367 2392 pacis
1388 2346 1562 2390 negotium
1584 2355 1666 2378 con-

189 2393 306 2425 ferrex
333 2391 572 2425 miserarentur
604 2393 768 2426 ecclesiae
799 2394 986 2436 scissuras,
1010 2401 1044 2428 et
1068 2394 1120 2428 his
1143 2393 1370 2428 resarciendis
1393 2391 1559 2426 modicum
1582 2389 1664 2436 quid

189 2437 385 2482 impendere
409 2438 618 2482 privatarum
649 2449 692 2471 ne
715 2445 959 2473 cunctarentur
982 2440 1161 2474 rationum.
1208 2439 1258 2473 ita
1288 2439 1358 2472 ille.
1404 2437 1468 2472 sed
1488 2435 1601 2472 surdis
1622 2447 1665 2470 ea

190 2488 314 2517 cuncta
346 2485 565 2518 canebantur.
613 2484 730 2517 obnixi
766 2487 969 2530 perstabant
1003 2486 1203 2519 Arseniatae
1234 2485 1268 2518 in
1299 2485 1350 2518 his
1381 2482 1418 2518 in
1441 2494 1530 2528 quae
1553 2482 1664 2528 palam

191 2533 439 2570 convenerant,
474 2529 563 2562 baud
578 2540 634 2576 ‚se
665 2541 821 2574 umquam
856 2542 1013 2564 cessuros
1042 2530 1108 2563 nisi
1130 2530 1214 2564 satis
1237 2530 1387 2575 ipsorum
1410 2529 1581 2564 arbitratu
1603 2528 1665 2562 ad-

190 2586 292 2609 versa
312 2585 394 2619 pars
416 2577 582 2620 purgaret
604 2575 733 2615 labem,
769 2580 808 2609 ut
830 2578 1015 2617 rebantur,
1047 2580 1259 2609 contractam
1289 2575 1433 2620 primum
1456 2574 1665 2609 admittenda

190 2620 225 2654 in
246 2620 354 2655 sacris
377 2620 693 2655 commemoratione
715 2621 873 2666 Iosephi,
903 2621 1026 2655 deinde
1049 2622 1266 2656 anathemate
1289 2620 1511 2655 communiter
1532 2621 1578 2655 ab'
1599 2631 1664 2654 ec-

190 2666 295 2701 clesia
326 2670 501 2700 contracto
529 2678 571 2700 ex
601 2667 802 2710 contagione
833 2667 969 2712 Iosephi
995 2667 1165 2710 eiusdem,
1200 2678 1302 2713 quem
1329 2666 1662 2709 excommunicatum,

188 2717 227 2745 ut
250 2712 436 2757 putabant,
469 2712 560 2758 quod
592 2724 658 2746 non
687 2713 794 2746 solum
818 2713 1050 2748 communione
1072 2713 1213 2757 dignata
1234 2713 1295 2747 sed
1316 2713 1410 2747 velut
1432 2712 1664 2762 patriarcham

187 2757 308 2792 fuisset
328 2762 514 2802 venerata,
550 2759 715 2792 maculam
747 2758 857 2804 ipsius
888 2759 924 2792 in
946 2770 985 2793 se
1007 2763 1211 2793 attraxerat.
1258 2759 1402 2794 suberat
1422 2764 1459 2792 et
1481 2760 1572 2793 forte
1595 2759 1663 2793 alia

186 2815 228 2837 ex
253 2803 339 2839 clam
361 2804 556 2840 constitutis
577 2809 615 2839 et
634 2804 853 2840 iureiurando
876 2805 1046 2852 quondam
1069 2804 1212 2840 sancitis
1242 2805 1334 2840 inter
1355 2804 1452 2851 ipsos
1475 2815 1578 2840 causa
1599 2804 1662 2839 ob·-
