1858 3126
336 154 411 197 DE
441 152 766 196 ANDRONICO
796 150 1170 194 PALAEOLOGO
1201 150 1248 194 L.
1280 149 1374 194 VII.
1488 147 1582 195 601

137 285 210 325 ρον
228 265 331 311 ἱέναι
346 262 494 318 ἐδόκει,
532 265 680 315 ἱκανῶς
711 266 777 308 καὶ
807 267 891 307 τῶν
915 264 1090 320 ἐφοδίων
1115 262 1185 319 ἐφ’
1210 261 1377 317 ἁμαξῶν
1406 261 1583 317 ἔχοντας.

137 335 298 391 καὶγὰρ
320 337 385 377 καὶ
397 334 556 377 Ἀλανοὶ
583 333 693 384 ἅπαξ
719 333 918 387 βασιλέως
945 330 1324 386 ἀποστατήσαντες,
1363 331 1586 384 πέμποντες

136 403 240 459 πρὸς
262 403 641 458 Ὀσφεντίσθλαβον
669 401 749 456 ἤδη
778 401 1088 456 κραταιωθέντα
1120 399 1241 457 (οὐδὲ
1270 400 1348 455 γὰρ
1370 397 1582 454 Ἀγχιάλου
1606 413 1638 447 c

139 471 268 525 αὐτῆς
279 503 292 523 ,
326 471 406 526 ἤδη
427 471 555 513 δὲκαὶ
574 471 872 524 Μεσημβρίας,
909 468 1002 510 ἀλλ’
1024 468 1119 510 οὐδ’
1141 467 1269 522 αὐτῆς
1280 465 1590 523 Ἀγαθοπόλεως

105 548 128 583 ⁵
140 542 206 582 καὶ
225 544 307 583 τῶν
329 539 444 594 πέριξ
460 538 678 592 ἀπέσχετο,
709 537 813 579 ἀλλὰ
834 538 900 579 καὶ
919 533 1075 579 τούτων
1092 531 1140 590 ἦν
1161 536 1355 592 ἐγκρατὴς
1374 538 1416 586 ἐξ
1439 534 1590 590 ὁμολο-

138 606 247 664 γίας)
279 607 418 662 ἠξίουν
450 606 617 660 πέμπειν
649 604 931 660 Βουλγᾶρους,
968 604 1018 659 ἤν
1042 622 1099 661 πῃ
1120 606 1185 645 καὶ
1203 604 1304 659 πρὸς
1324 603 1484 656 αὐτῶν,
1522 604 1591 659 ἔρ-

137 675 321 730 χομένων
338 674 434 717 κατ’
458 674 595 717 αὐτῶν
606 706 620 727 ,
657 671 815 732 ὅρμῷεν
828 671 1018 727 Ῥωμαῖοι
1039 673 1266 728 ἒᾳὲξοντας.
1339 671 1430 714 ἀλλ’
1453 673 1593 714 ἐκεῖνοι

140 744 215 797 μὲν
233 744 297 785 ἐπὶ
317 743 471 797 χιλίους
484 775 496 794 ,
531 740 628 796 ὥςῆ
648 740 764 798 φήμη
785 739 862 795 εἶχε
874 773 886 792 ‚
929 739 1174 793 ποσούμενοι
1195 740 1475 794 ἐξεπέμποντο.
1532 737 1595 789 οἷς

141 812 210 853 καὶ
243 808 531 867 θαρρήσαντες
555 810 714 853 Ἀλανοὶ
747 810 903 863 πολλὴν
941 809 1015 863 τὴν
1053 811 1135 851 ἐκεῖ
1163 807 1495 864 καταδραμόντες
1522 810 1595 850 καὶ

88 878 405 933 1οληΐσὰμενοι,
451 879 553 933 πρὸς
588 878 968 934 Ὀσφεντίσθλαβον
999 875 1285 932 προσεχώρουν
1321 876 1407 931 ἅμα
1435 878 1589 932 γυναιξὶ
1612 884 1644 919 D

143 949 211 990 καὶ
229 947 394 996 τέκνοις.
466 941 522 990 ὧν
542 944 663 1001 χάριν
676 944 993 1002 ὖπεραλγοῦντες
1016 943 1321 1001 Τοι·ριιόπουλοι
1338 945 1396 1002 (οἱ
1416 945 1495 1001 γὰρ
1516 944 1594 986 αὐ-

140 1019 225 1058 τῶν
252 1017 388 1057 οἵιιεΐοι
418 1014 521 1070 παρ’
557 1017 716 1064 ἐκείνοις
744 1015 855 1064 ὄντες
875 1011 1238 1068 συνεξηλαῦνοντο)
1265 1015 1475 1055 πείθουσιν
1489 1013 1595 1055 Ἰτα-

141 1082 240 1133 ionic
260 1085 327 1125 καὶ
359 1082 456 1132 τοὺς
482 1082 557 1126 οὖν
584 1082 723 1132 αὐτοῖς
741 1083 909 1139 Πέρσας
934 1082 1126 1131 Ἀλανοῦς
1146 1079 1473 1134 καταλαμβάνειν
1492 1078 1595 1136 πρό-

142 1167 262 1206 τερον
281 1149 557 1200 σπεύσαντας·
594 1150 692 1193 εἶναι
724 1151 802 1207 γὰρ
820 1153 886 1192 καὶ
917 1150 1022 1205 παρ’
1054 1152 1214 1199 ἐκείνοις
1237 1150 1311 1192 οὐκ
1331 1149 1465 1205 ὀλίγην
1487 1151 1596 1191 λείαν

91 1224 135 1260 15
145 1220 399 1272 διεβεβαίουν
410 1251 423 1271 ,
459 1219 510 1273 ἣν
528 1217 766 1275 φθάσαντες
784 1220 825 1260 ἐκ
839 1217 1049 1272 Ῥωμαίων
1068 1216 1378 1273 περιεβάλοντο,
1414 1219 1479 1259 καὶ
1498 1215 1592 1271 τάχ’

145 1285 196 1329 ἂν
218 1286 358 1336 αὐτοῖς
378 1287 421 1329 ἔκ
444 1292 515 1329 τοῦ
549 1287 683 1346 ῥᾷστα
716 1285 1038 1342 προγενήσεσθαι
1067 1283 1356 1341 περιγενόμενοι
1376 1290 1459 1329 τῶν
1476 1286 1597 1328 Ἀλα-

143 1358 237 1399 νῶν.
307 1355 431 1397 ταῦτ’
463 1354 596 1411 ἔλεγον
623 1355 807 1411 Πέρσαι,
843 1357 910 1397 καὶ
938 1361 1029 1404 ταῖς
1048 1358 1219 1407 βουλαῖς
1238 1358 1455 1410 περιῆσαν
1488 1354 1594 1409 πλὴν
1617 1357 1649 1391 E

235 1465 269 1498 6.
291 1476 344 1510 πῃ
366 1460 450 1498 κατ’
475 1460 599 1499 αὐτῶν
630 1461 834 1509 ἐρχομένων
863 1460 956 1509 πρὸς
978 1459 1119 1499 αὐτόν’.)
1280 1463 1334 1498 16.
1356 1460 1598 1508 προσγενήσε-

238 1510 334 1546 σθαι
347 1508 635 1554 περιγενομένοις
644 1509 664 1544 ?

146 1602 229 1635 tnnc
249 1599 472 1654 onportunius
498 1611 573 1634 esse
595 1599 756 1634 adversus
786 1599 910 1634 Alanos
941 1598 1131 1646 proficiscig
1163 1599 1206 1634 ad
1229 1610 1328 1645 quam
1351 1598 1600 1644 expeditionem

147 1657 188 1680 ae
222 1650 306 1681 satis
336 1647 463 1681 babere
492 1652 750 1687 commeatuum,
781 1645 942 1691 planstris
973 1657 1087 1680 secum
1121 1647 1424 1691 exportandomm,
1454 1645 1601 1679 aiebant.

146 1691 244 1726 Alani
257 1692 383 1738 quippe
405 1696 580 1737 postquam
604 1693 648 1726 ab
671 1694 822 1736 Augusto
853 1691 985 1736 pariter
1014 1696 1050 1725 et
1072 1692 1115 1724 ab
1141 1691 1361 1735 Amogabaris
1392 1691 1601 1731 defecerant,

148 1748 339 1772 communes
359 1738 531 1772 amborum
554 1738 687 1778 hostes,
709 1737 870 1772 inclinare
892 1738 936 1772 ad
959 1737 1296 1782 Ospbentisthlabum
1319 1736 1512 1779 Bulgarum,
1535 1735 1603 1770 iam

146 1783 252 1824 aas,
274 1787 315 1817 ut
335 1784 520 1828 putabant,
544 1783 662 1828 opibus
685 1783 728 1817 ad
750 1783 842 1827 ipsos
865 1783 1088 1828 protegendos
1111 1784 1292 1822 firmatum,
1316 1785 1510 1825 coeperant.
1543 1781 1600 1814 hic

148 1827 275 1872 quippe
309 1828 505 1862 Anchialum
532 1827 597 1862 iam
624 1829 729 1873 ipsam
761 1834 798 1862 et
820 1829 1064 1863 Mesembream
1097 1832 1344 1872 occupaverat3
1366 1826 1446 1870 quin
1469 1837 1532 1859 nec
1555 1827 1599 1859 ab

149 1871 226 1916 ipsa
257 1874 466 1918 temperabat
493 1875 694 1918 Agathopoli
724 1873 914 1918 vicinisque
949 1874 1073 1907 circum
1114 1873 1163 1906 illi
1193 1872 1311 1916 pagis,
1352 1872 1475 1914 quibus
1507 1882 1600 1904 cum-

151 1916 295 1950 maxime
315 1918 506 1962 subigendis
537 1924 605 1952 tum
627 1919 778 1953 intentus
800 1923 894 1961 erat,
926 1924 988 1953 aut
1018 1919 1150 1963 potins,
1186 1923 1223 1950 ut
1252 1916 1475 1950 recentissimi
1508 1917 1601 1950 fere-

147 1962 236 1996 bant
258 1962 383 2004 nuntii,
418 1975 492 1996 cum
523 1963 564 1996 iis
595 1964 660 1997 iam
683 1964 847 1997 universis
870 1970 906 1998 et
927 1964 1069 1998 civitate
1091 1963 1148 1996 illa
1169 1963 1244 2007 ipsa
1265 1967 1415 1995 tractatu
1437 1961 1598 2006 stipulato

152 2007 197 2041 de
217 2007 387 2042 deditione
407 2013 632 2052 transegerat.
663 2009 706 2042 ab
731 2009 794 2042 hoc
808 2009 910 2052 igitur
924 2008 1021 2043 Alani
1036 2007 1145 2041 missis
1167 2007 1288 2050 legatis
1312 2007 1482 2051 petierunt
1496 2019 1599 2052 prae-

146 2052 213 2086 -fici
236 2052 300 2086 sibi
320 2054 422 2086 duces
445 2053 619 2094 Bulgaros,
642 2065 782 2098 quorum
805 2055 908 2087 ductu
932 2053 1132 2088 militaturos
1154 2064 1192 2087 se
1214 2053 1435 2097 spondebant.
1458 2058 1494 2087 et
1517 2064 1599 2098 pro-

152 2097 319 2132 hibituros
340 2098 486 2132 transitu
508 2098 698 2141 Romanos,
721 2098 751 2132 si
783 2100 874 2132 forte
901 2099 1043 2132 infestas
1070 2098 1248 2131 immittere
1270 2098 1384 2143 copias
1417 2098 1451 2132 in
1474 2099 1600 2142 Bulga-

151 2143 239 2177 riam
262 2150 474 2178 conarentur.
520 2154 713 2178 concessum
745 2143 780 2177 id
802 2144 888 2177 illis:
920 2147 1084 2177 venerunt
1117 2142 1202 2176 enim
1225 2143 1268 2177 ad
1292 2155 1351 2177 eos
1372 2144 1415 2177 ab
1439 2144 1597 2189 Osphen-

152 2188 313 2223 tisthlabo
345 2189 435 2223 missi
465 2189 652 2234 praefecti,
684 2188 772 2222 mille
802 2188 996 2228 admodum,
1027 2193 1065 2222 nt
1096 2189 1287 2231 ferebatur,
1331 2190 1452 2223 milites
1484 2201 1597 2224 secum

151 2233 320 2279 Bulgaros
341 2236 514 2268 ducentes.
558 2235 677 2268 horum
699 2234 914 2268 adiunctione
935 2234 1132 2268 audaciores
1154 2235 1220 2267 iam
1235 2234 1333 2268 Alani
1355 2235 1439 2269 sacti
1460 2236 1597 2279 prodire

76 2286 82 2290 ’
152 2279 191 2314 in
213 2291 364 2324 campum
387 2292 452 2314 non
475 2279 684 2321 dubitarunt,
705 2280 950 2324 depraedantes
971 2279 1155 2313 subiectam
1176 2281 1364 2322 regionem3
1387 2291 1455 2326 qua
1469 2281 1600 2315 demum

150 2325 224 2359 late
252 2331 386 2360 vastata
413 2337 452 2360 se
480 2337 554 2360 cum
584 2326 743 2360 uxoribus
775 2331 810 2358 et
842 2325 959 2359 liberis
989 2325 1032 2359 ad
1055 2325 1383 2369 Osphentisthlabum
1414 2328 1598 2360 contulere.

154 2370 254 2405 buius
276 2372 455 2406 Alanornm
476 2371 606 2413 itineris
625 2371 789 2405 certiores
807 2370 891 2404 facti
913 2371 1100 2414 Turcopuli
1123 2371 1220 2404 valde
1238 2372 1416 2406 doluerunt
1428 2373 1516 2406 elabi
1533 2372 1599 2405 sibi

154 2415 271 2450 hostes
294 2428 315 2450 e
335 2418 486 2451 manibus
507 2422 545 2451 et
565 2429 658 2462 spem
679 2415 827 2462 praecidi
857 2427 983 2449 omnem
1018 2416 1171 2461 captivos
1193 2428 1214 2450 e
1235 2428 1297 2451 sua
1318 2422 1419 2462 gente
1442 2417 1601 2462 plurimos

156 2467 195 2494 et
215 2461 315 2496 valde
342 2474 460 2504 caros,
494 2474 580 2508 quos
604 2462 654 2496 illi
684 2462 816 2496 vinctos
845 2462 1044 2502 trahebant,
1077 2462 1217 2506 amplius
1237 2463 1471 2508 recuperandi.
1518 2474 1600 2506 ergo

156 2506 266 2541 Italos
289 2512 325 2542 et
346 2509 470 2542 Persas
491 2519 605 2543 secum
628 2507 810 2542 militantes
831 2507 968 2548 adeunt,
992 2506 1090 2541 facile
1105 2508 1178 2542 fore
1192 2507 1321 2543 aientes
1335 2509 1459 2544 Alanos
1474 2509 1601 2553 praeda

149 2556 296 2587 -onustos
317 2552 351 2587 in
372 2554 429 2587 via
451 2554 550 2598 longa
582 2559 618 2588 et
646 2553 775 2588 difficili
797 2553 886 2587 notis
912 2552 1157 2598 praevertendo
1187 2554 1390 2599 compendiis
1412 2554 1602 2599 deprehen-

153 2595 259 2638 dere,
291 2610 355 2632 nec
376 2599 515 2633 arduum
537 2605 608 2633 tum
631 2601 704 2633 fore
727 2599 863 2633 vincere
886 2598 1068 2643 improviso
1093 2598 1346 2642 circumventos,
1371 2599 1431 2633 sed
1458 2603 1493 2631 et
1514 2598 1604 2632 idem

156 2643 490 2685 quaestuosissimum
525 2645 654 2679 cunctis
685 2644 782 2689 ipsis!²
798 2646 968 2685 futurum,
1001 2643 1113 2689 spolia
1146 2643 1205 2679 illa
1244 2646 1348 2680 multa
1377 2650 1414 2678 et
1443 2643 1604 2689 pretiosa,

151 2697 249 2730 ,qnae
269 2689 430 2724 Romanis
461 2697 582 2735 erepta
611 2690 815 2733 avellerent,
844 2690 988 2734 amplum
1021 2689 1187 2724 victoriae
1214 2691 1396 2736 praemium
1417 2690 1507 2724 inter
1529 2701 1605 2723 sese

160 2730 329 2770 divisuris.
374 2734 424 2768 ita
444 2734 493 2768 illi
515 2735 600 2770 alios
622 2735 754 2780 quidem
778 2747 840 2780 spe
871 2735 956 2769 lucri
988 2747 1030 2769 ac
1060 2735 1210 2779 praedae
1231 2737 1266 2770 in
1287 2747 1382 2770 suam
1404 2735 1603 2769 sententiam

161 2787 227 2812 non
248 2778 374 2814 frma
395 2780 604 2816 conabantur
625 2781 815 2816 attrahere:
844 2781 936 2827 ipsos
966 2784 1077 2816 autern
1109 2791 1192 2816 cura
1220 2781 1429 2828 potissimum
1449 2781 1603 2816 movebat
