1774 3120
189 163 256 213 24
608 163 846 210 GEORGII
877 161 1237 208 PACHYMERIS

191 296 280 338 ροις
297 279 365 324 καὶ
381 282 433 337 τῇ
453 281 527 323 τοῦ
542 275 799 334 πατριάρχου
818 274 1002 321 ἔνστάσει
1021 283 1112 327 ταῖς
1127 275 1344 331 ἀληθείαις
1359 272 1661 321 συνεκαλῦπτε-

143 356 175 391 C
197 367 262 394 το.
305 355 392 398 τοῖς
423 348 498 401 μὲν
522 346 601 402 γὰρ
630 351 711 390 τῶν
739 344 922 402 ἐσχάτων
942 350 1174 403 προστιμᾶν
1200 343 1328 389 ἐδόκει
1346 344 1404 396 ὥς
1419 342 1663 401 πλημμελή-

193 435 292 463 σασι
310 419 378 459 καὶ
397 416 449 459 τὰ
467 415 619 469 ἔσχατα
630 448 643 468 ,
675 414 909 472 πατριάρχῃ
930 416 974 458 δὲ
994 414 1070 470 τὴν
1091 412 1192 468 βίαν
1208 411 1334 458 εἰδότι
1353 415 1421 457 καὶ
1441 414 1517 469 τὴν
1534 411 1664 457 πάλαι

193 490 269 531 τοῦ
287 484 489 540 βασιλέως
506 485 688 528 ἐπίθεσιν
697 517 710 538 ,
743 483 798 535 ὥς
818 486 885 528 καὶ
902 480 1195 532 καθοσιώσεως
1214 482 1313 533 τοὺς
1333 481 1665 536 ἀνθισταμένους

195 556 458 612 ἐγκαλεῖσθαι
479 554 551 596 καί
572 570 614 608 γε
630 553 681 608 δὴ
713 553 766 596 τὰ
794 557 877 597 τῶν
903 551 1234 606 καθωσιωμὲνων
1263 553 1320 602 εἰς
1344 551 1544 606 τιμωρίαν
1561 548 1697 596 {ml-5

193 641 305 679 χειν,
342 621 582 679 συγγνωστὰ
605 622 659 665 τὰ
686 622 730 665 ἐκ
756 623 852 676 βίας
886 619 1204 679 διεγινώσκοντο.
1283 619 1391 675 πλὴν
1419 618 1518 662 ἀλλ’
1550 618 1666 680 αὐτῷ

188 692 269 748 Υμὲν
298 690 422 745 μέλον
456 685 508 745 ἦν
537 694 621 733 τῶν
654 694 934 746 νοσοκομιῶν,
980 692 1120 734 ἐκεῖνοι
1151 689 1197 732 δὲ
1227 688 1327 739 τοὺς
1344 687 1542 745 ἀρχιερεῖς
1558 685 1668 732 ὕπο·-

195 757 430 815 ποιούμενοι
447 758 496 802 τὸ
524 763 607 803 πᾶν
627 763 702 815 τῆς
733 761 866 809 αἰτίας
892 759 1221 816 προσανετίθουν
1246 761 1306 817 τῷ
1324 773 1367 813 γε
1388 753 1669 814 πατριαρχεῦ-

139 836 173 872 D
198 845 339 880 σαντι,
378 825 514 884 ὥσπερ
546 826 597 871 ἂν
625 828 700 872 οὐκ
729 828 854 878 αὐτὸς
879 823 953 882 ἦν,
989 827 1116 871 ἄλλον
1140 826 1198 882 μὴ
1229 825 1560 880 καταδεξαμένου
1589 824 1669 880 τὴν

195 900 273 941 τοῦ
293 894 452 954 θρόνου
475 896 612 951 τιμὴν.
680 897 786 952 πλὴν
806 896 855 940 τὸ
886 895 1113 952 δύσζηλον,
1149 894 1287 952 ὥσπερ
1316 892 1504 950 ἀλόγοις,
1552 892 1663 937 οὕτω
1678 903 1726 940 10

196 967 250 1022 δὴ
277 967 344 1008 καὶ
374 969 547 1021 λογικοῖς
576 967 770 1023 ἐφῆπται.
842 967 910 1008 καὶ
931 965 1000 1008 διὰ
1030 968 1156 1007 τοῦτο
1177 965 1275 1014 τούς
1293 963 1368 1018 μέν
1389 962 1542 1012 ἄλλους
1557 961 1672 1018 ἀμη-

195 1033 298 1091 γέπη
327 1038 409 1077 τῶν
438 1031 597 1088 μῶμων
629 1035 794 1077 ἀνίεσαν
826 1035 894 1076 καὶ
921 1037 996 1089 τῆς
1022 1033 1242 1087 μέμψεως,
1290 1030 1411 1074 πλέον
1453 1030 1500 1074 δ’
1533 1031 1672 1091 ἐκείνῳ

199 1104 357 1157 ἐπεῖχον
382 1100 439 1152 ὥς
465 1100 730 1158 ἀδικήσαντι,
777 1103 848 1145 καί
872 1119 916 1158 γε
944 1101 1072 1146 αὐτὸν
1101 1100 1203 1156 μηδ’
1236 1101 1279 1143 ἒν
1310 1099 1497 1143 ἐπιεικέσι
1516 1100 1671 1156 λογίζε-

200 1175 306 1214 σθαι
324 1170 484 1224 σπουδὴ
514 1167 565 1226 ἦν
594 1170 731 1226 πάσης
761 1170 954 1225 ἀσχολίας
984 1168 1287 1226 καθυπερτέρα.
1359 1169 1415 1219 εἷς
1433 1168 1475 1212 τί
1497 1167 1575 1224 γὰρ
1593 1167 1675 1211 ἔδει

200 1241 268 1282 καὶ
289 1239 523 1296 κρίνεσθαι,
562 1241 630 1283 καὶ
647 1244 806 1295 μᾶλλον
828 1239 896 1283 διὰ
924 1239 974 1283 τὸ
1003 1237 1106 1282 εἶναι
1134 1236 1306 1292 ποιμένα
1323 1235 1396 1281 τὸν
1415 1240 1491 1280 τοῦ
1510 1233 1670 1294 θρόνου
1684 1244 1728 1282 15

149 1317 184 1352 E
206 1308 515 1364 καθαιρεθέντα
542 1313 617 1352 τοῦ
646 1306 814 1366 πρώτου
843 1306 1196 1364 προτιμηθέντος,
1241 1304 1316 1349 κᾶν
1346 1309 1483 1363 καλῶς
1502 1302 1580 1360 εἶχε
1599 1309 1691 1360 τῆς-

200 1373 369 1433 γνιῦμης
389 1375 465 1420 κᾶν
492 1374 577 1432 μή,
615 1378 649 1419 εἲ
678 1375 735 1432 μή
763 1394 806 1433 γε
836 1376 963 1420 αὐτὸν
987 1377 1063 1432 μὲν
1091 1373 1310 1431 ἐβούλοντο
1338 1373 1550 1432 ἀχρειοῦν,
1587 1379 1678 1423 τοῖς

202 1449 359 1494 λοιποῖς
380 1446 425 1488 δὲ
443 1447 706 1502 προστρίβειν
724 1445 823 1502 ἄγος
840 1444 886 1488 τὸ
909 1444 1112 1501 μέγιστον,
1151 1445 1219 1486 καὶ
1237 1442 1310 1494 οὓς
1327 1443 1430 1493 τέως
1448 1440 1556 1498 εἶχον
1576 1440 1678 1491 κατ’,

202 1514 355 1557 ἐκείνου
377 1512 668 1572 συλλήπτορας
687 1512 743 1566 ὥς
760 1514 1002 1572 ὄρθοσεβεῖς
1021 1511 1270 1572 σφαλέντος,
1306 1508 1482 1562 τούτους
1504 1511 1679 1555 καταδι-

201 1665 401 1713 glexissent.
447 1670 502 1702 est
524 1671 637 1703 autem
659 1668 692 1703 is
714 1670 831 1703 tantus
853 1672 891 1702 et
912 1671 981 1702 tam
1005 1667 1041 1701 in
1063 1666 1170 1702 virum
1192 1664 1296 1700 etiam
1320 1668 1530 1700 constantem
1553 1665 1680 1700 cedens

204 1719 334 1755 metus,
366 1717 404 1747 ut
422 1714 543 1748 merito
557 1715 590 1749 ei
612 1715 842 1749 excusandum
863 1713 1039 1748 videretur
1061 1711 1225 1760 quidquid
1246 1711 1321 1748 eins
1339 1712 1500 1749 instinctu
1524 1716 1603 1747 erat
1624 1712 1682 1746 fa-

204 1763 308 1795 ctum.
356 1759 473 1804 itaque
502 1759 744 1804 ignoscendum
774 1760 956 1804 censebat,
995 1765 1032 1794 et
1062 1762 1226 1805 quantum
1254 1757 1290 1792 in
1321 1758 1399 1803 ipso
1432 1763 1508 1792 erat
1533 1757 1682 1802 benigno

204 1804 358 1841 infirmos
389 1805 592 1841 sublevabat
625 1806 818 1841 condolens.
863 1805 937 1839 eius
968 1811 1082 1839 autem
1111 1804 1331 1839 inclementes
1353 1803 1521 1846 ministri,
1551 1808 1592 1838 ut
1612 1802 1682 1837 sibi

207 1850 374 1886 obnoxios
396 1856 433 1885 et
457 1852 500 1886 ad
527 1864 616 1898 quae
637 1858 719 1886 tunc
742 1852 892 1896 agebant
914 1851 1085 1886 adiutores
1107 1853 1282 1896 promptos
1306 1850 1480 1885 antistites
1500 1849 1681 1891 haberent,

206 1907 267 1931 eos
291 1896 495 1931 simulabant
517 1910 555 1932 se
577 1898 665 1934 omni
695 1909 873 1944 perperam
906 1897 1001 1942 prius
1023 1904 1176 1931 actorum
1200 1895 1339 1930 crimine
1359 1896 1513 1939 solvere,
1538 1905 1683 1941 quorum

208 1942 403 1977 universam
426 1943 589 1978 invidiam
611 1944 648 1978 in
671 1945 819 1980 Veccum
843 1945 1066 1983 avertebant,
1096 1941 1215 1987 quasi,
1238 1941 1306 1976 nisi
1326 1942 1403 1988 ipse
1424 1941 1568 1984 fuisset,
1590 1939 1682 1975 haud

207 1988 313 2022 alium
335 1989 520 2023 extiturum
543 1993 704 2035 putarent
737 1990 794 2035 qui
825 1989 939 2023 throni
962 1989 1121 2023 honorem
1144 1987 1352 2023 admitteret.
1398 1987 1551 2022 nimirum
1573 1987 1683 2020 malus

209 2033 300 2068 livor
331 2040 369 2068 ut
400 2036 511 2069 brutis
546 2035 687 2079 belluis,
720 2035 772 2070 ita
805 2034 991 2069 hominibus
1021 2045 1156 2080 quoque
1188 2034 1322 2068 ratione
1368 2033 1512 2068 raeditis
1533 2031 1685 2078 obrepit.

210 2079 291 2114 hinc
305 2079 390 2114 alios
410 2081 538 2115 scilicet
553 2082 652 2127 culpa
670 2081 863 2116 liberabant
885 2087 923 2114 et
937 2079 1194 2126 irreprehensos
1210 2045 1437 2122 dimittegant,
1459 2079 1550 2113 illum
1567 2088 1684 2119 unum,

211 2130 252 2158 ut
274 2124 379 2159 totius
402 2127 529 2160 fontem
553 2128 630 2162 mali
654 2128 829 2173 omnisque
849 2126 994 2162 iniuriae
1016 2131 1187 2160 auctorem
1210 2126 1430 2160 vehementer
1450 2125 1685 2160 incursabant.

211 2176 355 2216 eratque
377 2171 443 2205 illis
467 2184 567 2206 unum
589 2174 759 2214 studium,
790 2184 859 2206 una
883 2172 1015 2207 cunctis
1044 2172 1294 2218 praevertenda
1324 2171 1467 2218 reliquis
1493 2169 1686 2215 occupatio,

210 2215 245 2250 in
268 2220 399 2251 tantum
422 2218 599 2252 diffamare
630 2218 936 2253 obtrectationibus
958 2223 995 2252 et
1016 2217 1166 2264 querelis
1188 2218 1358 2262 Veccum,
1387 2217 1502 2263 quoad
1523 2225 1686 2260 asseque-

211 2268 332 2296 rentur
356 2267 395 2296 ut
417 2275 460 2297 ne
483 2264 668 2299 tolerabilis
690 2265 823 2310 quidem
847 2276 888 2299 ac
911 2264 1123 2298 mediocriter
1146 2263 1254 2298 malus
1275 2264 1374 2298 homo
1398 2263 1455 2297 vel
1477 2261 1592 2307 aliqua
1614 2260 1687 2295 sal-

213 2310 284 2343 tem
314 2312 414 2353 parte
450 2308 558 2344 laudis
590 2321 718 2344 summa
748 2311 831 2345 vitia
853 2310 1022 2345 redimens
1042 2311 1236 2344 haberetur.
1283 2309 1350 2343 nisi
1370 2308 1457 2342 enim
1480 2307 1688 2341 hoc-furore

212 2358 365 2394 ruerent,
390 2354 474 2400 quid
496 2355 667 2390 attinebat
680 2357 829 2390 Veccum
851 2356 886 2391 in
907 2357 960 2391 ius
982 2357 1133 2397 trahere,
1155 2367 1196 2390 eo
1218 2354 1416 2401 praesertim
1437 2352 1571 2387 nomine
1594 2351 1687 2398 quod

212 2401 420 2479 pastoralem
447 2406 629 2446 usurparet
651 2401 870 2445 dignitatem,
903 2414 978 2436 cum
1001 2414 1076 2436 eam
1098 2403 1219 2437 throno
1243 2399 1396 2434 deiectus
1425 2398 1621 2433 abdicasset
1651 2399 1689 2432 et

240 2456 375 2479 onorem
398 2445 571 2480 decessori
593 2447 825 2481 reddidisset?
860 2458 905 2481 an
936 2459 1055 2492 parum
1086 2447 1164 2481 hinc
1193 2445 1372 2480 manifeste
1394 2448 1493 2490 patet
1518 2443 1555 2478 id
1577 2443 1690 2488 egisse

214 2501 344 2526 summo
377 2496 501 2526 conatu
528 2492 623 2536 illos,
657 2497 697 2526 ut
727 2493 815 2526 hunc
845 2503 975 2526 summa
1003 2493 1226 2526 deformatum
1255 2490 1440 2536 ignominia
1467 2489 1622 2524 inutilem
1642 2486 1688 2524 ad

217 2536 352 2582 quidvis
375 2537 578 2580 redderent,
614 2542 650 2572 et
673 2539 737 2572 hoc
760 2537 871 2583 ipsum
892 2538 1144 2572 fundamentum
1167 2538 1319 2572 iacerent
1340 2535 1526 2571 calumniae
1547 2535 1584 2569 in
1607 2546 1690 2568 cae-

218 2588 325 2626 teros,
348 2583 471 2628 quibus
491 2584 625 2618 interim
649 2585 845 2629 parcebant,
870 2587 908 2617 ut
931 2583 1142 2628 postmodnm
1165 2583 1279 2628 ipsos,
1309 2582 1399 2628 quod
1422 2580 1548 2616 homiui
1569 2579 1692 2614 videli-

218 2633 276 2662 cet
299 2629 567 2664 criminosissimo
591 2634 772 2675 utcumque
804 2629 1056 2667 adhaesissent.
1090 2634 1251 2674 tanquam
1283 2628 1348 2662 hoc
1381 2627 1457 2674 ipso
1486 2625 1691 2661 atrocissimi

218 2674 415 2709 manifestos
438 2675 589 2716 sceleris,
613 2675 758 2721 piaculis
776 2675 983 2709 subiicerent
1006 2674 1179 2716 maximis,
1211 2678 1247 2708 et
1269 2685 1355 2720 quos
1378 2678 1418 2707 ut
1439 2676 1557 2706 rectae
1578 2671 1691 2706 culto-

217 2730 274 2753 res
296 2720 466 2766 religionis
490 2722 663 2755 adiutores
686 2721 979 2755 adhibuerant-ad
1002 2721 1152 2756 Veccum
1173 2721 1267 2754 velut
1297 2731 1319 2753 a
1349 2718 1421 2753 ritu
1450 2716 1603 2762 legitimo
1626 2717 1692 2751 nb-

219 2771 391 2800 errantem
421 2767 660 2810 evertendum,
683 2767 818 2801 eosdem
842 2770 963 2812 postea
985 2765 1203 2807 damnarent,
1225 2765 1317 2811 quod
1340 2764 1373 2799 ei
1395 2763 1691 2799 erranti-commu-

218 2810 398 2857 nicassent,
432 2817 468 2849 et
492 2824 534 2849 ex
556 2813 667 2858 illius,
691 2813 747 2849 cui
770 2824 809 2849 se
832 2811 918 2849 alias
940 2811 1139 2857 iunxissem,
1161 2810 1365 2858 contagione
1386 2809 1560 2858 pestilenti
1579 2808 1690 2846 labem
