1858 3126
347 143 422 186 DE
448 139 778 185 ANDRONICO
812 136 1186 182 PALAEOLOGO
1221 139 1265 182 L.
1301 137 1378 183 lv.
1498 137 1593 182 333

131 257 337 301 ἀκουσθέν
369 257 432 299 ἐπὶ
465 254 585 298 πλέον
617 251 856 309 παρώτρυνε
884 251 956 295 τὸν
979 249 1159 307 Ἀτμοῖν,
1192 252 1259 294 καὶ
1291 247 1539 307 ὑπερηφάνει
1570 249 1591 293 ὁ

129 324 370 382 βάρβαρος·
406 326 447 374 ἔς
478 321 600 366 τόσον
630 323 709 379 γὰρ
738 321 785 365 τὸ
813 322 903 377 περὶ
926 319 1052 364 αὐτὸν
1071 316 1307 376 στράτευμα
1327 317 1595 375 ἐπληθύνετο,

131 393 236 438 ὥστε
256 396 322 439 καὶ
343 393 513 449 Πέρσας
536 391 685 441 ἄλλους
704 391 748 433 ἐκ
769 394 853 434 τῶν
872 391 962 444 περὶ
982 390 1235 443 ΠΙαίανδρον
1267 387 1598 446 παραγεγονότας

131 460 374 517 συμμάχους
396 461 496 516 ἔχειν
519 461 587 503 καὶ
605 459 708 515 πρὸς
726 458 801 514 τὴν
821 457 1086 514 καταδρομὴν
1108 455 1396 514 συλλήπτορας
1417 455 1596 507 ἱκανούς.

99 541 120 576 5
136 536 257 574 τοῦτο
279 531 322 574 δ’
346 526 396 583 ἦν
414 531 481 571 καὶ
504 528 552 572 τὸ
572 528 643 571 τὸν
660 524 874 583 Ἀμούριον
897 526 1072 584 ἓπῃρκὸς
1097 527 1166 568 καὶ
1192 533 1335 568 πεῖσαν
1353 543 1598 582 παρασπον-

131 602 229 652 δεΐν,
267 600 573 654 ζητολυποῧντα
593 596 692 646 τέως
712 597 747 638 εἰ
767 589 823 638 ὧν
840 594 966 645 αὐτὸς
982 594 1088 637 κατὰ
1107 594 1183 649 τὴν
1202 594 1305 650 πρὸς
1322 595 1493 648 βασιλέα
1508 593 1589 649 χά-
1612 599 1643 634 Β

132 685 196 723 ριν
222 667 442 721 ἀπέσχετο,
479 670 610 709 ταῦτα
639 661 851 722 μακρόθεν
879 661 1145 718 ἐσβάλλοντες
1174 663 1291 706 ἄλλοι
1318 665 1596 719 παρακερὸαί-

130 753 246 779 νοιεν.
306 735 413 778 ἀλλὰ
435 734 488 777 τὰ
509 735 583 789 μὲν
607 730 742 792 τούτῳ
761 732 1022 789 πεπραγμένα
1043 731 1190 788 μικρὸν
1212 727 1334 787 ἦσαν,
1371 730 1448 775 κᾶν
1470 730 1596 782 αὐτὸς

132 803 205 847 οὐκ
237 803 441 860 ἀφίστατο
470 799 685 860 πράττων·
723 799 816 844 τότε
847 801 1059 856 δ’Ἀτμὰν
1086 798 1252 850 ἐπιστάς
1260 834 1274 853 ,
1307 802 1373 843 καὶ
1393 800 1502 857 ἅγιον
1519 802 1595 855 μὲν

77 881 121 915 10
133 871 228 922 τοὺς
247 872 389 924 ἰδίους,
425 870 534 928 ι’ίγων
553 872 598 914 δὲ
617 872 683 913 καὶ
703 869 879 920 πολλοῦς
898 869 1004 914 κατὰ
1026 870 1262 924 συμμαχίαν
1286 867 1447 925 ἑτέρους
1464 871 1592 926 ἐξωρ-

131 940 338 996 μημένους
368 940 472 983 κατὰ
502 937 661 983 λύσσαν
692 937 819 982 πάλαι
851 943 934 982 τῶν
965 938 1072 982 κατὰ
1104 940 1405 995 Παφλαγονίαν
1434 943 1585 995 μερῶν,

131 1007 317 1064 ἑτοίμους
347 1009 565 1065 ἐξαλείφειν
582 1025 624 1051 τε
648 1009 714 1052 καὶ
731 1005 900 1064 ἀπάγειν
920 1007 973 1050 τὰ
997 1006 1102 1063 πρὸς
1120 1009 1240 1050 ποσὶν
1260 1008 1303 1049 ἐκ
1326 1011 1481 1062 πολλῆς
1497 1009 1590 1050 ἰτα-

128 1075 331 1133 μότητος,
362 1077 445 1120 ἐκεῖ·
460 1094 539 1120 που
559 1074 717 1126 πάντας
735 1081 921 1132 συνῆγεν.
958 1076 997 1119 οἱ
1023 1078 1049 1119 δ
1055 1075 1066 1091 '
1087 1075 1193 1132 ἀμφὶ
1209 1075 1281 1118 τὸν
1300 1073 1581 1129 Μουζάλωνα,
1609 1085 1640 1119 C

130 1144 227 1189 ὅσον
242 1144 464 1200 Ῥωμαϊκὸν
485 1147 551 1188 καὶ
573 1144 669 1189 ὅσον
680 1143 890 1188 Ἀλανικόν
899 1178 912 1197 ,
950 1143 1046 1188 ὅσον
1066 1145 1251 1200 ἲθαγενὲς
1272 1145 1339 1186 καὶ
1359 1143 1456 1188 ὅσον
1485 1144 1588 1196 ἕξω-

78 1218 120 1253 15
133 1219 232 1267 θεν,
268 1212 385 1269 μόλις
413 1231 493 1258 που
528 1215 617 1271 περὶ
642 1211 715 1257 δύο
741 1211 931 1269 χιλιάδας
955 1213 1192 1256 συνίστατο.
1264 1212 1375 1266 ὅμως
1393 1230 1436 1269 γε
1451 1213 1591 1268 μέντοι

130 1282 178 1325 τὸ
211 1282 275 1326 ἐπὶ
304 1287 379 1337 τῆς
406 1284 554 1332 οἰκείας
574 1280 785 1337 μάχεσθαι
804 1283 958 1336 πολλὴν
979 1283 1097 1337 σφίσι
1116 1281 1248 1338 ῥοπὴν
1268 1282 1332 1324 ἐπὶ
1354 1286 1413 1340 τῷ
1431 1286 1589 1334 τολμᾶν

130 1349 232 1405 πρὸς
248 1353 460 1401 πλείστους
487 1351 634 1406 ὀλίγοις
656 1352 806 1393 ἐδίδου.
877 1349 951 1393 κᾶν
967 1352 1034 1392 καὶ
1054 1350 1335 1405 περιγενέσθαι
1354 1354 1465 1406 σφᾶς
1486 1353 1590 1405 ξυμ-

129 1416 321 1474 βεβήκοι,
357 1418 465 1476 εἴπερ
497 1421 679 1475 γνησίαις
713 1419 923 1476 καρδίαις,
960 1416 1016 1468 ὥς
1038 1422 1203 1469 πολλοῖς
1226 1418 1402 1474 ἐλέγετο,
1439 1418 1590 1474 ὥρμων

131 1549 276 1586 duxerit.
321 1550 386 1585 hoc
415 1550 466 1585 ita
495 1552 627 1596 gestum
651 1553 687 1585 et
707 1552 778 1586 late
801 1550 1005 1586 celebratum
1029 1550 1136 1597 magis
1159 1550 1332 1597 magisque
1354 1551 1509 1587 incitavit
1527 1553 1591 1587 At-

130 1609 278 1639 manem,
311 1597 560 1643 barbarumque
582 1598 618 1631 in
641 1598 764 1631 fastum
789 1597 925 1631 extulit:
961 1597 1047 1631 adeo
1077 1597 1166 1631 euim
1198 1597 1266 1632 iam
1290 1598 1362 1632 eius
1386 1599 1504 1644 copiae
1528 1611 1589 1633 au-

130 1647 208 1678 ctae
236 1654 374 1677 numero
403 1647 520 1685 erant,
552 1649 590 1677 ut
620 1648 655 1677 et
687 1644 808 1678 Persas
840 1643 924 1677 alios
955 1655 975 1677 e
1010 1644 1205 1687 regionibus
1229 1643 1348 1678 vicinis
1371 1645 1415 1678 ad
1438 1656 1476 1679 se
1499 1645 1587 1679 ultro

130 1691 289 1722 coiuntes
311 1688 420 1723 socios
442 1690 584 1723 haberet
606 1694 642 1723 et
664 1689 707 1723 ad
729 1689 951 1724 incursionem
985 1690 1138 1734 quolibet
1169 1691 1430 1735 promovendam
1452 1691 1591 1724 adiuto-

129 1745 188 1768 res
210 1733 360 1768 idoneos.
406 1735 471 1769 hoc
494 1739 529 1768 et
550 1735 687 1769 Amurio
710 1735 902 1781 superbiam
928 1734 1063 1770 adiecit.
1109 1735 1174 1769 hoc
1194 1735 1243 1768 illi
1266 1736 1435 1780 persuasit
1467 1737 1588 1770 foedus

128 1781 306 1824 frangere,
338 1780 560 1815 aemulatione
586 1781 744 1815 instincto
776 1792 900 1823 avara,
934 1791 1002 1825 qua
1033 1781 1066 1815 ei
1097 1781 1280 1815 videbatur
1311 1781 1524 1816 intolerabile
1548 1793 1588 1815 se

130 1825 265 1870 quidem
293 1826 480 1870 promissae
508 1827 707 1872 imperatori
738 1827 826 1861 fidei
854 1827 1018 1871 religione
1048 1827 1199 1860 vinctum
1229 1827 1402 1860 abstinere
1425 1838 1541 1861 manus
1564 1839 1586 1861 a

130 1871 258 1915 praeda
278 1871 448 1913 Romana,
475 1872 610 1906 iuterim
633 1872 711 1906 dum
739 1872 830 1907 illam
854 1873 911 1906 alii
933 1871 1065 1917 longius
1089 1872 1235 1918 profecti
1259 1877 1366 1906 totam
1390 1872 1424 1906 in
1447 1884 1510 1907 sua
1531 1872 1587 1906 lu-

131 1926 190 1949 cra
210 1920 394 1951 verterent.
441 1917 501 1951 sed
523 1918 672 1962 quamvis
698 1918 786 1952 haud
809 1929 891 1952 sane
912 1918 979 1952 sibi
1002 1918 1161 1952 Amurius
1190 1919 1356 1962 parcebat
1378 1918 1461 1963 quin
1483 1930 1585 1964 quam

130 1960 275 1994 maxima
293 1966 411 2005 posset
423 1963 612 2007 rapacitate
628 1968 856 2007 grassaretur,
882 1967 996 1997 tamen
1015 1964 1138 2007 exigua
1156 1962 1267 1996 videri
1288 1968 1448 2008 poteraut
1463 1963 1586 2000 damna

131 2017 219 2051 quae
241 2006 291 2039 rei
314 2006 484 2041 Romanae
503 2008 693 2050 inferebat,
725 2009 755 2043 si
785 2014 1062 2054 compararentur
1091 2019 1166 2042 cum
1198 2008 1298 2052 longe
1324 2009 1540 2052 gravioribus
1562 2022 1584 2045 a

130 2051 311 2096 potentiori
341 2055 483 2086 Atmaue
511 2053 626 2087 illatis.
671 2053 726 2087 hic
755 2054 845 2088 enim
880 2055 1048 2099 inceptum
1079 2065 1205 2097 urgens
1228 2058 1264 2087 et
1287 2055 1461 2089 accinctus
1483 2067 1585 2101 prae-

132 2107 209 2131 sens
238 2096 352 2142 operi,
384 2098 572 2131 succinctus
595 2098 695 2132 etiam
717 2099 813 2133 novis
835 2100 967 2133 auxiliis
990 2098 1271 2133 ferocissimorum
1303 2100 1492 2142 latronum,
1525 2101 1584 2148 qui

131 2154 235 2177 saeva
267 2142 390 2176 dudum
418 2143 453 2176 in
487 2155 548 2178 nos
577 2143 726 2177 instincti
758 2144 854 2178 rabie
885 2157 905 2179 e
934 2145 1090 2190 partibus
1112 2145 1364 2190 Paphlagoniae
1396 2158 1515 2181 recens
1539 2147 1583 2182 ad

129 2188 237 2234 ipsum
260 2193 506 2231 couvenerant,
537 2189 651 2234 parati
672 2189 790 2224 animis
811 2190 926 2224 delere
948 2190 1170 2235 desolareque
1193 2191 1293 2225 obvia
1316 2198 1459 2234 cuncta,
1485 2193 1583 2228 nihil·

131 2246 198 2279 que
230 2235 345 2268 facere
379 2235 499 2280 reliqui
529 2239 700 2269 extremae
722 2235 914 2270 crudelitati
936 2235 1135 2280 diripiendis
1158 2237 1429 2284 abducendisqne
1451 2238 1486 2273 in
1508 2251 1583 2274 ser-

130 2280 271 2314 vitutem
302 2282 402 2325 plane
430 2281 596 2314 universis
617 2281 733 2315 incolis
754 2280 886 2315 illorum
909 2284 1088 2315 tractuum.
1134 2282 1196 2316 hos
1217 2282 1275 2317 ille
1299 2295 1372 2318 cum
1394 2285 1464 2319 suis
1487 2291 1583 2320 vete-

130 2325 225 2359 ribus
255 2331 476 2371 aggregasset
506 2326 632 2372 copiis,
665 2326 855 2361 uuiversum
884 2326 955 2360 illic
984 2326 1166 2362 exercitum
1197 2339 1266 2364 una
1287 2341 1400 2365 secum
1422 2331 1583 2366 habebat.

130 2371 304 2416 oppositus
334 2372 386 2406 illi
414 2373 530 2406 stabat
558 2373 657 2407 unica
685 2373 793 2407 tutela
822 2372 966 2407 Romani
995 2372 1112 2407 limitis
1137 2373 1295 2417 Muzalo;
1324 2376 1383 2422 qui
1404 2377 1583 2411 recensitis

131 2418 220 2459 suis,
250 2416 439 2463 collatoque
458 2419 493 2453 in
515 2429 618 2452 unum
640 2422 800 2464 quantum
832 2423 1012 2464 supererat
1033 2419 1256 2454 Romanarum
1280 2421 1451 2468 copiarum
1473 2435 1582 2468 quau-

130 2465 201 2496 tum
232 2463 466 2506 manicarum,
500 2465 556 2498 vix
590 2465 775 2499 numeratis
805 2464 903 2499 simul
932 2464 1099 2508 indigenis
1120 2465 1219 2499 simul
1240 2467 1365 2502 exteris
1387 2469 1454 2502 duo
1475 2469 1579 2503 millia

129 2507 270 2542 militum
301 2511 472 2554 explebat.
518 2515 702 2544 extremum
724 2515 837 2544 tamen
858 2510 1048 2544 Muzalonis
1072 2511 1178 2546 oculis
1201 2514 1237 2546 et
1259 2513 1368 2548 animo
1392 2515 1580 2549 obversaus

131 2552 311 2595 periculum
333 2555 504 2590 Romanae
525 2555 578 2591 rei
600 2555 774 2590 audaciam
797 2556 829 2590 ei
851 2561 887 2590 at
910 2567 955 2590 ue
980 2556 1140 2601 impetum
1162 2568 1226 2603 pro
1249 2558 1320 2593 aris
1341 2559 1493 2605 focisque
1516 2561 1579 2594 de-

132 2599 282 2650 certandi
302 2604 421 2635 contra
441 2602 556 2647 plures
578 2601 704 2645 dabat,
736 2602 827 2636 haud
858 2602 901 2636 ab
926 2601 1119 2636 orrentibus
1142 2614 1164 2637 a
1185 2603 1281 2639 (lucis
1313 2605 1483 2640 sententia
1505 2605 1579 2650 ple-

133 2652 246 2687 naque
276 2645 433 2687 militum,
465 2647 546 2682 licet
576 2659 658 2682 suae
689 2647 832 2682 consciis
860 2647 1054 2693 paucitatis.
1099 2653 1136 2683 et
1165 2648 1340 2685 habuisset
1360 2650 1430 2685 ista
1450 2650 1579 2685 fiducia

133 2696 343 2740 myconum,
372 2692 619 2738 vicissentque,
648 2697 688 2728 ut
716 2692 850 2738 plurimi
881 2693 1087 2736 affirmant,
1104 2694 1134 2729 si
1156 2698 1216 2730 aut
1237 2696 1336 2741 plane
1359 2708 1473 2730 omnes
1495 2708 1578 2731 oon-

132 2740 316 2776 spirassent
336 2736 372 2771 iu
393 2749 590 2782 generosum
613 2739 677 2774 hoc
698 2739 926 2785 propositum,
949 2744 1010 2773 aut
1029 2739 1064 2773 in
1086 2751 1127 2774 eo
1151 2741 1333 2776 concordes
1354 2753 1574 2787 perseveras-

131 2781 208 2812 nent
227 2780 438 2828 unanimique
458 2783 660 2819 fortitudine
680 2784 764 2820 totis
783 2784 914 2819 viribus
935 2789 973 2819 et
993 2784 1113 2820 animis
1134 2785 1168 2820 in
1188 2786 1280 2822 istud
1300 2787 1466 2833 praelium
1482 2787 1573 2823 ruia-
