1820 3112
242 189 305 234 36
660 179 898 227 GEORGII
930 177 1284 224 PACHYMERIS

241 304 442 346 λεοῧσθαι
463 296 520 349 ὥς
542 299 671 354 δῆθεν
700 293 1022 351 δυσμεναίνοντα
1045 293 1287 347 πείθουσιν,
1318 288 1405 337 εἶτα
1427 292 1496 337 καὶ
1519 291 1705 348 λίβελλον

241 370 466 417 ἐκτιθέντες
493 369 549 417 εἷς
578 365 798 422 ὁμολογίαν
827 364 903 421 μὲν
931 368 1007 408 τοῦ
1036 363 1173 420 ὀρθοῦ
1201 361 1413 418 ἀποβολὴν
1437 363 1482 406 δὲ
1510 366 1593 406 τῶν
1615 360 1708 404 εἷ’τι

239 441 306 483 καὶ
327 435 602 492 παρεξελέχθη
613 467 626 488 ,
664 435 733 478 καὶ
753 433 883 488 αὐτῆς
900 432 952 489 δὴ
973 432 1088 482 τέλος
1109 436 1182 487 τῆς
1202 428 1426 492 ἱερωσύνης
1441 430 1704 487 παραίτησιν,

238 503 488 563 ὑπογράφειν
513 506 697 556 διδοῦσι,
733 504 801 545 καὶ
826 501 936 545 οὕτω
953 500 1008 544 τὰ
1027 498 1163 544 εἷκότα
1182 496 1584 558 φιλοφρονησάμενοι
1601 497 1708 541 ἀπο-

121 587 151 622 Ρ
173 585 220 621 ΞΟ
242 575 480 629 πέμπουσιν.
552 571 649 629 ὅπερ
678 570 832 626 μαθὼν
860 568 1032 627 ὕστερον
1046 569 1198 626 Ἰωσὴφ
1217 568 1291 623 τὴν
1312 570 1376 611 ἐπὶ
1395 572 1447 626 τῇ
1465 563 1740 624 παραιτήσειὸ

241 645 337 699 βίαν
356 642 686 699 ὄρθοσεβοῦντος
703 638 759 690 ὥς
774 638 824 683 οὗ
843 638 1059 693 κανονικὴν
1080 637 1222 681 ἄδικον
1239 637 1405 693 ἔκρινεν.
1467 634 1585 695 (11)
1621 634 1710 678 ὀλί-

242 730 314 770 γον
332 712 379 754 τὸ
396 707 571 765 μεταξύ,
609 710 677 752 καὶ
697 707 871 764 βασιλέα
891 707 1107 751 πείθουσιν
1126 707 1182 756 εἷς
1198 709 1402 764 Προῦσαν
1418 706 1653 762 περιορίζειν
1673 697 1708 762 ᾧ

243 780 344 830 τέως
362 781 428 822 καὶ
447 774 666 821 διελύοντο.
737 776 837 819 ἀλλ’
862 774 883 820 ὁ
903 775 1095 831 βασιλεὺς
1112 773 1239 826 τάξας
1258 774 1372 832 αὐτῷ
1390 776 1458 817 καὶ
1477 773 1524 816 τὸ
1546 772 1709 829 σιτηρέ-

244 866 333 893 σιον
357 846 576 903 αὔταρκες,
615 847 764 889 ἐκεῖνον
785 845 861 901 μὲν
881 852 966 895 τοῖς
988 841 1213 895 ἀπάξουσιν
1233 843 1295 886 ἐπὶ
1317 840 1517 901 Προῦσης
1539 842 1710 884 ἐκδίδω-

244 934 332 970 σιν,
367 915 508 965 αὗτοΐς
537 914 580 958 δ’
602 916 749 971 ἐχρῆτο
777 917 861 957 τῶν
892 913 1027 956 ἄλλων
1049 909 1335 967 ἕνευκαιρήσας
1345 945 1360 966 ,
1395 911 1439 955 εἶ’
1449 929 1486 954 τι
1506 910 1588 966 ἄρα
1606 926 1710 965 προ-
1723 910 1766 946 10

244 988 437 1038 τείνειαν,
476 984 547 1027 καί
577 1000 619 1040 γε
648 981 780 1038 ἡδέως
809 983 884 1037 μὲν
906 981 1028 1038 ἤκουε
1054 979 1366 1035 μεσιτευόντων,
1401 977 1535 1023 πολλὰ
1555 978 1601 1022 δ’
1625 979 1712 1029 ἐξε-

195 1062 226 1098 Β
250 1051 407 1110 πλήρου
433 1057 516 1096 τῶν
545 1051 775 1108 ἀναγκαίων
802 1047 1209 1107 ὑπομιμνησκόντων.
1279 1049 1468 1104 ἐβεβαίου
1488 1048 1533 1091 δὲ
1547 1049 1617 1090 καὶ
1636 1046 1712 1096 τὰς

242 1120 408 1180 γνώμας
434 1118 633 1177 λεγόντων
660 1122 728 1163 καὶ
757 1120 954 1177 προθέσει
988 1119 1161 1174 καρδίας
1185 1117 1253 1161 καὶ
1282 1115 1541 1175 γράμμασιν,
1577 1109 1634 1159 ὧν
1661 1113 1711 1158 τὸ

242 1193 378 1247 μεῖζον
399 1192 466 1233 καὶ
484 1193 648 1247 πρῶτον
663 1189 721 1244 μὴ
745 1187 797 1232 ἅν
818 1187 916 1231 ποτ’
942 1184 1130 1245 εὐφήμου
1151 1184 1332 1244 μνήμης,
1365 1186 1425 1243 μὴ
1443 1185 1710 1246 ψαλμῳδιάς,

242 1259 301 1315 μὴ
323 1263 458 1316 ταφῆς
477 1258 706 1314 ἀξιωθῆναι
724 1257 796 1300 τὸν
816 1254 1099 1312 ἀποιχόμενον.
1722 1254 1767 1291 15

385 1327 438 1370 Οἱ
455 1327 530 1382 μὲν
551 1322 624 1369 οἶιν
646 1324 757 1370 οὕτω
775 1330 932 1378 ταῦτα,
965 1323 1160 1380 βασιλεῦς
1185 1322 1229 1368 δ’
1250 1320 1436 1378 οἰόμενος
1457 1317 1711 1379 πραγμάτων

246 1395 530 1452 ἀπαλλαγῆναι
550 1394 598 1439 τὸ
623 1398 706 1437 πᾶν
725 1397 963 1453 κατορθοῦν
986 1391 1152 1449 ἐνόμιζε.
1219 1392 1267 1436 τὸ
1294 1391 1339 1435 δ’
1365 1390 1449 1448 ἄρα
1471 1386 1522 1447 ἦν
1542 1389 1711 1448 ὄνειρος.

123 1467 154 1502 Ρ
175 1467 220 1503 21
247 1464 370 1524 (12)
407 1465 447 1508 οἱ
476 1464 555 1522 γὰρ
581 1463 835 1522 Ἀρσενιᾶται
866 1462 1006 1514 ἀδείας
1038 1461 1212 1506 κάκεῖνοι
1241 1457 1462 1516 λαβόμενοι
1495 1461 1714 1509 πείθοντος

242 1592 388 1630 delinire
409 1593 474 1628 sibi
497 1594 661 1628 offensum
685 1593 831 1639 supplici
853 1593 1101 1639 significatione
1123 1592 1368 1640 poenitentiae,
1389 1590 1511 1628 deinde
1531 1590 1596 1637 ipsi
1620 1603 1713 1626 com-

243 1641 390 1686 positum
411 1639 579 1681 libellum,
603 1651 670 1685 quo
694 1640 861 1686 professio
884 1644 1000 1674 rectae
1023 1640 1105 1674 fidei
1127 1640 1394 1684 coniungebatur
1417 1650 1492 1673 cum
1516 1637 1715 1672 amolitione

244 1686 472 1732 suspicionum
495 1686 526 1720 si
549 1697 639 1731 quae
662 1685 698 1720 in
721 1686 927 1721 contrarium
951 1690 1130 1730 extarent,
1161 1685 1286 1731 quibus
1314 1684 1358 1719 ad
1389 1688 1576 1720 extremum
1606 1694 1715 1718 anne—-

245 1733 385 1767 ctebant
415 1730 661 1766 abdicationem
692 1731 894 1774 sacerdotii,
925 1732 1038 1767 Vecco
1060 1736 1101 1767 ut
1123 1731 1355 1768 subscriberet
1384 1731 1574 1772 dederunt3
1607 1732 1714 1776 atque

243 1778 297 1813 ita
328 1777 443 1812 verbis
472 1777 664 1823 officiisque
693 1777 796 1823 paulo
829 1778 1081 1823 benignioribus
1104 1776 1386 1812 commodiuscule
1405 1780 1589 1812 tractatum
1612 1774 1715 1811 dimi-

244 1827 377 1859 serunt.
422 1823 513 1868 quod
549 1834 624 1857 cum
655 1827 777 1868 postea
807 1824 975 1869 Iosephus
997 1823 1235 1868 cognovisset,
1266 1823 1332 1857 vim
1354 1822 1480 1857 illatam
1503 1820 1630 1856 homini
1652 1831 1714 1856 or-

242 1869 392 1904 thodoxo
421 1873 462 1902 ut
494 1868 694 1913 dignitatem
725 1868 919 1912 abdicaret,
955 1869 1004 1904 uti
1035 1869 1170 1904 minime
1191 1868 1317 1914 regulis
1338 1874 1473 1914 patrum
1495 1869 1712 1911 conformem,

242 1915 401 1950 iniustam
422 1914 530 1949 fuisse
552 1914 730 1950 iudicavit.
775 1916 873 1961 (11)
900 1927 967 1950 non
989 1916 1041 1950 ita
1063 1918 1166 1950 multo
1193 1919 1271 1961 post
1290 1914 1391 1948 iidem
1411 1911 1610 1960 imperatori
1632 1925 1715 1958 per-

244 1961 390 1997 suadent
411 1964 453 1994 ut
474 1961 644 2002 Veccum,
666 1972 688 1995 a
711 1971 778 2008 quo
800 1967 914 1996 tamen
937 1961 1004 1996 sibi
1028 1962 1238 1996 satisfactum
1262 1971 1346 2006 prae
1367 1970 1407 1995 se
1429 1960 1602 2004 tulerant,
1625 1959 1716 1995 Pru-

245 2017 320 2042 sam
354 2006 526 2040 exulatum
558 2006 722 2042 mitteret.
768 2007 954 2042 destinavit
979 2007 1087 2053 igitur
1109 2007 1295 2053 imperator
1317 2006 1376 2061 qui
1403 2017 1479 2041 eum
1500 2005 1584 2040 illuc
1605 2005 1716 2040 abdu-

245 2055 385 2106 cerent,
404 2052 618 2105 ’assignatis’
631 2052 679 2087 ibi
713 2052 995 2107 ei·peusiouibus
1016 2053 1061 2088 ad
1084 2053 1213 2107 victum
1229 2052 1467 2088 sufficientem.
1513 2062 1615 2099 porro
1636 2051 1716 2087 istis

244 2098 1716 2191 {ffauffl‘gffiss‘e&3554550203133322221‘22‘23:233‘2:25233332233022223

246 2188 414 2233 pediendo
436 2199 502 2233 quo
530 2199 672 2235 cumque
695 2195 877 2236 poscerent
896 2190 1104 2238 perlibenter
1133 2201 1279 2235 vacans,
1315 2191 1397 2236 quin
1420 2195 1457 2226 et
1478 2201 1554 2225 cum
1577 2189 1716 2235 quidvis

246 2245 310 2279 pro
333 2233 486 2279 quolibet
506 2234 757 2271 intercederent
779 2240 840 2272 aut
864 2241 1041 2282 peterent,
1076 2239 1232 2283 prompte
1262 2247 1436 2278 annuens,
1469 2237 1642 2280 multaque
1671 2246 1715 2269 ex

246 2291 312 2313 usu
336 2279 510 2324 praesenti
530 2280 682 2325 faciens,
713 2287 818 2326 prout
838 2282 887 2318 illi
909 2282 988 2318 fieri
1012 2283 1146 2318 omnino
1175 2283 1302 2317 debere
1322 2281 1586 2327 suggessissent.
1633 2292 1716 2315 con-

246 2324 408 2360 firmabat
444 2328 558 2359 autem
589 2327 777 2362 sententias
799 2329 918 2363 horum
940 2329 1006 2364 sibi
1033 2328 1238 2374 loquentium
1262 2338 1337 2362 cum
1359 2330 1519 2373 prompta
1539 2325 1716 2370 significu-

247 2370 342 2405 tione
365 2370 520 2406 benevoli
541 2382 722 2414 assensus,
757 2376 831 2407 tum
853 2375 910 2409 ubi
933 2386 990 2409 res
1012 2378 1190 2420 posceret,
1213 2374 1326 2408 literis
1348 2377 1385 2408 et
1406 2372 1646 2418 diplomatibus
1669 2373 1714 2407 ad

249 2426 366 2450 earum
399 2415 622 2452 sanciendum·
649 2418 808 2453 effectum
833 2419 934 2454 datis.
979 2418 1122 2454 istorum
1145 2419 1238 2454 hisce
1260 2428 1494 2454 concessorum
1517 2430 1538 2453 a
1561 2417 1669 2463 princi
1695 2430 1716 2453 e

249 2461 315 2495 hoc
338 2462 514 2496 maximum
537 2466 575 2497 et
597 2460 740 2508 primum
762 2465 848 2506 fuit,
881 2463 973 2509 quod
1006 2465 1050 2499 iis
1081 2465 1301 2500 suadentibus
1325 2464 1436 2500 vetuit
1457 2475 1501 2498 ne
1522 2464 1621 2509 signo
1646 2431 1715 2499 ullo

247 2507 457 2542 honorificae
477 2509 658 2543 memoriae
680 2521 744 2544 nec
764 2508 867 2544 iustis
889 2510 1089 2544 funebribus
1112 2515 1214 2545 cantu
1237 2509 1441 2555 psalmorum
1470 2509 1538 2544 rite
1561 2510 1716 2545 celebra-

247 2553 316 2594 tis,
348 2553 446 2588 immo
477 2564 521 2588 ne
551 2555 728 2599 sepultura
759 2554 896 2601 quidem
926 2555 1161 2590 ecclesiastica
1186 2560 1287 2602 pater
1309 2555 1385 2591 eius
1410 2557 1583 2601 Augustus
1609 2567 1717 2601 nuper

247 2598 429 2634 defunctus
452 2598 664 2644 dignaretur.

344 2645 394 2679 Et
424 2646 509 2679 haec
538 2645 587 2679 illi
617 2646 751 2691 quidem
773 2645 824 2681 sic
846 2649 1002 2691 egerunt.
1047 2646 1232 2691 imperator
1253 2648 1365 2681 autem
1389 2657 1560 2692 propensa
1580 2646 1649 2681 ista
1671 2646 1715 2682 ad

251 2702 369 2725 eorum
391 2695 492 2725 nutus
514 2703 628 2725 omnes
651 2692 818 2726 facilitate
840 2692 1066 2738 obsequendi,
1093 2693 1287 2727 defunctum
1309 2703 1347 2726 se
1369 2692 1480 2726 turbis
1503 2697 1539 2726 et
1561 2704 1715 2738 magnam

252 2736 286 2770 in
321 2741 491 2782 posterum
505 2763 516 2781 ‚
550 2737 681 2772 cunctis
709 2738 927 2783 compositis,
960 2749 999 2773 se
1020 2738 1086 2773 sibi
1108 2738 1387 2784 tranquillitatem
1410 2738 1599 2774 confecisse
1621 2739 1716 2774 arbi-—

251 2783 431 2824 trabatur-3
465 2783 502 2816 id
525 2784 613 2829 quod
637 2795 759 2818 vanum
782 2784 946 2819 somnium
969 2783 1035 2819 sibi
1058 2783 1205 2819 faventis
1224 2784 1328 2818 animi
1349 2783 1426 2818 fuit.
1480 2785 1584 2830 (12)
1607 2785 1714 2820 Arse-

251 2828 343 2862 niani
373 2829 524 2875 quippe,
559 2842 602 2866 ex
635 2829 821 2866 mutatione
851 2834 888 2866 et
915 2829 983 2877 ipsi
1016 2833 1204 2877 temporum
1236 2829 1363 2866 fiducia
1392 2834 1532 2878 arrepta
1554 2842 1634 2866 suas
1656 2841 1714 2866 res
