1858 3126
260 191 356 239 444
679 190 912 235 GEORGII
948 191 1300 238 PACHYMERIS

257 304 420 363 γλώσσῃ
438 303 493 355 ὥς
510 321 630 348 τινων
648 302 905 361 ’ξυνησόντων
925 305 1017 363 (τὴν
1035 306 1112 362 γὰρ
1125 303 1303 349 Ἑλλάδα
1320 308 1386 350 καὶ
1399 305 1711 362 ῗκαχυιιῶπτευεν

260 374 315 424 ὥς
344 378 506 416 πολλῶν
535 373 708 425 ξυνιέναι
736 371 966 417 δοκούντων
995 378 1079 417 τῶν
1110 373 1210 431 ἔξω)
1249 381 1335 424 τοῖς
1367 375 1480 425 ἔντός
1504 378 1707 434 διελέγετο.

258 444 298 485 οῗ
317 440 427 498 λόγοι
462 441 507 485 δ’
538 438 642 497 ἦσαν
673 441 728 493 ὥς
760 442 1066 499 ἲσχυρισομὲνου
1088 443 1194 486 κατὰ
1212 446 1414 499 Περσῶν,
1450 445 1485 486 εἴ
1505 442 1707 489 Memno.

257 510 405 554 αὐτίκα
431 515 530 567 γοῦν
559 516 679 554 τινῶν
709 512 920 563 ξυνιέντων
949 513 1014 554 καὶ
1035 512 1219 568 Πέρσαις
1238 510 1504 568 ἀγγειλάντων
1523 518 1711 570 φωρᾶται

258 580 495 636 κακουργῶν
521 579 711 636 Πέρσας,
757 581 803 624 οἳ
822 581 869 623 τὸ
902 580 1007 623 καθ’
1039 578 1192 635 αὖτοὺς
1221 582 1449 634 δείσαντες,
1495 583 1529 623 εἲ
1561 580 1744 637 ἓχθρόνὸ

257 648 537 704 ἀπαραίτητον
565 645 783 701 λῦσαιντο,
819 649 940 704 τιμὴν
971 649 1122 704 ἐκείνην
1155 650 1220 692 καὶ
1249 650 1371 705 κέρδη
1394 647 1449 699 ὥς
1471 648 1588 692 οὐδὲν
1606 654 1715 706 λογι-

206 724 237 758 C
261 715 428 771 σάμενοι
455 718 689 761 κτείνουσιν,
761 717 884 767 ἄλλος
913 717 957 760 δ’
1002 717 1086 760 ἴστι
1129 715 1249 774 λόγος
1277 715 1426 763 τούτου
1464 715 1714 773 πιστότερος,

258 784 314 835 ὥς
333 783 566 842 πεφύλακτο
586 787 660 839 μὲν
681 783 772 829 τότε
793 785 925 829 συνών
947 793 1031 836 τοῖς
1053 787 1234 843 ἐχθροῖς,
1267 785 1437 843 ὕστερον
1459 785 1504 828 δ’
1530 786 1716 842 ἄποδριὶς

258 855 412 897 ἐκεῖθεν
439 854 542 910 πρὸς
569 852 687 897 δύσιν
719 852 894 907 κάτεισι,
943 856 1011 898 καὶ
1042 859 1101 913 τῷ
1127 850 1304 910 Μιχαὴῖ
1331 855 1575 911 προσελθὼν
1594 854 1715 910 τιμὴν

259 923 399 976 λαβὼν
415 923 478 965 ἐπὶ
500 920 752 978 Βουλγάροις
773 927 847 977 τῆς
867 920 1183 979 σεβαστὸτητος,
1211 925 1293 967 ἐπεὶ
1313 921 1492 980 ἀνόνητα
1513 922 1590 967 ὅσα
1608 922 1713 966 κατὰ
1727 930 1770 965 10

263 989 460 1047 Τοῦρκων
491 992 558 1034 καὶ
579 990 875 1047 Ἀμογαβάρων
900 990 1092 1045 Ῥωμαῖοι
1124 991 1273 1047 ὥρμων
1301 999 1447 1046 ποιεῖν,
1494 989 1717 1048 ἐκχώρησιν

261 1059 387 1110 αὐτὸς
410 1059 550 1112 λαβὼν
575 1060 688 1115 παρὰ
716 1059 940 1113 βασιλέως,
977 1062 1071 1116 περί
1095 1078 1174 1104 που
1197 1061 1247 1115 δὴ
1268 1063 1333 1104 καὶ
1347 1063 1504 1116 χιλίους
1522 1058 1722 1113 συνάξας,

211 1136 242 1170 D
267 1128 382 1181 πεζὸς
402 1128 477 1171 σὺν
498 1129 630 1180 πεζοῖς
646 1129 796 1185 ἐπέχρα
817 1134 903 1178 τοῖς
932 1129 1139 1183 Πέρσαις,
1177 1130 1243 1172 καὶ
1274 1134 1408 1179 κακῶς
1437 1127 1535 1183 ἕδρα
1555 1130 1642 1184 περὶ
1662 1128 1716 1170 τὰ

264 1197 368 1240 κατὰ
390 1196 464 1251 τὴν
487 1198 814 1252 Θεσσαλονίκην,
853 1196 900 1240 οὗ
934 1196 1147 1240 Θεσσαλὸν
1165 1194 1327 1247 πάντως
1357 1195 1461 1239 ἀλλὰ
1486 1199 1715 1252 Βουλγαρι-

261 1266 333 1309 κᾶν
355 1266 421 1308 καὶ
441 1263 527 1308 οἷον
545 1265 657 1324 αὐτῷ
680 1263 872 1320 σύνηθες.
941 1265 1130 1308 ἐντεῦθεν
1153 1267 1196 1308 ἐκ
1214 1269 1366 1320 πολλῆς
1393 1264 1530 1315 ἀδείας
1545 1264 1584 1307 οἱ
1601 1264 1713 1320 Πέρ-
1726 1271 1768 1306 15

261 1350 330 1377 σαι
353 1335 690 1392 περικαθίσαντες
705 1335 834 1396 ἐνδείᾳ
858 1332 1011 1384 ὕδατος
1031 1334 1192 1391 αἷροέσι
1213 1333 1260 1378 τὸ
1278 1331 1476 1392 φροίριον
1486 1366 1500 1386 ,
1537 1334 1604 1376 καὶ
1619 1333 1716 1384 τούς

258 1512 352 1547 cuius
375 1522 499 1556 gnaros
522 1524 597 1547 esse
619 1512 710 1547 intus
733 1514 863 1548 sciebat
879 1513 1010 1558 aliquot
1026 1514 1203 1558 (Graecae
1218 1523 1312 1547 usum
1329 1511 1372 1547 de
1393 1510 1557 1546 industria
1579 1511 1713 1553 vitavit,

257 1558 373 1592 nolens
394 1557 539 1604 intelligi
563 1570 583 1592 a
607 1559 720 1592 multis
743 1559 800 1604 qui
824 1571 860 1593 se
882 1560 1155 1601 circumstabant,
1181 1559 1278 1592 huius
1301 1558 1434 1603 peritis,
1454 1569 1542 1603 quae
1563 1556 1715 1601 dicebat)

256 1604 326 1637 alte
349 1603 580 1648 pronuntiavit
604 1615 645 1637 ea
668 1615 756 1649 quae
778 1605 922 1650 putabat
955 1605 1101 1639 valitura
1123 1603 1315 1638 inducendis
1336 1604 1377 1637 iis
1399 1603 1442 1637 ad
1467 1606 1630 1647 sumptum
1652 1613 1715 1636 sua

257 1659 361 1683 causa
383 1648 583 1683 faciendum.
629 1649 662 1682 in
697 1650 747 1683 his
776 1650 991 1695 praecipuam
1026 1651 1173 1684 habebat
1194 1649 1281 1692 vim,
1311 1648 1400 1694 quod
1422 1647 1643 1693 pollicebatur
1665 1659 1716 1690 se,

256 1694 371 1728 statim
394 1706 436 1729 ac
465 1696 555 1729 foret
587 1695 927 1740 liberatus‚›insigne
957 1696 1091 1740 aliquod
1124 1695 1252 1730 facinus
1283 1694 1317 1728 in
1349 1693 1502 1728 damnum
1534 1693 1715 1728 Persarum

257 1739 439 1774 editurum.
494 1746 592 1775 erant
627 1752 647 1774 e
677 1741 873 1775 custodibus
907 1741 1177 1775 Choeroboscum
1208 1741 1271 1775 sub
1306 1751 1418 1774 muros
1446 1738 1717 1783 'producentibus

258 1786 394 1832 quidam
421 1797 485 1820 non
512 1797 649 1840 prorsus
671 1787 782 1830 ignari
803 1787 938 1831 linguae
961 1787 1174 1831 Bulgaricae.
1221 1786 1257 1820 hi
1279 1786 1474 1820 nuntiarunt
1495 1784 1612 1819 Persis
1633 1784 1716 1830 quid

257 1831 430 1886 captivus,
470 1843 565 1866 cuius
598 1832 787 1866 liberationi
811 1833 955 1877 pretium
979 1833 1237 1874 constituerant,
1259 1831 1454 1877 sponderet.
1499 1842 1566 1876 quo
1588 1829 1635 1864 illi
1658 1842 1717 1864 co-

257 1882 354 1923 gnito
378 1877 467 1912 haud
490 1877 575 1912 tanti
599 1883 761 1923 putarunt
783 1878 983 1924 quingentos
1012 1889 1180 1920 nummos,
1211 1881 1250 1912 ut
1282 1889 1347 1911 non
1374 1876 1510 1911 mallent
1538 1876 1614 1910 illos
1637 1887 1716 1922 per-

259 1924 342 1958 dere
364 1935 464 1970 quam
487 1924 615 1958 bostem
639 1923 768 1958 Persici
790 1924 933 1959 nominis
954 1924 1199 1971 implacabilem
1227 1923 1397 1957 dimittere
1420 1922 1580 1964 liberum,
1615 1933 1716 1968 prae-

258 1969 372 2004 sertim
396 1981 470 2004 cum
494 1970 537 2004 ab
561 1980 601 2004 eo
625 1970 726 2003 semel
749 1975 880 2004 tantum
909 1970 1001 2004 victo
1024 1970 1158 2014 saepius
1181 1969 1244 2014 ipsi
1273 1968 1423 2014 superati
1445 1967 1615 2002 metuendi
1637 1978 1718 2002 cau-

258 2027 315 2049 sas
331 2016 504 2050 haberent.
551 2027 633 2060 ergo
653 2015 743 2049 illum
766 2016 1024 2050 interfecerunt.
1069 2016 1120 2050 sic
1142 2015 1245 2060 aliqui
1266 2017 1462 2049 memorant.
1507 2018 1619 2048 tamen
1633 2013 1717 2048 alio-

258 2071 354 2102 rum,
386 2062 507 2106 quibus
537 2063 644 2102 tutius
675 2062 841 2104 creditur,
871 2062 1008 2096 diversa
1042 2061 1084 2096 de
1116 2061 1212 2095 huius
1235 2060 1377 2094 hominis
1409 2060 1544 2094 casibus
1567 2058 1718 2093 narratio

258 2106 343 2140 haec
366 2112 429 2140 est.
476 2108 570 2141 aiunt
592 2119 666 2141 eum
689 2107 747 2141 diu
775 2108 944 2142 detentum
978 2120 999 2143 a
1022 2108 1156 2149 Persis,
1187 2107 1324 2141 inventa
1353 2105 1501 2151 denique
1521 2107 1624 2150 fugae
1646 2104 1721 2145 via,

258 2163 297 2186 se
320 2152 526 2198 proripuisse
557 2154 590 2188 in
621 2158 753 2188 tractus
776 2153 964 2198 Occiduos,
997 2153 1111 2199 ibique
1143 2153 1290 2187 oblatum
1325 2151 1396 2186 suis
1418 2151 1576 2195 Bulgaris
1606 2151 1717 2184 famae

258 2199 543 2232 commendatione
575 2203 610 2233 et
642 2211 682 2233 ex
718 2211 759 2233 ea
791 2199 946 2245 opinione
979 2199 1185 2234 fortitudinis
1210 2199 1252 2233 ab
1274 2198 1317 2232 iis
1339 2197 1561 2243 promeruisse
1582 2194 1715 2228 titulum

258 2242 306 2276 ibi
330 2244 486 2278 usitatum
508 2245 701 2288 dignitatis,
734 2245 787 2279 cui
818 2257 839 2280 a
870 2247 1006 2281 sebasto
1029 2246 1104 2280 sive
1127 2248 1279 2288 Augusto
1301 2243 1488 2278 derivatum
1510 2251 1628 2276 nomen
1649 2238 1716 2273 tri-

257 2288 383 2324 buitur.
429 2290 492 2324 hoc
514 2290 569 2324 ille
592 2290 731 2335 insignis
755 2293 880 2325 honore
902 2291 1060 2326 Michae‘ssi
1081 2294 1234 2335 Augusto
1257 2289 1377 2323 iuniori
1399 2298 1474 2322 sese
1497 2286 1611 2327 offert,
1633 2290 1716 2319 tunc

257 2333 294 2368 in
315 2333 379 2368 illis
400 2335 554 2379 partibus
577 2337 665 2370 haud
690 2348 852 2383 prospere
875 2344 993 2372 contra
1015 2338 1149 2371 Turcos
1183 2340 1218 2369 et
1240 2334 1468 2379 Amogabaros
1489 2330 1716 2374 belligeranti.
1767 2344 1773 2350 ⁸

257 2379 347 2413 unde
372 2381 414 2414 ab
437 2380 507 2422 illo,
531 2381 672 2426 quodvis
696 2383 855 2416 auxilium
878 2383 941 2418 tali
966 2394 1026 2416 suo
1051 2389 1204 2427 tempore
1225 2386 1448 2424 opportunum
1470 2377 1634 2418 ducente,
1660 2377 1715 2410 fa-

259 2425 323 2459 cile
345 2424 504 2470 impetrat
523 2432 561 2460 ut
584 2438 621 2461 se
644 2428 790 2472 peditem
815 2428 900 2462 mille
924 2429 1073 2473 peditum
1109 2430 1179 2471 (tot
1200 2425 1288 2459 enim
1311 2424 1446 2458 circiter
1467 2423 1510 2456 de
1532 2434 1618 2456 novo
1644 2422 1715 2457 col-

258 2471 405 2516 legerat)
430 2471 600 2505 ductorem
623 2472 849 2517 imperialibus
881 2474 1038 2518 auspiciis
1071 2478 1187 2506 contra
1210 2472 1332 2504 Persas
1354 2468 1498 2503 militare
1527 2474 1715 2514 pateretur.

259 2523 298 2551 at
318 2516 375 2550 ille
397 2517 446 2551 sic
469 2522 649 2561 praetextu
674 2521 823 2552 armatus
846 2518 976 2552 Persici
1004 2518 1083 2552 belli
1116 2517 1269 2561 regiones
1291 2516 1459 2549 Romanas
1486 2514 1578 2549 circa
1600 2514 1715 2548 Thes-

261 2562 443 2598 salonicam
465 2562 523 2596 illa
546 2574 608 2597 sua
631 2563 819 2597 latrocinali
843 2563 1020 2597 infestavit
1042 2574 1151 2605 manu,
1169 2572 1234 2595 non
1254 2566 1293 2594 ut
1312 2561 1497 2594 Thessalus
1519 2571 1557 2594 se
1580 2570 1715 2605 gerens,

262 2608 323 2643 sed
348 2607 530 2653 Bulgarico
554 2608 652 2654 plane
674 2608 830 2642 instituto
854 2614 890 2642 et
912 2620 1005 2642 more
1027 2620 1087 2642 suo
1122 2606 1255 2654 praedis
1286 2605 1424 2650 agendis
1447 2606 1607 2642 intentus.
1651 2605 1716 2639 ha-

263 2657 383 2688 ctenns
405 2654 448 2689 de
469 2654 537 2689 illo.
583 2665 671 2688 nunc
694 2653 736 2687 ad
765 2654 888 2688 Persas
912 2654 1086 2687 redeamus
1109 2664 1192 2699 quos
1216 2651 1249 2685 in
1273 2651 1519 2687 Cenchrearum
1540 2650 1717 2687 obsidione

261 2700 469 2746 reliquimus.
516 2699 550 2735 hi
587 2699 706 2734 deletis
731 2699 958 2733 Choerobosci
991 2699 1095 2744 copiis
1128 2709 1215 2743 quae
1248 2697 1420 2742 suppetias
1441 2698 1588 2733 obsessis
1612 2708 1717 2732 vene-

263 2751 352 2782 rant.
370 2750 406 2780 et
428 2747 501 2792 ipso
523 2746 783 2791 comprehenso,
806 2745 878 2780 sine
900 2745 967 2778 ullo
990 2745 1056 2778 iam
1081 2750 1170 2778 metu
1192 2744 1319 2778 instare
1341 2744 1506 2778 conclusis
1529 2749 1566 2778 et
1587 2753 1716 2777 omnem

263 2792 307 2826 ab
336 2792 379 2825 iis
410 2803 521 2827 rerum
556 2791 819 2826 necessariarum
852 2802 969 2825 arcere
1001 2790 1270 2835 importationem
1294 2794 1575 2835 perseverarunt,
1603 2788 1718 2834 quoad

264 2837 398 2872 tandem
421 2849 531 2884 aquae
551 2837 688 2873 defectu
711 2837 819 2885 potiti
833 2848 931 2881 arce,
955 2847 1181 2883 quoscumque
1203 2835 1275 2870 illic
1297 2842 1516 2882 repererunt,
1539 2833 1717 2882 perpaucis
