1820 3112
195 145 293 188 200
614 139 848 184 GEORGII
880 138 1229 185 PACHYMERIS

193 256 239 299 δὲ
258 256 326 299 καὶ
345 253 444 311 παρ’
469 253 641 304 ἐκείνους
660 249 903 308 ξύμπαντες,
940 255 1006 296 καὶ
1027 253 1207 297 παλαιὰν
1226 251 1448 310 συνήθειαν
1465 260 1652 313 προβαλ-

142 331 172 365 Β
196 322 356 378 λόμενοι
376 324 444 365 καὶ
464 319 617 377 νόμους
635 324 725 379 περὶ
746 319 901 366 τούτων
918 322 1108 379 λέγοντας
1128 325 1195 365 καὶ
1213 325 1487 379 δικαιοδοσίας
1505 326 1549 368 ἐκ
1568 343 1652 368 πα-

194 396 312 435 λαιοῦ
330 391 554 447 ὄφφικίων,
593 390 667 433 οὐκ
683 391 928 435 ἐνεδίδοσαν.
1000 393 1035 434 εἰ
1061 390 1104 434 δ’
1128 387 1224 445 οὗν,
1263 392 1368 435 ἀλλὰ
1387 394 1652 450 παραβασίαν

194 466 280 510 τοῖς
307 459 500 514 κειμένοις
532 457 831 516 ἐφεδρεύουσαν
855 461 923 503 καὶ
955 459 1127 503 ὄλισθον
1153 461 1343 504 ἐντεῦθεν
1377 460 1654 517 ἀνηρτημένον

196 527 251 578 ὥς
271 527 650 584 εῗκός’διεγίνωσκον
662 560 676 581 ,
715 530 782 570 καὶ
802 526 865 571 ὅτι
885 526 1013 586 πόρον
1038 531 1141 583 ζωῆς
1169 528 1390 586 ἀναγκαίας
1406 537 1492 579 τοῖς
1513 534 1686 588 κληρι-ἴι

194 603 281 647 κοῖς
307 595 622 639 ἀποκεκλεῖσθαι
655 597 878 651 ξυμβαίνει.
947 599 1015 640 καὶ
1042 595 1166 640 πόλλ’
1188 597 1295 642 ἅττα
1322 602 1495 642 τοιαῦτα
1516 598 1656 655 λέγον-

196 682 260 716 τες
280 671 366 715 τοῖς
385 664 606 721 ἀπεροῦσιν
625 666 680 715 εἷς
699 665 815 716 τέλος
834 662 1023 724 ἐῴκεσαν.
1087 666 1184 709 ἀλλ’
1207 666 1282 710 οὐκ
1299 666 1438 723 ἤνυον.
1505 667 1568 711 διὸ
1588 668 1656 712 καὶ

195 732 322 790 νεαρὰ
338 733 547 790 προβαίνει
565 735 817 788 νομοθεσία,
854 736 921 777 καὶ
943 734 1012 778 ἐπ’
1033 733 1175 786 αὐτοῖς
1196 733 1418 791 μόνονούκ
1436 735 1657 793 ἀκριβολο-

197 801 402 858 γουμένων
421 808 561 858 κηροῖς
574 835 587 855 ,
617 799 763 845 ὁπόσοι
786 804 853 845 καὶ
876 800 953 846 οἷοι
971 804 1159 847 ἐσοῦνται
1170 837 1183 857 ,
1222 802 1284 855 οἷς
1302 803 1497 860 ἡμμένοις
1523 805 1588 847 ἐπὶ
1603 809 1656 863 τῇ

145 881 176 915 c
200 874 338 927 τελετῇ
364 874 439 926 τῆς
455 871 710 927 χειροτονίας
720 869 937 928 χρήσαιντ’
959 870 1010 916 ἂν
1029 873 1068 916 οἷ
1090 877 1174 916 τῶν
1192 871 1408 930 παρόντων
1437 873 1656 931 ἶερωμένοι.
1669 884 1713 919 10

196 938 256 994 ἣν
286 939 338 993 δὴ
373 939 522 996 νεαρὰν
556 936 877 995 ὑποσημαίνεται
912 940 987 995 μὲν
1027 939 1281 999 πατριάρχης
1309 940 1660 998 ὖποσημαίνονται

200 1006 246 1050 δ’
270 1003 474 1064 ἱεράρχαι,
510 1009 578 1049 καὶ
602 1005 752 1058 πάντες
780 1009 885 1064 πλὴν
911 1011 1025 1053 δυοῖν
1035 1042 1050 1063 ‚
1094 1015 1169 1054 τοῦ
1200 1028 1244 1054 τε
1272 1009 1466 1067 Σμύρνης
1495 1012 1658 1055 καὶτοῦ

195 1072 446 1133 Περγάμου,
482 1074 741 1131 συγκάταινοι
771 1078 963 1133 γίνονται.
1032 1078 1138 1133 πλὴν
1162 1078 1210 1122 τὸ
1241 1083 1323 1122 πᾶν
1352 1083 1426 1135 τῆς
1449 1079 1660 1137 ἀκερδείας

198 1143 272 1187 οὒκ
302 1145 366 1187 ἐπὶ
395 1151 482 1194 τοΐς
509 1142 799 1200 ὖπογροῖψασιν
836 1145 931 1189 ἀλλ’
966 1147 1030 1189 ἐπὶ
1060 1152 1147 1197 τοῖς
1171 1151 1375 1204 κληρικοῖς
1408 1149 1565 1202 πίπτει,
1603 1146 1660 1199 ὥς

197 1212 348 1263 ἄλλους
365 1214 439 1268 μὲν
470 1213 760 1269 ἐμπεδωθῆναι
785 1221 876 1265 ταῖς
906 1212 1135 1271 ὁμολογίαις
1142 1247 1157 1269 ,
1196 1215 1347 1266 ἄλλους
1377 1217 1508 1260 δὲκαὶ
1535 1216 1658 1262 ἅκον-
1671 1225 1713 1261 15

197 1297 274 1332 τας
293 1281 369 1332 τὰς
387 1282 545 1325 ἐκείνων
563 1280 781 1338 ὁμολογίας
799 1282 1078 1341 ἀποπληροῦν.

58 1357 84 1389 Ρ
111 1358 174 1394 137
338 1349 384 1397 4.
450 1349 572 1393 Ἀλλὰ
602 1348 756 1408 φθάνει
785 1353 854 1394 καὶ
882 1350 904 1395 ὅ
928 1352 971 1395 ἐν
998 1350 1112 1395 δύσει
1142 1349 1383 1408 δεσπότηςὸ
1411 1352 1454 1404 ἐξ
1468 1352 1659 1410 Ἀγγέλων

198 1416 438 1478 Νικηφόρος
465 1423 701 1475 τελευτῆσαι
730 1419 802 1463 τὸν
830 1420 946 1475 βίον,
985 1421 1050 1464 ἐπὶ
1080 1423 1198 1479 δυσὶν
1222 1419 1473 1473 ὖπεξουσίοις
1490 1416 1673 1477 τέκνοις-ς

291 1562 324 1596 4.
349 1558 609 1608 οἶνηρτημένων
631 1562 672 1597 Ρ,

199 1685 403 1721 intolerandi
426 1686 602 1732 cooperari
624 1690 799 1733 promptos
830 1688 1061 1725 ostenderunt.
1108 1689 1160 1725 his
1187 1689 1307 1736 paucis
1338 1690 1510 1736 exceptis,
1540 1693 1661 1726 contra

198 1735 369 1767 steterunt
389 1732 505 1778 plures
527 1733 668 1776 caeteri,
690 1745 809 1779 magno
831 1746 993 1770 consensu
1015 1740 1267 1782 propugnantes
1287 1736 1496 1782 permissam,
1517 1741 1557 1771 ut
1579 1749 1661 1772 oon-

198 1778 396 1820 tendebant‚
418 1778 524 1813 sacris
547 1779 678 1823 legibus
702 1783 738 1813 et
758 1780 858 1825 plane
880 1781 1048 1816 innoxiam
1071 1782 1345 1817 consuetudinem
1368 1782 1551 1830 antiquam.
1583 1784 1662 1818 iura

198 1835 275 1858 esse
296 1824 354 1859 illa
377 1828 495 1859 vetera
517 1827 553 1859 et
573 1826 714 1870 provide
736 1830 883 1862 statutas
909 1829 962 1862 abv
975 1828 1051 1874 ipsa
1074 1828 1218 1863 ecclesia
1239 1828 1412 1863 mercedes
1435 1829 1662 1863 sustentandis

198 1870 232 1903 in
255 1870 354 1904 varia
375 1870 548 1905 functione
570 1882 742 1906 sacrorum
770 1873 894 1907 rituum
918 1874 1081 1910 ecclesiae
1104 1873 1288 1918 ministris3
1321 1875 1442 1920 quibus
1474 1874 1523 1908 illi
1555 1874 1662 1910 desti-

200 1915 267 1950 tuti
291 1916 488 1961 quotidiano
512 1922 666 1952 carerent
687 1918 800 1963 victu,
834 1931 897 1954 nec
918 1925 1059 1965 possent
1082 1921 1125 1954 de
1148 1925 1284 1955 caetero
1307 1932 1433 1955 vacare
1453 1920 1568 1955 divino
1592 1920 1663 1955 cul-

199 1961 252 1995 tui
276 1967 312 1996 et
334 1962 611 1997 administrationi
632 1969 916 2000 sacramentorum
929 1993 939 2010 ,
966 1966 1146 2012 splendore
1167 1978 1315 2011 congruo
1338 1971 1374 2001 et
1395 1966 1596 2001 assiduitate
1618 1966 1664 2002 ad

198 2007 399 2052 populorum
429 2008 608 2044 utilitatem
638 2012 850 2054 necessaria,
886 2013 1109 2047 celebrandis.
1168 2024 1274 2058 quare
1304 2013 1490 2058 periculum
1522 2014 1664 2047 subesse

199 2052 374 2097 speciosae
396 2054 456 2088 isti
474 2055 703 2090 reformationi
722 2058 916 2103 propositae
939 2059 1133 2104 gravissimi
1149 2058 1298 2093 scandali
1315 2062 1351 2092 et
1372 2070 1480 2104 paene
1497 2059 1664 2094 defectio-

199 2098 254 2132 nis
278 2099 321 2133 ab
345 2099 437 2134 avita
459 2100 642 2145 religione,
666 2114 729 2147 per
751 2103 840 2138 haud
862 2105 963 2139 dubie
984 2110 1179 2140 secuturam
1201 2105 1281 2139 inde
1303 2116 1476 2139 sacrorum
1497 2104 1663 2139 cessatio—

200 2155 289 2186 nem,
311 2144 345 2178 in
368 2145 543 2181 ecclesiam
566 2148 757 2183 invehendi,
804 2150 889 2185 haec
919 2156 956 2185 et
989 2152 1096 2186 multa
1127 2151 1210 2185 talia
1231 2151 1458 2197 nequidquam
1479 2150 1554 2184 istis
1577 2150 1662 2184 ulle-

199 2190 369 2234 gantibus‚
386 2202 427 2225 ac
442 2202 479 2225 se
502 2193 703 2237 perstituros
728 2194 772 2229 ad
794 2199 978 2232 extremum
1001 2198 1035 2232 in
1052 2197 1222 2232 sententia
1243 2196 1518 2238 monstrantibus,
1535 2195 1662 2230 institit

199 2235 410 2270 nihilominus
433 2237 605 2282 Augustus
634 2252 701 2286 qua
732 2248 911 2286 coeperat3
943 2248 979 2279 et
1009 2244 1075 2278 rite
1106 2243 1286 2278 Novellam
1316 2241 1561 2288 promulgavit,
1590 2252 1660 2286 qua

200 2292 320 2316 severe
340 2283 512 2327 prohibuit
534 2296 661 2320 omnem
678 2287 811 2322 omnino
831 2289 1043 2334 largitionem
1066 2290 1242 2324 occasione
1263 2287 1508 2323 ordinationum
1529 2286 1661 2321 facien-

200 2327 298 2369 dam,
330 2327 374 2362 ad
403 2328 621 2366 minutissima
653 2344 694 2366 ac
714 2337 847 2367 tantum
870 2347 936 2370 non
957 2337 1000 2370 ad
1025 2347 1143 2371 cereos
1163 2333 1457 2381 quantulicumque
1490 2333 1661 2377 ponderis,

199 2372 324 2418 quibus
346 2373 399 2407 uti
421 2376 614 2411 sacerdotes
635 2379 904 2415 ordinationibus
927 2382 1124 2416 assistentes
1148 2384 1408 2420 consueverant,
1439 2378 1660 2413 descendens.

198 2418 278 2452 huic
300 2418 468 2454 Novellae
498 2423 701 2469 subscripsit
730 2426 939 2470 patriarcha,
971 2427 1242 2472 subscripserunt
1273 2430 1309 2460 et
1341 2425 1493 2470 episcopi
1523 2425 1662 2459 tandem

198 2475 333 2507 omnes,
366 2471 504 2510 praeter
535 2467 619 2503 duos
649 2470 886 2514 Smyrnensem
919 2477 954 2506 et
985 2474 1238 2517 Pergamenum.
1302 2475 1472 2505 caeterum
1503 2470 1662 2504 damnum

197 2509 394 2545 universum
424 2523 446 2546 a
475 2513 762 2560 subscriptoribus
785 2516 818 2550 in
842 2517 985 2552 clericos
1007 2517 1151 2559 recidit,
1185 2516 1283 2552 statis
1305 2517 1469 2551 hactenus
1492 2515 1662 2560 pensioni-

198 2556 263 2590 bus
286 2556 351 2591 hac
373 2569 461 2592 nova
483 2561 754 2606 praescriptione
784 2562 945 2608 deinceps
974 2564 1167 2605 fraudatos,
1197 2563 1282 2597 adeo
1306 2565 1344 2596 ut
1367 2562 1423 2596 alii
1445 2562 1580 2607 quidem
1603 2573 1662 2596 as-

201 2612 335 2636 sensum
356 2603 392 2637 in
412 2603 521 2649 legem
545 2617 663 2641 novam
687 2609 932 2654 subscriptione
952 2620 1048 2644 suum
1070 2607 1191 2643 testati
1213 2609 1291 2650 sint,
1314 2608 1412 2651 alios,
1434 2619 1574 2652 quorum
1596 2619 1661 2642 nec

199 2647 402 2693 impetratus
430 2661 494 2684 nec
529 2653 709 2697 requisitus
742 2665 899 2690 assensus
935 2658 1007 2698 est,
1041 2658 1149 2689 totum
1178 2654 1373 2689 incumbens
1395 2654 1482 2698 legis
1514 2653 1660 2699 pondus,

201 2695 413 2738 quantumvis
435 2695 558 2731 invitos
583 2703 619 2732 et
639 2705 813 2742 gementes
834 2701 1009 2742 inutiliter,
1034 2700 1200 2745 gravarit.

290 2740 323 2774 4.
371 2741 457 2776 Ante
479 2742 543 2776 hoc
565 2746 697 2789 tempus
721 2747 909 2790 contigerat
935 2747 971 2782 in
993 2746 1154 2782 Occiduis
1175 2745 1342 2781 tractibus
1364 2745 1475 2780 obitus
1499 2745 1661 2790 despotae

199 2783 406 2832 Nicephori‚
441 2799 484 2823 ex
517 2789 643 2824 familia
665 2790 719 2824 cui
742 2792 786 2826 ab
810 2793 949 2839 Angelis
971 2804 1090 2829 nomen
1103 2819 1115 2839 ,
1149 2792 1271 2828 dudum
1293 2792 1362 2828 illic
1384 2791 1583 2827 dominante.
1629 2790 1660 2825 is
