1858 3126
325 129 422 176 578
744 128 898 171 GEOR
903 126 981 171 GII
1013 127 1362 172 PACHYMERIS

276 255 308 290 ι)
461 242 507 289 6.
581 241 634 284 Οἱ
655 241 700 284 δέ
712 237 999 298 Ἀμογάβαροι,
1035 238 1090 290 ὥς
1108 237 1300 290 πολλάκις
1314 239 1394 295 ἤδη
1411 242 1666 297 προείπομεν,
1701 239 1768 282 ἕκ-

324 310 490 360 &favae
517 314 727 364 πανταχοῦ
762 312 827 351 καὶ
858 310 908 352 τὰ
936 309 1046 352 δεινὰ
1070 309 1293 361 Ῥωμαίους
1321 308 1524 362 τιθέμενοι
1553 309 1768 364 περικαθί-

325 381 436 430 ζουσι
455 375 652 435 φρούριον
671 379 758 434 περὶ
778 378 849 420 τὸν
873 377 992 433 Σιγὸν
1014 374 1220 432 ποταμόν,
1254 373 1460 419 Μάδυτον
1486 376 1683 432 ἔγχωρίως
1702 380 1769 419 λε-

188 464 215 498 p
237 461 304 497 404
325 444 507 502 γόμενον.
574 445 721 503 ὀχυρὸν
744 447 788 489 δὲ
816 445 884 498 ὅν,
915 444 969 495 ὦς
998 443 1123 496 εἰκός,
1157 444 1206 487 οὐ
1236 443 1419 487 δυνατὸν,
1439 439 1490 498 ἦν
1509 443 1649 493 αὐτοῖς
1667 460 1770 499 κρα-

326 518 521 569 τηθῆναι.
565 511 844 571 πολιορκήσας
865 515 910 556 δὲ
926 513 1034 556 καθ’
1058 511 1231 568 ἑκάστην
1259 516 1466 562 ποιοῦντες
1484 513 1550 554 καὶ
1568 508 1800 566 μηχανάς,5

323 582 377 625 τὰ
396 580 528 625 πάντα
548 580 705 636 μάταια
730 583 998 638 διεφαίνοντο.
1068 582 1148 624 ἐπεὶ
1179 582 1224 624 δὲ
1242 581 1300 635 μὴ
1325 579 1480 624 ἀνυστὰ
1504 586 1590 629 τοῖς
1603 578 1772 628 Ἰταλοῖς

324 646 400 706 ἦν,
438 654 542 708 λιμῷ
572 650 618 693 τὸ
647 648 842 707 φρούριον
868 649 1046 706 ἔγνωσαν
1072 653 1309 705 πολιορκεῖν.
1376 646 1525 704 χρόνου
1554 650 1770 703 τοιγαροῦν

324 718 565 775 τριβομένου
585 716 606 761 ὃ
629 719 746 771 λιμὸς
767 718 880 768 ἐντὸς
895 722 1097 774 κραταιῶς
1118 716 1329 772 ἐπήρχετο,
1355 715 1459 760 ὥστε
1479 717 1645 759 καὶτῶν
1663 714 1770 769 ἀπη-

324 787 573 843 γορευμένων
602 786 699 836 τοὺς
729 788 915 836 ἐποίκους
943 785 1139 840 ἅψασθαι
1157 784 1290 842 λόγος.
1356 785 1471 834 τέλος
1500 788 1597 840 γοῦν
1619 782 1771 842 ἀπορίᾳ

323 854 589 909 avale-9231&
609 854 681 910 ἐφ’
701 852 934 911 ὁμολογίαις
966 859 1039 897 τοῦ
1060 852 1117 908 μή
1139 870 1250 904 τινας
1274 852 1354 909 ἤδη
1383 855 1659 910 φονευθῆναι,
1694 850 1771 892 ιῖλ-
1783 859 1826 892 10

273 946 303 979 B
329 927 409 972 λως
432 923 476 964 δὲ
495 921 550 972 ὥς
579 923 739 972 ἐκείνοις
767 922 937 978 ἀρεστὸν
960 920 1225 977 χρήσασθαι,
1259 922 1306 965 τὸ
1322 918 1518 979 φρούριον
1545 919 1625 975 ἤδη
1645 918 1772 975 παρέ-

321 1007 478 1045 χουσιν.
545 989 798 1041 ἐσελθόντες
829 987 901 1033 οὖν
929 990 1114 1040 ἅπαντας
1139 991 1361 1042 ἓξοίκισαν,
1407 989 1554 1037 ἄλλους
1589 987 1770 1041 ἀλλαχοῦ

326 1060 641 1115 διασπείραντες.
714 1058 830 1101 αὐτοὶ
851 1060 895 1102 δὲ
915 1057 970 1108 ὥς
988 1057 1224 1116 ὁρμητηρίῳ
1245 1056 1376 1116 τούτῳ
1392 1054 1590 1114 χρώμενοι
1610 1055 1771 1107 ἐξέθεον

325 1131 535 1181 πανταχοῦ
556 1131 629 1181 τῆς
649 1125 837 1186 Θρᾴκης,
875 1127 928 1169 τὰ
951 1125 1140 1169 πάνδεινα
1161 1124 1427 1182 ἐργαζόμενοι.

468 1196 516 1240 7.
576 1193 626 1237 ‘O
645 1196 689 1244 δὲ
712 1195 1009 1251 Μπυριγέριος,
1048 1193 1103 1245 ὥς
1122 1194 1202 1250 ἤδη
1224 1195 1479 1249 προείπομεν,
1515 1195 1555 1234 Γ
1551 1193 1821 1240 εννου·ἰ·ταις15

325 1264 545 1318 κρατηθεὶς
563 1264 628 1305 καὶ
653 1265 710 1312 εἷς
730 1265 1020 1319 Τραπεζοῦντα
1039 1262 1232 1317 ἀναχθεὶς
1251 1261 1305 1312 ὥς
1323 1259 1580 1316 αίχμάλωτος
1591 1291 1605 1312 ,
1636 1258 1772 1302 ἔπειτα

324 1330 445 1373 πάλιν
470 1333 690 1385 καταχθεὶς
720 1331 814 1385 μετ’
851 1331 1010 1383 αὐτῶν,
1055 1333 1121 1374 καὶ
1163 1328 1236 1373 δύο
1276 1334 1409 1385 μῆνας
1445 1325 1772 1385 προσμεινάντων

322 1397 518 1454 τριήρεων
541 1397 614 1442 δύο
630 1400 926 1456 μισθοφορίαις
942 1403 1016 1442 τοῦ
1037 1399 1238 1452 βασιλέως
1257 1399 1318 1441 ἐπὶ
1337 1398 1383 1441 τὸ
1406 1396 1546 1440 στενὸν
1564 1398 1772 1439 Καλλιου-

323 1465 501 1517 πόλεως,
539 1469 796 1520 τελεσθείσης
817 1468 861 1510 δὲ
885 1472 959 1521 τῆς
977 1471 1059 1510 τῶν
1081 1465 1156 1510 δύο
1183 1471 1323 1522 μηνῶν
1340 1466 1596 1521 προθεσμίας
1620 1460 1772 1519 ἀπᾶγε-

324 1550 393 1577 ται
413 1533 508 1588 μετ’
528 1534 663 1576 αὐτῶν
682 1535 782 1589 πρὸς
802 1535 877 1589 τὴν
898 1538 938 1577 Γ
935 1535 1113 1578 ε’ννουαν.
1180 1539 1261 1577 τῶν
1281 1535 1325 1577 δὲ
1353 1530 1598 1576 Κατελοῖνων
1624 1529 1827 1589 πρόῃ-20

325 1619 397 1658 ρον
416 1599 610 1659 τριήρεων
627 1600 964 1659 πρεσβευσάντων
981 1604 1070 1659 περὶ
1089 1599 1237 1645 τούτου
1250 1635 1263 1654 ,
1302 1601 1419 1644 οὐδὲν
1439 1600 1606 1655 ἤνυσαν.

281 1225 311 1260 C

418 1710 452 1744 6.
498 1711 542 1744 At
570 1709 792 1753 Amogabari,
823 1714 862 1744 ut
892 1710 1034 1756 saepius
1056 1710 1122 1745 iam
1164 1714 1266 1745 antea
1297 1708 1440 1744 diximus
1458 1733 1469 1752 ,
1501 1718 1771 1754 quoquoversum

326 1758 544 1791 excurrentes
581 1760 618 1789 et
647 1755 815 1790 Romanos
846 1756 923 1790 dire
954 1762 1135 1798 vexantes,
1179 1755 1349 1790 obsidione
1378 1755 1515 1798 cingunt
1543 1765 1655 1789 arcem
1685 1753 1770 1798 Siga

325 1800 415 1836 amni
447 1800 607 1842 edestam,
637 1801 736 1845 vulgo
770 1801 944 1847 Madytum
976 1808 1139 1836 vocatam.
1185 1813 1298 1835 verum
1330 1802 1415 1835 haec
1433 1800 1522 1835 ⁴adeo
1545 1800 1674 1834 munita
1695 1801 1771 1834 erat

325 1852 365 1881 ut
387 1847 515 1881 frustra
547 1846 652 1880 omnis
683 1850 774 1880 esset
796 1848 1056 1893 oppugnantium
1081 1848 1196 1888 labor,
1220 1851 1399 1893 utcumque
1420 1846 1468 1880 illi
1489 1844 1693 1892 quotidianis
1714 1855 1771 1879 as-

325 1892 490 1935 sultibus,
514 1892 670 1927 machinis
693 1893 772 1937 quin
795 1893 896 1927 etiam
922 1893 1104 1934 adhibitis,
1137 1893 1218 1927 nibil
1241 1893 1434 1927 omitterent
1455 1892 1545 1938 quod
1567 1891 1600 1925 ei
1622 1890 1655 1925 vi
1677 1890 1771 1925 subi-

324 1938 457 1983 gendae
488 1942 605 1983 posset
630 1938 714 1971 utile
743 1937 861 1973 videri.
907 1950 1013 1984 quere
1034 1939 1167 1973 tandem
1191 1939 1432 1981 decreverunt,
1465 1948 1552 1983 quos
1577 1946 1772 1981 expugnare

324 1983 426 2018 armis
459 1983 658 2028 nequirent,
690 1984 778 2018 fame
799 1984 979 2018 debellare.
1025 1985 1093 2018 diu.
1114 1996 1195 2028 ergo
1227 1983 1519 2025 circumsidentes,
1553 1982 1643 2017 omni
1674 1981 1771 2016 adim

325 2029 563 2063 commeatibus
586 2030 726 2073 obsepto
739 2055 750 2070 ,
777 2041 817 2064 eo
830 2030 991 2075 penuriae
1007 2031 1223 2073 Madytenses
1245 2031 1450 2075 redegerunt
1471 2028 1589 2064 utiam
1611 2038 1668 2062 res
1685 2038 1772 2072 quo-

324 2085 391 2119 que
413 2075 530 2108 foedas
554 2078 590 2108 et
618 2082 759 2109 naturae
786 2076 948 2110 humanae
977 2076 1165 2118 fastiditas,
1199 2082 1329 2110 vertere
1357 2075 1391 2109 in
1422 2075 1532 2109 cibum
1565 2073 1770 2108 dicerentur.

325 2130 487 2164 processu
509 2120 671 2164 temporis
694 2132 767 2154 cum
792 2127 965 2155 crescente
988 2122 1188 2156 necessitate
1208 2133 1287 2167 spes
1309 2120 1450 2155 subsidii
1471 2120 1650 2160 deficeret,
1671 2117 1771 2152 dedi-

325 2164 448 2198 derunt
469 2176 506 2198 se
529 2166 677 2206 obsessi,
710 2166 813 2201 solam
836 2168 925 2202 vitae
947 2167 1204 2202 incolumitatem
1228 2166 1340 2212 pacti,
1372 2166 1516 2201 caeteris
1537 2163 1686 2200 omnibus
1705 2163 1770 2196 ob-

325 2209 501 2243 sidentium
524 2211 665 2245 arbitrio
690 2212 868 2256 permissis.
915 2213 963 2247 sic
986 2213 1127 2255 Madyto
1151 2211 1353 2256 Amogabari
1376 2211 1492 2258 potiti,
1513 2213 1679 2256 quotquot
1698 2207 1769 2242 illic

324 2265 502 2299 reperere,
525 2256 617 2289 foras
640 2257 821 2300 eiecerunt,
845 2258 929 2292 alios
951 2259 1015 2292 alio
1038 2259 1281 2303 dispergentes.
1327 2257 1370 2291 de
1391 2261 1525 2291 caetero
1548 2265 1590 2288 ex
1611 2264 1691 2288 erce
1710 2253 1770 2288 ina

323 2299 433 2334 valido
455 2311 589 2334 suorum
612 2300 741 2336 insessa
764 2304 931 2348 praesidio
953 2309 1186 2349 erumpentes,
1209 2315 1282 2338 cum
1305 2302 1414 2337 securi
1435 2299 1560 2335 fiducie
1581 2310 1768 2344 regressus,

324 2355 454 2380 omnem
477 2345 546 2379 late
569 2347 752 2381 Thraciam
775 2348 918 2382 assiduis
942 2355 977 2383 et
997 2350 1107 2382 saevis
1129 2348 1373 2382 incursionibus
1395 2346 1585 2380 vastabant,

414 2391 447 2425 7.
498 2391 727 2435 Mpyrigerius
749 2399 880 2435 autem,
910 2397 947 2427 ut
969 2394 1124 2439 superius
1146 2393 1308 2434 diximus,
1348 2403 1370 2426 a
1391 2391 1626 2425 Genuensibus
1648 2393 1768 2436 captus

323 2437 360 2470 et
380 2435 629 2480 Trapezuntem
653 2437 782 2471 delatus
809 2439 844 2471 in
867 2438 1028 2479 vinculis,
1061 2450 1176 2472 rursus
1198 2438 1277 2471 inde
1301 2436 1443 2471 reversis
1465 2447 1553 2481 quae
1574 2435 1665 2470 illum
1687 2446 1768 2481 por-

322 2481 441 2515 tabant
463 2481 603 2514 navibus
626 2482 771 2525 relatus,
796 2494 857 2527 per
879 2484 962 2517 duos
984 2495 1113 2517 menses
1142 2483 1176 2517 in
1207 2484 1296 2516 freto
1320 2481 1493 2526 Callipolis
1516 2481 1682 2527 perstitit,
1707 2480 1767 2516 ubi

321 2525 474 2562 mercede
497 2526 691 2560 conductam
715 2528 757 2560 ab
786 2527 988 2571 imperatore
1021 2539 1123 2562 naves
1156 2529 1243 2562 duae
1275 2529 1474 2561 Genuenses
1503 2527 1682 2562 stationem
1703 2527 1767 2561 bn-

320 2572 476 2607 buerunt.
520 2571 576 2605 illo
599 2572 686 2616 quod
712 2572 910 2616 pepigerant
936 2573 1046 2617 spatio
1069 2577 1262 2614 transacto,
1296 2572 1403 2606 teneri
1434 2584 1498 2607 non
1521 2578 1662 2618 potuere
1684 2572 1765 2618 quin

320 2616 473 2659 abirent,
495 2627 612 2651 versus
635 2618 788 2651 Genuam
811 2617 994 2661 dirigentes
1017 2629 1169 2659 cursum,
1204 2622 1239 2652 et
1260 2617 1339 2652 illuc
1363 2618 1563 2664 perinvitum
1586 2618 1766 2664 Mpyrige-

318 2661 403 2696 rium
430 2662 590 2696 ducentes
608 2688 618 2702 ‚
658 2663 828 2697 Catelanis
862 2663 1104 2708 necquidquam
1147 2663 1278 2698 conatis
1319 2664 1502 2709 impetrare
1532 2663 1764 2699 liberationem

316 2707 401 2742 eius.
446 2719 521 2742 nam
543 2707 656 2742 borum
679 2708 722 2743 ad
747 2708 781 2743 id
813 2707 934 2744 missae
951 2708 1136 2754 legationes
1158 2710 1203 2745 ad
1232 2710 1419 2745 navarchus
1442 2712 1640 2746 Genuenses
1662 2710 1762 2756 plane

315 2763 472 2790 successu
493 2764 644 2790 caruere.
