1820 3112
258 150 363 199 274
689 147 927 193 GEORGII
959 147 1315 194 PACHYMERIS

266 265 396 323 ἀρχῆς
423 262 620 318 ἀσχολίαν
648 261 753 319 πρὸς
781 262 932 306 ἐκεῖνον
962 261 1072 321 ἠφίει
1084 295 1097 314 ,
1132 268 1220 314 τοῖς
1239 263 1378 307 παισὶν
1398 261 1549 308 ἑαυτοῦ
1569 263 1644 321 τὴν
1664 264 1743 323 ἀρ..

265 335 341 391 χὴν
370 330 609 391 φυλάξοντα
639 330 743 386 μετὰ
775 329 978 374 θάνατον.
1058 329 1163 375 ὥστε
1193 333 1261 375 καὶ
1290 331 1359 375 διὰ
1381 336 1516 377 ταῦτα
1539 335 1743 386 παντοίως

216 418 248 453 D
270 403 427 459 ὖπῆκτο
449 405 508 460 τῷ
529 403 604 444 τοῦ
624 399 828 456 βασιλέως
853 397 1085 455 θελήματι,
1121 401 1189 443 καὶ
1217 399 1504 459 προσελιπάρει
1534 403 1654 460 φίλος
1673 420 1740 460 γε-

264 471 414 516 νέσθαι
441 471 509 513 καὶ
540 467 746 526 συγγενής.
826 470 899 513 τὸν
942 468 991 512 δέ
1013 485 1055 525 γε
1083 471 1341 526 Κοτανίτζην
1370 472 1439 514 καὶ
1469 470 1562 515 λίαν
1601 476 1739 515 καθυ-

262 547 469 596 πισχνεΐτο,
487 535 786 597 παραδιδόναι·
814 538 887 582 τὸν
906 537 985 595 γὰρ
1004 543 1184 594 γαμετῆς
1203 538 1440 596 προϊέμενον
1460 538 1536 583 οὔκ
1555 539 1661 591 εῗκὸς
1681 539 1771 588 εἶ-5

261 629 330 654 ναι
355 608 574 665 ἀλλοτρίου
606 608 839 665 φείδεσθαι.
907 605 1071 658 τούτοις
1090 605 1304 652 κατανεύει
1328 610 1396 651 καὶ
1416 606 1635 663 βασιλεύς,
1671 611 1740 655 καὶ

261 679 342 736 ἤδη
362 678 438 734 τὴν
460 677 641 735 ἀδελφὴν
662 677 869 727 παντοίως
882 673 1115 733 ὖπέρχεται,
1145 674 1318 732 νόμιμόν
1339 694 1383 721 τε
1402 677 1451 721 τὸ
1469 674 1740 734 συνάλλαγμα

260 744 576 803 βεβαιούμενος·
611 743 638 802 ἦ
659 745 737 803 γὰρ
757 744 930 802 νόμιμος
949 743 1170 802 ἐτεθνήκει,
1207 745 1233 802 ἢ
1257 746 1307 802 δὴ
1328 753 1419 797 ταῖς
1436 746 1511 803 μὲν
1529 744 1739 798 ἐπιούσαις

262 821 461 875 περιοῦσα
493 814 552 859 ἔτι
579 814 626 858 τὸ
654 812 786 859 νόθον
819 812 1021 872 εῗργάζετο
1051 816 1120 858 καὶ
1152 813 1422 873 παράνομον,
1456 819 1510 873 τῇ
1528 816 1574 859 δὲ
1592 817 1738 874 ἐφεξῆς

263 886 399 930 ἔκτοτε
437 881 740 940 τελευτήσαντα
777 882 952 939 νόμιμον
985 884 1130 928 δίδωσι
1164 886 1233 927 καὶ
1269 883 1383 936 ι’ίξιον
1419 883 1588 943 προσέτι
1626 884 1793 945 &EQ-10

211 961 244 996 E
268 954 375 999 ἀλλὰ
405 955 474 998 καὶ
499 951 620 996 πόλλ’
655 952 762 996 ἅττα
791 952 917 1010 λέγων
955 953 1030 997 οὐκ
1069 952 1255 997 ἔπειθεν
1301 950 1503 1009 ἠβούλετο
1529 951 1637 1011 γάρ,
1679 951 1737 1005 ὦς

263 1021 403 1084 ἐῴκει,
442 1022 570 1078 ἐκείνη
590 1026 649 1082 τῷ
672 1021 791 1078 ἀνδρὶ
813 1018 1035 1080 φυλάττειν
1056 1021 1133 1072 τὰς
1155 1023 1309 1073 πίστεις
1335 1024 1404 1066 καὶ
1433 1020 1735 1079 τελευτήσαντι,

262 1094 330 1137 καὶ
352 1092 411 1148 μὴ
435 1090 498 1135 ὅτι
521 1108 565 1148 γε
590 1088 722 1149 κράλῃ
743 1091 920 1149 Σερβίας
930 1124 945 1145 ,
982 1090 1079 1134 ἀλλ’
1101 1090 1198 1134 οὐδὲ
1224 1093 1293 1134 καὶ
1310 1088 1459 1135 τούτου
1489 1095 1629 1151 πολλῷ
1643 1092 1735 1146 μείη-

260 1164 344 1215 ζονι
363 1163 418 1212 εἷς
440 1161 556 1216 λέχος
578 1157 768 1218 δεύτερον
786 1159 978 1205 συνιέναι.
1049 1159 1124 1210 τὰς
1144 1160 1189 1203 δὲ
1211 1164 1286 1203 τοῦ
1305 1160 1507 1215 βασιλέως
1524 1157 1734 1218 θεραπεύ-

261 1247 345 1282 σεις
374 1229 519 1280 ἱκανὰς
543 1229 618 1284 μὲν
647 1228 799 1288 ἔκρινεν
831 1228 967 1281 ἄλλως
993 1229 1062 1273 καὶ
1090 1226 1272 1279 πιθανός
1281 1261 1297 1283 ,
1343 1227 1450 1289 ἄλλῃ
1479 1229 1528 1274 δέ
1549 1228 1595 1287 y'
1618 1229 1731 1284 ἴσως,
1744 1236 1788 1278 15

354 1352 409 1388 10.
432 1347 706 1397 τελευτήσασαῖ

258 1477 392 1513 cuidam
423 1479 591 1523 paternae
621 1475 760 1511 ditionis
791 1479 914 1522 pacate
942 1475 1162 1523 imperitans:
1194 1479 1368 1513 caeterum
1391 1475 1561 1523 legitimos
1582 1474 1732 1512 educans

256 1525 403 1565 liberos,
438 1523 560 1568 quibus
586 1527 693 1557 totam
716 1522 793 1557 olim
817 1534 989 1558 cessuram
1019 1523 1177 1558 Serbiam
1206 1524 1420 1567 confidebat,
1453 1523 1555 1565 filiis,
1585 1521 1615 1558 si
1644 1532 1732 1568 quos

256 1571 369 1604 frater
393 1569 465 1603 eius
488 1581 508 1603 e
532 1580 599 1602 non
621 1568 730 1609 iustis,
754 1568 877 1614 quibus
900 1572 977 1604 erat
997 1568 1192 1615 implicitus,
1207 1570 1332 1615 nuptiis
1354 1569 1524 1615 gigneret,
1541 1568 1630 1603 haud
1653 1569 1729 1604 iure

256 1615 414 1650 valituris
444 1615 488 1649 ob
519 1614 682 1648 natalium
711 1614 882 1649 defectum
903 1620 1070 1660 paternae
1095 1616 1280 1650 succedere
1310 1615 1485 1661 potestati.
1531 1614 1597 1649 hoc
1618 1614 1730 1649 crales

256 1665 421 1707 reputans
452 1659 640 1706 pretiosam
664 1659 783 1694 offerri
805 1660 871 1695 sibi
903 1662 1047 1706 putabat
1069 1662 1280 1696 occasionem
1310 1661 1394 1696 iusti
1416 1671 1492 1696 cum
1514 1660 1731 1706 imperatoris

257 1717 419 1753 germana
448 1706 617 1751 coniugii,
652 1718 696 1740 ex
721 1717 788 1752 quo
821 1711 980 1760 speraret
1012 1707 1139 1752 prolem
1162 1712 1232 1742 tum
1254 1707 1338 1742 nihil
1361 1705 1570 1754 exceptionis
1592 1706 1730 1742 habitu-

256 1765 343 1798 ram,
366 1752 544 1799 quominus
567 1753 713 1798 patriam
735 1753 957 1787 hereditatem
979 1753 1055 1787 iure
1080 1756 1247 1795 cerneret,
1271 1757 1342 1788 tum
1365 1754 1411 1788 ad
1433 1754 1498 1788 hoc
1518 1753 1629 1806 ipsum
1651 1751 1730 1798 cpi-

255 1800 322 1835 bus
342 1799 499 1834 avunculi
519 1798 666 1843 Augusti
687 1802 806 1832 con-tra
835 1799 1032 1844 quorumvis
1055 1799 1305 1834 adversantium
1335 1799 1514 1834 obstacula
1533 1798 1727 1834 luvandam.

256 1845 338 1892 quia
362 1856 446 1879 vero
468 1856 511 1879 ea
537 1846 645 1879 solum
665 1844 851 1889 imperator
880 1844 1072 1879 conditione
1101 1845 1346 1880 matrimonium
1367 1845 1494 1880 sororis
1517 1844 1603 1879 crali
1623 1845 1728 1880 obtu-

256 1892 359 1934 lerat,
382 1890 412 1926 si
433 1891 560 1926 dedere
582 1890 650 1926 sibi
670 1890 884 1925 Cotanitzam
907 1891 1022 1935 vellet,
1043 1892 1159 1926 statim
1181 1891 1213 1926 is
1236 1892 1369 1938 prolixe
1391 1890 1530 1926 annuit:
1553 1901 1615 1925 cur
1637 1891 1726 1926 enim

255 1938 291 1971 in
313 1941 430 1972 extero
451 1937 626 1983 prodendo
647 1942 880 1978 cunctaretur,
906 1937 967 1983 qui
987 1942 1056 1972 tam
1078 1938 1179 1974 facile
1201 1938 1316 1973 uxoris
1338 1938 1412 1973 loco
1435 1936 1586 1972 habitam
1606 1936 1729 1972 mulie-

255 1994 327 2017 rem
351 1983 543 2018 abiiceret‘e
566 1994 641 2018 cum
661 1983 713 2018 sic
733 1983 838 2027 igitur
860 1983 953 2018 inter
974 1984 1098 2018 cralem
1112 1985 1368 2031 Augustumque
1389 1983 1612 2026 convenisset,
1633 1993 1727 2019 com-

255 2029 437 2064 municavit
468 2029 525 2064 hic
548 2029 720 2075 negotium
744 2029 919 2065 Eudociae
947 2030 1077 2072 sorori,
1107 2042 1381 2077 magnopereque
1411 2030 1503 2066 illam
1533 2027 1650 2064 oravit
1680 2040 1728 2065 ne

255 2078 460 2119 gravaretur
481 2080 590 2110 ratam
612 2076 739 2110 habere
761 2079 879 2110 tautae
899 2075 933 2110 in
958 2088 1132 2111 commune
1152 2076 1313 2112 utilitatis
1335 2076 1550 2112 affinitatem.
1586 2086 1630 2110 ac
1651 2074 1728 2121 pri·-

255 2132 344 2155 mum
374 2121 525 2166 impense
556 2121 685 2156 studuit
716 2122 910 2168 scrupulum
939 2121 971 2156 ei
1003 2134 1135 2157 omnem
1168 2124 1328 2161 eximere.
1372 2122 1466 2169 quod
1494 2121 1584 2157 enim
1615 2121 1727 2156 creles

254 2178 395 2201 uxorem
417 2168 544 2202 habere
564 2168 762 2212 videretur,
786 2174 880 2203 certo
902 2172 1061 2203 constare
1082 2181 1208 2205 meram
1229 2181 1304 2205 eam
1326 2180 1403 2203 esse
1424 2167 1600 2214 pellicem,
1621 2177 1726 2212 quam

256 2224 279 2247 a
304 2224 343 2246 se
364 2213 484 2258 procul
514 2214 675 2259 ablegare
697 2214 949 2260 paratissimum
981 2227 1018 2250 se
1040 2216 1161 2250 ferret.
1207 2227 1307 2251 unam
1328 2215 1434 2250 fuisse
1456 2225 1538 2248 vero
1558 2215 1569 2247 i
1595 2211 1627 2247 si
1647 2223 1724 2248 ma-

256 2258 414 2292 trimonio
438 2259 627 2295 devinctam
648 2262 789 2306 primam
812 2261 1007 2306 coniugem,
1039 2261 1136 2296 cuius
1155 2274 1245 2297 nunc
1274 2260 1405 2296 recenti
1426 2259 1521 2294 obitu
1542 2269 1565 2304 p
1579 2269 1644 2293 ane
1665 2269 1724 2293 so-

254 2303 348 2338 lutus
370 2305 458 2338 omni
479 2306 612 2340 vinculo
645 2307 791 2352 coniugii
823 2312 860 2341 et
889 2307 953 2342 iuri
985 2307 1028 2342 ad
1058 2319 1163 2343 novas
1193 2307 1331 2353 nuptias
1360 2303 1509 2342 naturali
1530 2303 1724 2350 plenissime

255 2349 458 2392 restitutus,
490 2351 563 2386 sine
584 2352 654 2386 ulla
671 2353 871 2398 ⁴cuiusquam
894 2353 1127 2396 dubitatione,
1157 2357 1363 2388 censeretur.
1408 2352 1493 2386 haec
1514 2354 1550 2384 et
1575 2350 1612 2385 in
1632 2350 1723 2386 hanc

257 2397 459 2431 sententiam
481 2398 584 2432 multa
609 2410 684 2433 cum
706 2399 858 2434 audisset
878 2399 1044 2442 Eudoda,
1059 2399 1235 2444 respondit
1256 2410 1295 2434 se
1316 2398 1417 2432 fidem
1439 2395 1498 2431 uni
1518 2395 1592 2431 viro
1616 2396 1724 2432 semel

257 2441 372 2476 datam
392 2444 590 2478 servandam
613 2445 715 2479 etiam
739 2444 845 2479 cineri
868 2450 1013 2490 putare,
1037 2452 1074 2480 et
1095 2457 1162 2480 non
1184 2445 1280 2480 modo
1304 2444 1389 2479 crali
1409 2442 1553 2478 Serbiae
1566 2467 1579 2484 ‚
1597 2442 1660 2478 sed
1683 2446 1723 2478 et

256 2487 455 2533 cuicumque
483 2489 668 2534 quamlibet
697 2490 814 2525 maiori
843 2503 886 2526 ac
917 2491 1100 2537 potentiori
1122 2490 1268 2537 principi
1288 2500 1423 2535 semper
1443 2487 1721 2534 praehabitum

256 2533 410 2568 umbram
432 2546 474 2568 ac
495 2536 686 2570 memoriam
708 2536 820 2572 mariti
841 2537 976 2579 mortui,
999 2548 1099 2582 quam
1122 2548 1232 2582 usque
1254 2537 1298 2571 ad
1319 2539 1458 2570 mortem
1480 2533 1638 2570 venerari
1659 2533 1721 2569 de-

258 2579 435 2614 crevisset.
481 2592 571 2625 quae
599 2581 782 2626 imperator
812 2582 978 2627 allegaret
1006 2583 1050 2617 de
1080 2583 1260 2618 honestate
1290 2582 1432 2618 istarum
1465 2580 1662 2627 nuptiarum
1683 2583 1721 2615 et

255 2624 365 2660 libero
387 2625 462 2660 iure
483 2627 584 2660 cralis
606 2627 651 2661 ad
674 2640 750 2670 eas,
776 2629 900 2675 probro
922 2628 1040 2675 procul
1061 2628 1150 2663 omni
1172 2640 1214 2663 ac
1242 2627 1454 2674 suspicione,
1485 2625 1719 2668 celebrandas,

255 2670 344 2705 haud
367 2676 510 2715 gravate
533 2672 688 2717 accipere
708 2686 770 2719 pro
795 2675 905 2710 veris:
937 2674 997 2710 sed
1029 2674 1112 2709 nihil
1141 2674 1225 2709 talia
1246 2673 1422 2720 pertinere
1451 2672 1496 2708 ad
1526 2683 1587 2715 se,
1616 2672 1725 2718 plene

255 2722 385 2770 certam
408 2717 584 2763 aspernari
606 2720 829 2755 conditionem
851 2731 960 2766 aeque
981 2731 1112 2756 omnem
1139 2720 1390 2767 qualiscumque
1411 2724 1490 2774 post
1510 2729 1613 2754 uuum
1636 2729 1725 2753 uon--¹

255 2763 343 2806 mgis
364 2763 466 2797 funus
487 2763 675 2809 hymenaei.
722 2766 764 2800 de
794 2767 858 2802 hoc
891 2767 980 2801 aliae
1011 2765 1181 2810 viderint,
1215 2766 1246 2801 si
1277 2778 1366 2813 quae
1398 2765 1466 2800 sibi
1489 2776 1548 2800 eor
1568 2763 1725 2802 sentient

254 2808 407 2852 alterius,
427 2814 510 2854 post
530 2820 629 2845 unam
651 2811 836 2848 extinctam
857 2813 1010 2856 taedam,
1032 2812 1156 2848 amoris
1178 2823 1300 2859 capax.
1343 2823 1407 2848 nec
1428 2809 1641 2847 dissimulare
1660 2813 1736 2852 hm,
