1820 3112
211 171 279 217 66
635 164 872 211 GEORGII
905 163 1261 207 PACHYMERIS

215 283 417 337 ὠθισμοῖς
428 276 691 336 ἀνάρπαστος
706 277 878 336 γεγονὼς
901 276 981 329 ἔξω
999 295 1079 320 που
1109 275 1185 320 τοῦ
1205 280 1344 320 κοινοῦ
1366 277 1582 334 συνεδρίου
1605 294 1690 319 πα-

217 352 427 409 ρέρριπται
444 382 457 403 ,
490 347 557 391 ὅτε
577 350 644 391 καὶ
668 346 689 390 ὃ
721 347 946 403 Λαρίσσης
966 347 1202 402 Νίκανδρος
1234 350 1310 400 τῆς
1337 343 1526 388 Ἰωάννου
1552 362 1689 400 χειρο-

217 421 355 468 τονίας
373 417 430 461 ὢν
454 419 520 461 καὶ
540 418 608 460 διὰ
631 421 755 460 τοῦτο
776 415 880 472 παρ’
906 414 1055 458 ἑκείνου
1077 414 1369 471 καθαιρεθείς,
1402 415 1526 457 ἐκεῖσε
1545 410 1688 470 παρών

216 489 287 531 καί
310 486 351 543 γ’
385 486 540 542 ἀτίμως
573 486 721 529 ἐκεῖνον
753 483 1001 542 ἔκριφθίντα
1032 482 1265 538 θεώμενος,
1304 482 1445 536 λαβὼν
1465 482 1687 537 μοναχικόν

215 553 452 610 ἐπιτύμβιον
470 554 573 609 μεθ’
597 552 696 598 ὅσου
718 558 928 610 μυκτῆρος
946 555 1013 595 καὶ
1027 556 1264 607 χλευασμοῦ
1285 553 1528 606 ἐπιτίθησιν.
1593 549 1615 594 ὅ
1641 551 1720 594 ’δὲὁ

216 624 318 681 πρὸς
342 628 464 666 τοῦτο
491 621 618 678 μόνον
649 624 689 664 ἔν
720 621 852 680 ἑαυτῷ
881 621 1055 677 γεγονώς
1087 621 1168 679 (τὰ
1199 621 1276 676 γὰρ
1305 624 1475 662 πλεῖστα
1495 619 1574 670 ἔξω
1594 619 1690 669 νοός

169 697 199 732 C
222 689 293 751 ἦν)
315 694 490 748 ἐρρίπτει
511 709 554 735 τε
577 691 790 747 παρευθῦς
813 690 986 744 ἐπισχών
1016 689 1090 744 τὴν
1110 687 1349 745 καλύπτραν
1372 688 1415 731 ἓκ
1437 690 1687 745 σφενδονῶν,

216 764 284 805 καὶ
316 767 407 811 ταῖς
433 761 579 811 ὀξείαις
612 764 757 814 βολαῖς
787 763 860 802 τοῦ
890 757 1006 814 ἡλίου
1039 758 1195 814 γυμνὴν
1216 759 1351 800 ἐδίδου
1381 754 1688 800 καθυπακούειν

215 830 292 885 τὴν
310 827 502 886 κεφαλήν.
576 826 597 871 ὃ
629 829 674 871 δὲ
706 829 771 870 καὶ
796 823 922 877 αὖθις
954 825 1259 881 ἀναλαμβάνων
1281 827 1481 879 ἐπετίθει,
1519 827 1587 868 καὶ
1610 820 1688 868 αὗ-

215 903 288 948 θις
325 899 472 948 ἐκεῖνος
510 897 765 954 ἄπὲρριπτεν.
836 897 902 938 καὶ
933 900 1056 938 τοῦτο
1092 894 1287 945 πολλάκις
1315 892 1478 951 γεγονός
1499 927 1513 947 ,
1562 895 1688 951 γέλως
1700 902 1744 936 10

215 966 336 1025 ᾔρετο
365 966 479 1023 παρὰ
508 970 589 1009 τῶν
623 962 836 1021 παρόντων
869 966 936 1006 καὶ
964 962 1090 1020 χλεύη
1123 966 1188 1006 καὶ
1218 965 1446 1018 ἐπιτίμησις
1476 963 1523 1006 οὔ
1544 960 1685 1018 μικρά.

217 1036 255 1079 οἳ
275 1035 322 1077 δέ
341 1053 382 1092 γε
402 1031 788 1091 προσεκτικώτεροι,
828 1030 1045 1088 ἇνοῖγοντες
1073 1032 1144 1075 τὸν
1163 1037 1261 1075 νοῦν
1288 1032 1391 1088 πρὸς
1409 1031 1512 1087 ἅπερ
1540 1032 1688 1081 ἐκεῖνος

217 1105 339 1146 ἐποίει
369 1104 467 1152 τούς
500 1102 695 1159 ἀρχιερεῖς
725 1099 948 1158 πρότερον,
997 1100 1155 1157 ὁμοίαις
1192 1103 1323 1151 δίκαις
1365 1098 1686 1155 ὖποβάλλουσαν

218 1175 366 1216 ἐκεῖνον
389 1169 605 1215 κατενόουν
624 1171 699 1225 τὴν
719 1169 929 1226 πρόνοιαν.

99 1264 126 1298 p
150 1262 195 1298 41
357 1240 436 1286 24.
504 1238 551 1282 Ὁ
577 1239 716 1293 μέντοι
734 1256 776 1295 γε
801 1238 1056 1292 Κοτανίτζης
1073 1236 1119 1279 τὸ
1141 1241 1279 1292 σχῆμα
1301 1236 1437 1293 φέρων
1454 1240 1536 1279 τῶν
1554 1253 1686 1291 μονα·
1698 1242 1741 1278 15

211 1313 297 1365 χῶν
315 1308 390 1351 κάν
409 1312 460 1365 τῇ
479 1313 552 1363 τῆς
569 1307 853 1363 Περιβλέπτου
881 1310 988 1363 μονῇ
1020 1305 1178 1358 ἀσκῶν,
1216 1303 1534 1362 ὖποκρινόμενος
1554 1306 1598 1347 δὲ
1618 1306 1686 1347 καὶ

215 1382 354 1422 πᾶσαν
375 1374 587 1431 ἁπλότητα
611 1374 665 1426 ὥς
685 1377 728 1418 ἐκ
749 1380 887 1431 ψυχῆς
907 1372 1123 1431 ἀγαπήσας
1143 1374 1218 1429 τὴν
1238 1375 1442 1416 πολιτείαν
1461 1376 1529 1415 καὶ
1554 1371 1686 1431 ταύτῃ

215 1450 521 1491 συναποθανεῖν
551 1443 815 1502 αἱρούμενος,
850 1446 917 1487 καὶ
939 1440 1148 1493 τοιαύταις
1169 1440 1346 1493 ἀπάταις
1363 1442 1461 1492 τοὺς
1477 1441 1687 1498 μοναχοῦς

307 1581 362 1615 10.
386 1576 606 1624 ἀπέρριπται
628 1578 668 1614 Ρ.

216 1693 260 1727 ad
283 1696 467 1729 extremum
490 1691 684 1737 raptatione
705 1691 778 1725 dira
800 1692 932 1725 tractus
956 1692 1055 1724 extra
1076 1701 1270 1724 consessum
1291 1689 1391 1735 longe
1412 1689 1491 1724 inde
1511 1688 1685 1735 proiectus

214 1743 287 1780 est,
321 1739 457 1784 quando
490 1738 695 1772 Larissensis
718 1736 912 1780 Nicander,
945 1737 1003 1782 qui
1036 1736 1126 1783 quod
1156 1736 1278 1770 suisset
1307 1736 1482 1770 ordinatus
1514 1747 1536 1769 a
1558 1735 1686 1769 Ioanne

215 1785 341 1827 Vecco,
369 1785 540 1818 Chalazae
562 1795 666 1828 opera
689 1790 798 1817 motus
821 1783 895 1816 loco
918 1784 1048 1823 fuerat,
1080 1783 1172 1816 forte
1194 1782 1247 1816 hic
1269 1793 1433 1827 praesens
1456 1786 1493 1816 et
1515 1792 1599 1815 suae
1622 1791 1686 1815 au-

214 1835 340 1864 ctorem
363 1829 566 1875 ignominiae
587 1828 899 1874 ignominiosissime
921 1828 1067 1862 vicissim
1091 1827 1164 1862 eiici
1188 1828 1276 1862 haud
1298 1828 1424 1863 invitus
1448 1838 1605 1870 cernens,
1619 1837 1686 1872 pa-

215 1881 325 1911 ratum
349 1877 394 1910 ad
416 1876 611 1910 meditatam
633 1875 822 1909 irrisionem
846 1875 1010 1908 cucullum
1033 1873 1185 1908 monachi
1207 1874 1389 1917 Cbalazae,
1411 1874 1490 1908 dum
1513 1885 1552 1908 se
1572 1883 1685 1907 coram

213 1926 422 1967 asportatur,
447 1921 553 1966 capiti
575 1921 684 1955 obiter
706 1920 835 1955 iniecit.
881 1921 945 1954 boc
969 1926 1114 1965 punctus
1144 1920 1416 1955 aculeatissimae
1448 1918 1687 1958 subsannatio-

214 1968 266 2002 nis
290 1967 426 2002 stimulo
448 1968 542 2001 velut
565 1966 757 2012 expergisci
780 1966 932 2000 Chalaza
955 1967 1048 2000 visus
1070 1971 1140 2010 est,
1171 1978 1245 2000 cum
1269 1967 1311 2000 ad
1335 1971 1473 2000 caetera
1494 1966 1600 2000 hebes
1621 1965 1685 1998 ob·-

214 2014 411 2057 torpuisset.
457 2024 558 2047 sensu
579 2013 683 2057 igitur
705 2013 754 2047 sic
777 2013 909 2046 demum
931 2017 1090 2057 recepto,
1114 2012 1234 2046 reiecit
1255 2012 1400 2046 maximo
1424 2012 1539 2047 statim
1559 2015 1684 2045 conatu

214 2059 348 2103 insigne
370 2059 496 2093 invisae
518 2058 750 2104 professionis.
795 2058 856 2092 sed
888 2058 968 2092 dum
998 2058 1292 2103 superimpositum
1315 2058 1359 2100 ei,
1382 2070 1481 2103 quem
1505 2056 1601 2103 prius
1621 2068 1684 2102 ge-

214 2105 343 2146 stabat,
366 2106 502 2149 proprio
526 2104 716 2138 antistitum
738 2103 829 2149 pileo
852 2103 1079 2138 monachicum
1102 2105 1295 2149 operculum
1318 2104 1442 2149 cupide
1461 2102 1602 2144 excutit,
1625 2113 1685 2137 ar-

215 2150 326 2195 reptis
349 2150 445 2183 simul
468 2151 557 2184 sorte
579 2149 722 2190 laciniis,
747 2150 874 2184 fundae
894 2150 1006 2194 figura
1030 2150 1107 2183 hinc
1129 2150 1209 2184 inde
1231 2149 1469 2196 pendentibus,
1493 2149 1684 2194 calyptrae‚

217 2195 304 2230 hanc
326 2207 460 2240 quoque
484 2195 579 2229 simul
602 2196 785 2235 abiiciens,
819 2195 944 2230 nudum
965 2195 1033 2229 iam
1057 2195 1221 2230 verticem
1244 2196 1410 2231 solaribus
1433 2195 1559 2230 acriter
1580 2204 1684 2228 uren-

215 2241 309 2275 tibus
332 2240 487 2286 exposuit
508 2241 625 2275 radiis.
649 2253 716 2287 quo
740 2241 914 2275 Nicander
935 2241 1007 2276 viso
1029 2241 1152 2275 iterum
1176 2242 1348 2286 caputium
1369 2241 1526 2285 ingessit,
1542 2239 1685 2273 iterum-

217 2298 284 2332 que
306 2286 387 2320 illud
410 2286 481 2321 sine
503 2298 598 2320 mora
621 2287 802 2321 Sardensis
831 2287 993 2322 excussit.
1038 2288 1141 2322 tertio
1165 2292 1201 2320 et
1232 2287 1369 2332 saepius
1399 2287 1489 2320 idem
1519 2284 1684 2319 ludicrum

217 2336 389 2366 certamen
420 2332 509 2365 inter
532 2332 648 2366 ambos
674 2333 922 2377 frequentatum
946 2337 1017 2374 est,
1047 2344 1167 2377 magno
1191 2333 1393 2367 adstantium
1415 2331 1506 2373 risu,
1529 2330 1686 2365 ambitio-

218 2389 293 2412 nem
316 2377 609 2422 pseudoantistitis
641 2378 792 2411 monachi
824 2383 975 2412 extrema
1006 2378 1042 2412 in
1073 2378 1267 2413 calamitate
1298 2377 1539 2422 perdurantem
1572 2376 1683 2410 effusa

219 2423 478 2458 cachinnatione
499 2422 765 2464 traducentium‚
789 2423 923 2458 interim
946 2424 1024 2458 dum
1046 2424 1283 2468 prudentiores
1305 2423 1452 2468 quique,
1484 2426 1684 2467 reputantes

219 2473 299 2504 acta
332 2480 463 2515 nupera
494 2469 684 2505 Chalazae.
716 2468 850 2513 providi
880 2469 1025 2503 numinis
1057 2481 1201 2513 aequum
1231 2468 1390 2502 iudicium
1419 2468 1684 2510 venerabantur,

219 2526 287 2570 quo
309 2515 488 2561 supplicia.
518 2515 641 2560 quibus
664 2514 718 2547 hic
741 2514 840 2558 paulo
864 2519 942 2548 ante
965 2514 1166 2548 subiecisset
1186 2514 1371 2548 immeritos
1393 2513 1588 2556 antistites,
1610 2524 1682 2548 me-

218 2563 284 2596 rito
306 2573 395 2596 nunc
418 2566 549 2595 retorta
571 2559 607 2594 in
627 2559 699 2594 eius
724 2559 832 2604 ipsius
855 2561 1084 2605 agnoscebant
1106 2565 1222 2605 caput.

311 2628 368 2663 24.
417 2630 464 2662 At
488 2627 669 2662 Cotanitza
690 2630 903 2671 susceptum,
927 2631 967 2661 ut
988 2626 1024 2660 in
1047 2626 1121 2661 loco
1142 2627 1328 2670 retulimus,
1350 2627 1504 2662 habitum
1525 2626 1683 2662 monachi

219 2673 329 2709 adhuc
350 2685 471 2719 gerens
494 2674 528 2708 in
553 2673 740 2719 Periblepti
762 2672 965 2706 monasterio
987 2673 1126 2717 egregie
1147 2673 1343 2718 religionem
1366 2673 1522 2708 simulare
1544 2673 1683 2716 institit,

217 2731 303 2766 prae
336 2731 374 2754 se
403 2721 516 2755 ferens
539 2719 598 2754 tali
620 2719 711 2753 vitae
734 2723 991 2752 consentaneam
1022 2718 1288 2764 simplicitatem,
1320 2720 1542 2766 omnibusque
1565 2723 1684 2753 conte·

217 2770 313 2801 stans
331 2765 463 2800 indiciis
483 2778 525 2800 ex
548 2765 659 2800 animo
682 2764 899 2810 acquiescere
919 2776 957 2798 se
980 2765 1152 2799 asceticae
1175 2765 1399 2810 professioni,
1436 2765 1470 2799 in
1494 2776 1602 2811 eaque
1624 2775 1683 2799 us-

218 2823 286 2857 que
309 2812 352 2847 ad
374 2812 528 2858 spiritum
548 2814 732 2847 extremum
762 2821 986 2857 perseverare
1010 2810 1110 2856 plane
1137 2810 1341 2847 decrevisse.
1385 2811 1436 2846 sic
1458 2822 1596 2846 suorum
1617 2810 1683 2846 sibi
