1858 3126
310 148 408 197 830
704 149 1013 194 OBSERVAT.
1045 150 1355 197 PAOEYMER.
1390 175 1392 177 >

307 269 460 296 morum
485 268 505 293 e
522 254 783 307 Paphlagonia
795 285 805 303 ,
842 262 882 294 et
901 256 1088 296 obsistere
1106 257 1179 296 sibi
1199 265 1382 299 conatum
1402 260 1645 302 Muzalonem
1661 263 1746 302 Ro-

306 325 467 351 manum
495 311 635 349 ducem
661 313 742 350 acie
768 312 909 351 vicisse
938 327 1059 366 prope
1085 314 1348 354 Nicomediam
1370 316 1577 368 Bithyniae
1597 325 1746 358 metro-

307 369 428 420 polim
441 398 452 419 ,
482 381 599 419 quam
616 367 709 406 inde
726 369 862 407 urbem
879 369 990 407 velut
1009 370 1203 409 obsessam
1222 372 1349 424 campi
1368 373 1550 412 dominus
1565 375 1744 415 tenuerit.

304 423 402 462 haec
438 424 644 474 contigisse
671 424 776 462 circa
806 423 1010 477 Bapheum
1044 440 1168 478 prope
1191 427 1459 467 Nicomediam
1481 429 1545 467 die
1562 429 1748 469 vicesima

305 480 468 532 septima
496 480 638 518 mensis
659 480 751 518 Iulii
777 481 921 520 diserte
951 480 1204 534 pachymeres
1232 484 1377 523 tradit:
1407 498 1553 523 annum
1578 498 1627 524 ex
1648 485 1748 525 serie

303 550 437 575 rerum
478 535 743 575 verisimiliter
778 537 1017 576 affirmamus
1046 540 1089 577 in
1123 540 1294 591 Synopsi
1320 537 1430 578 hunc
1456 541 1576 580 fuisse
1601 541 1748 581 Christi.

306 595 426 636 1299.
463 592 640 644 sequenti
664 595 771 636 1300
788 595 958 645 putarim
978 595 1153 633 evenisse
1174 596 1279 647 quod
1295 603 1429 636 noster
1447 603 1582 636 narrat
1601 612 1640 650 p.
1661 595 1748 640 415

302 662 342 687 v.
366 653 384 690 1
399 678 411 697 ,
443 650 630 687 videlicet
645 649 833 700 quasdam
855 651 1047 689 Romanas
1067 652 1198 702 copias
1218 652 1317 690 duce
1339 653 1509 704 quodam
1527 652 1642 692 Sim-0
1655 683 1668 703 ,
1696 653 1745 692 ab

302 704 541 756 imperatore
573 706 622 743 ad
646 718 729 743 eam
756 706 940 744 tuendam
968 708 1207 759 provinciam
1231 709 1371 757 misso,
1402 709 1585 747 collectas
1603 709 1651 747 ab
1671 708 1746 748 At-

301 773 416 799 mane
445 761 648 799 occidione
677 762 797 800 fuisse
828 763 995 812 deletas3
1026 763 1131 801 unde
1160 766 1288 805 victor
1309 765 1464 803 Atman
1483 763 1744 816 progrediens

301 818 562 855 Belocomam
591 817 736 868 (verba
767 825 859 856 sunt
879 818 1158 871 Pachymeris)
1191 821 1374 859 insiliens
1399 823 1442 860 vi
1470 823 1602 873 capit,
1633 829 1668 859 et
1685 821 1746 859 ibi

301 881 470 924 repertos
490 875 690 925 interficit.
747 876 832 926 ipse
848 883 981 913 autem
998 878 1202 914 immensis·
1222 877 1365 928 opibus
1383 892 1430 915 ea
1443 878 1594 915 clausio
1609 879 1745 916 muni-

300 931 406 968 tione
419 932 579 980 potitus
590 929 805 983 praedives·
822 931 915 968 inde
933 939 990 969 est
1002 931 1177 973 habitus.
1223 937 1331 970 arcis·
1352 936 1496 985 quippe
1514 933 1632 971 illius
1647 947 1743 972 mu-

299 988 487 1023 nimentis
511 988 596 1025 situ
624 994 661 1025 et
690 995 777 1025 arte
804 987 956 1026 validis
984 986 1042 1025 ad
1066 989 1271 1039 quaesitae
1291 992 1488 1040 pecuniae
1513 988 1743 1027 custodiam

299 1055 419 1091 usus,
449 1056 619 1094 magnos
640 1044 721 1081 sibi
744 1044 976 1094 thesauros,
1007 1043 1113 1082 unde
1131 1044 1227 1082 belli
1247 1059 1297 1082 ac
1307 1047 1567 1096 principatus
1583 1044 1743 1096 expedi-

299 1106 359 1136 ret
374 1106 559 1150 sumptus
572 1130 583 1148 ‚
612 1114 746 1138 secure
762 1099 946 1138 conditos
970 1099 1030 1138 ad
1043 1114 1207 1138 manum
1229 1100 1385 1140 habuit.
1427 1101 1573 1140 harum
1588 1115 1742 1153 magna

290 1168 392 1206 pars
411 1156 696 1194 calamitatum
724 1158 767 1194 in
796 1159 975 1195 Pru-sam
995 1155 1262 1210 redundavit,
1290 1159 1351 1194 sic
1369 1155 1568 1196 nudatam
1577 1171 1742 1209 posses-

297 1212 409 1248 aione
424 1214 519 1263 agri
548 1214 616 1250 sui
646 1219 682 1250 et
709 1214 820 1250 intra
843 1226 1056 1250 murorum
1075 1213 1269 1251 'ambitum
1289 1211 1495 1251 redactam
1511 1219 1587 1254 etc.
1642 1211 1742 1252 haec

158 1262 186 1297 P
208 1264 274 1299 602
300 1267 576 1319 Pachymeres3
606 1282 706 1320 quae
735 1269 830 1307 satis
853 1268 957 1307 clare
978 1268 1155 1319 indicant
1174 1269 1431 1308 mutationem
1456 1267 1534 1308 hoc
1561 1275 1741 1322 tempore

294 1322 338 1360 in
369 1324 532 1362 Atmane
562 1327 727 1371 factam,
758 1325 868 1376 quasi
887 1339 908 1363 e
934 1325 1086 1376 privato
1103 1323 1146 1363 iu
1170 1325 1427 1377 principalem
1449 1331 1608 1364 statum.
1664 1338 1740 1362 au-

293 1378 447 1418 diamus
472 1381 548 1418 iam
577 1381 738 1419 Arabas.
794 1380 835 1419 hi
866 1395 1004 1431 magno
1029 1394 1225 1420 consensu
1251 1380 1447 1419 affirmant
1465 1379 1699 1419 othmanem
1717 1393 1740 1419 e

291 1435 485 1486 toparcha
520 1438 801 1489 Karaiaptagae
833 1443 870 1475 et
898 1437 1067 1489 simplici
1099 1444 1256 1489 satrapa
1282 1437 1457 1475 sultanis
1476 1450 1546 1476 seu
1565 1435 1740 1489 supremi

293 1490 444 1529 domini
468 1506 612 1531 nomen
637 1494 846 1532 adscivisse
861 1508 965 1532 anno
982 1492 1144 1544 Hegirae
1162 1496 1257 1536 699.
1303 1490 1421 1532 huius
1439 1493 1532 1531 anni
1552 1506 1642 1531 cum
1661 1491 1738 1530 ka-

289 1546 428 1584 lendae
456 1548 695 1588 Muharrami
717 1549 932 1587 insederint
959 1547 1061 1591 diem
1081 1553 1135 1592 28
1158 1549 1395 1602 Septembris
1414 1547 1555 1587 Iuliani
1574 1548 1615 1586 in
1631 1560 1736 1585 anno

292 1597 438 1640 Christi
467 1607 597 1653 1299,
628 1612 666 1643 et
693 1618 809 1656 quam
843 1605 1146 1644 memoravimus
1180 1618 1201 1643 e
1237 1604 1475 1656 Pachymere
1506 1604 1737 1642 Belocomae

290 1659 530 1709 expugnatio
561 1660 609 1698 ad
637 1673 787 1698 menses
817 1661 983 1699 aestivos
1014 1660 1248 1712 pertinuisse
1278 1660 1477 1707 videatur,
1511 1659 1737 1709 intelligen-

293 1714 389 1751 dum
411 1715 651 1767 relinquitur
673 1728 834 1767 regnare
851 1717 1075 1765 Atmanem‚
1104 1716 1189 1754 sine
1215 1715 1298 1753 ulla
1320 1717 1398 1754 iam
1425 1715 1736 1753 dissimulatione

293 1769 532 1809 vocabulum
550 1772 703 1824 imperii
721 1772 846 1824 palam
864 1770 1108 1823 usurpando,
1140 1771 1314 1823 coepisse
1329 1784 1433 1809 anno
1449 1769 1596 1809 Christi
1613 1773 1734 1819 1300,

294 1825 413 1876 idque
433 1826 476 1864 in
498 1827 684 1879 Bithynia
709 1829 758 1866 ad
786 1827 922 1865 urbem
946 1829 1129 1876 Prusam,
1159 1840 1277 1878 quam
1300 1827 1421 1878 paulo
1451 1832 1542 1878 post
1558 1826 1593 1865 ei
1612 1825 1734 1864 fuisse

293 1882 512 1921 subiectam
536 1884 762 1923 tributariae
790 1882 897 1934 pacis
923 1883 1103 1931 nomine,
1133 1896 1177 1921 re
1195 1896 1287 1921 vera
1309 1882 1509 1921 deditione
1532 1895 1579 1919 ac
1605 1881 1733 1920 subie-

297 1939 427 1976 ctione
458 1940 594 1990 plena,
622 1941 754 1978 innuit
790 1937 1066 1991 Pachymeres,
1097 1939 1192 1978 dum
1211 1939 1268 1976 sic
1286 1937 1422 1978 scribit
1437 1952 1480 1990 p.
1497 1935 1580 1981 597
1598 1950 1635 1975 v.
1656 1936 1733 1980 14:

294 1995 434 2032 Prusa
451 1997 543 2047 ipsa
561 1995 865 2034 calamitatibus
892 1995 1064 2033 subacta
1084 1995 1313 2047 ingentibus
1327 2009 1446 2032 emere
1459 2007 1485 2030 a
1499 1992 1636 2032 Persis
1655 2006 1732 2030 nu..

296 2058 446 2088 merato
469 2054 638 2090 immani
647 2055 777 2104 pretio
798 2052 979 2090 umbram
1002 2053 1142 2103 pacis,
1168 2065 1243 2103 pro
1270 2064 1387 2101 vera,
1415 2063 1540 2103 quam
1560 2046 1733 2087 menda·-

294 2107 407 2145 cibus
418 2110 633 2159 promissis
652 2115 921 2158 ostentarunt,
945 2122 1060 2159 pace.
1114 2108 1168 2146 ita
1187 2105 1270 2147 ille.

401 2216 469 2258 VI.
525 2217 630 2258 Haec
651 2225 782 2259 tamen
800 2234 880 2257 non
898 2232 943 2257 eo
959 2217 1073 2258 traho
1094 2226 1140 2256 ut
1157 2217 1374 2256 existimem
1392 2215 1555 2256 Prusam
1571 2212 1730 2254 Atmani

290 2272 367 2311 iam
389 2281 473 2312 tum
497 2277 604 2325 regni
628 2277 825 2328 principio
847 2275 960 2327 plene
980 2288 1216 2326 possessam,
1247 2287 1337 2312 cum
1354 2286 1437 2311 eam
1459 2271 1614 2324 quidam
1635 2271 1730 2333 Ara-

289 2328 382 2366 bum
406 2330 476 2368 sub
505 2330 623 2369 finem
652 2338 805 2370 tantum
831 2332 934 2370 vitae
955 2330 1156 2379 Atmanis‚
1181 2330 1337 2381 quidam
1356 2329 1512 2367 nonnisi
1535 2331 1627 2378 post
1645 2337 1728 2364 eius

289 2385 441 2422 obitum
460 2400 481 2422 a
498 2385 581 2424 filio
601 2387 682 2424 eius
704 2395 742 2425 et
765 2400 989 2426 successore
1005 2383 1187 2425 Urchane
1214 2384 1371 2437 penitus
1391 2383 1630 2433 subiugatam
1645 2386 1729 2444 tra-

291 2441 400 2480 dant.
457 2453 595 2479 verum
617 2455 704 2480 cum
726 2457 808 2481 eam
828 2443 965 2481 urbem
986 2443 1138 2481 arcibus
1154 2442 1427 2490 undecumque
1444 2453 1464 2475 a
1481 2450 1522 2476 se
1540 2449 1728 2488 possessis

293 2497 464 2535 cinctam
490 2503 529 2534 et
556 2498 782 2548 vectigalem
813 2500 862 2536 ad
889 2498 1045 2536 libitum
1072 2497 1253 2546 haberet,
1279 2508 1400 2545 aequo
1419 2491 1574 2531 interim
1597 2493 1726 2530 animo

291 2553 440 2591 serebat
469 2553 549 2590 eius
579 2566 620 2590 se
655 2553 834 2604 ingressu
861 2554 1083 2601 exclusum,
1114 2563 1228 2602 quem
1249 2551 1383 2588 sibiae
1401 2550 1481 2587 suis
1502 2547 1725 2600 aliquando,

290 2615 335 2647 ut
355 2623 416 2647 res
433 2613 516 2646 tum
535 2621 575 2646 se
593 2607 801 2652 habebant,
823 2609 943 2646 libere
962 2608 1210 2659 pandendum
1231 2613 1334 2644 certa
1356 2601 1624 2657 praesumebat
1642 2617 1723 2655 spe.

289 2665 331 2702 in
347 2664 424 2702 hoc
444 2666 562 2715 igitur
578 2664 849 2711 incumbebat,
878 2671 922 2701 ut
939 2664 1019 2714 agri
1038 2677 1081 2700 ac
1101 2662 1327 2714 provinciae
1344 2660 1452 2700 illius
1464 2689 1476 2709 ‚
1504 2673 1644 2712 nempe
1662 2659 1726 2697 Bi-

292 2720 452 2771 thyniae
472 2721 673 2759 universae
688 2749 700 2770 ,
729 2721 802 2759 sibi
819 2720 1033 2757 dominium
1055 2724 1242 2757 assereret
1256 2746 1266 2766 ‚
1296 2718 1399 2768 quod
1418 2715 1726 2767 consequebatur

294 2777 447 2815 arcibus
478 2777 694 2829 primariis,
724 2784 763 2816 et
790 2775 896 2814 unde
923 2775 1073 2815 urbium
1107 2787 1331 2825 magnarum
1350 2773 1454 2812 salus
1475 2778 1514 2811 et
1537 2771 1724 2811 securitas
