1858 3126
257 166 286 211 8
295 166 353 211 12
656 168 964 212 OBSERVAT.
993 170 1298 215 PACHYMER.

254 275 470 314 maximum
493 275 534 312 in
560 281 694 326 partes
722 276 904 316 Cathaiae
933 284 972 315 et
999 279 1169 316 Hulacu
1198 279 1415 318 secundum
1441 280 1489 319 ab
1520 280 1623 332 hoc,
1652 282 1696 320 in

255 331 473 370 Occiduum
493 331 757 382 Mogulensis
745 334 901 385 imperii
921 334 1101 374 limitem.
1436 350 1437 354 ¹
1639 356 1642 357 ⁷

363 387 433 424 IX.
493 387 606 425 Anno
635 388 800 439 Hegirae
827 390 919 439 651,
945 391 1054 428 cuius
1079 389 1232 442 primus
1250 390 1397 428 diesin
1418 404 1522 430 anno
1542 354 1696 431 Iuliano

254 454 364 480 aerae
384 441 531 480 Christi
554 445 660 486 1258
692 451 750 483 est
768 445 906 484 tertius
933 446 1076 485 mensis
1102 446 1252 494 Martii,
1293 447 1502 498 capessivit
1525 448 1698 486 Hulacu

253 498 338 536 sive
364 498 526 536 Clzalaiz
547 499 792 539 commissam
819 501 892 539 sibi
924 516 1026 540 anno
1060 503 1264 566 superiore
1291 504 1578 554 praefecturam
1605 517 1699 556 pro-

252 554 475 592 vinciarum
503 555 774 595 Occiduarum
806 557 1043 622 Mogulens-is
1073 558 1248 610 imperii,
1287 560 1338 597 ad
1375 572 1472 610 quae
1498 560 1701 612 profectus

250 616 309 648 est
338 610 488 649 ducens
520 612 738 650 exercitum
763 614 1121 653 numerosissimum
1155 622 1273 666 atque
1296 614 1578 656 lectissimum:
1608 628 1701 653 nam

252 679 273 703 e
292 666 458 717 singulis
479 667 690 707 decadibus
720 669 890 707 militum
918 671 1017 708 duos
1051 669 1179 720 elegit.
1237 670 1503 722 suppeditavit
1531 671 1647 709 etiam
1665 671 1702 709 ei

252 721 500 761 Munkakaus
529 725 640 762 Kaan
665 726 861 775 ingentem
885 732 1120 778 apparatum
1144 740 1342 764 armorum
1361 733 1401 765 et
1429 727 1702 766 machinarum

253 791 345 817 cum
376 779 496 818 fabris
527 793 674 818 earum.
734 781 850 819 duxit
882 796 1037 834 quoque
1064 796 1198 820 secum
1225 783 1399 820 ‚Hulacu
1428 783 1555 822 fiiium
1585 796 1701 821 suum

114 838 138 871 P
163 837 230 872 589
253 841 352 873 natu
370 836 586 874 maximum
607 836 831 886 (Ahalam,
860 837 991 889 inquit
1007 839 1340 890 Abulpharagius.
1379 845 1438 877 est
1463 839 1498 877 is
1521 839 1606 877 sine
1620 839 1701 877 du-

252 891 318 930 bio
341 905 452 942 quem
474 891 604 943 Pachy
607 906 730 931 meres
748 895 941 945 Apagam
959 897 1096 944 vocat)
1112 901 1151 933 et
1161 895 1387 957 plimariam
1404 908 1570 933 uxorem
1590 894 1701 932 Chri·-

254 947 419 985 stianam
438 949 659 986 Beck-usam
676 950 844 988 nomine.
900 965 999 1002 quae
1017 957 1160 989 cuncta
1174 951 1287 989 iuvat
1303 964 1532 1000 memorare,
1562 964 1700 1002 quon-

252 1003 331 1040 iam
372 1004 419 1042 iis
463 1018 562 1054 quae
593 1005 642 1043 de
677 1006 838 1043 Clzalau·
872 1007 1129 1058 Pachymeres
1170 1007 1294 1044 tradit
1321 1006 1438 1045 fidem
1478 1007 1698 1045 adstruunt.

254 1059 367 1097 annis
385 1060 477 1110 Heg.
495 1064 576 1103 653
599 1067 637 1099 et
660 1062 742 1103 654
760 1069 937 1100 recenset
959 1062 1268 1114 Abulpharagius
1286 1062 1477 1112 quaedam
1496 1069 1582 1100 acta
1601 1064 1701 1100 Ha-

254 1117 352 1153 lacu
378 1117 470 1154 satis
499 1118 737 1169 conspicua,
776 1118 846 1156 sed
874 1133 1012 1170 parum
1043 1119 1093 1156 ad
1122 1132 1195 1157 nos
1219 1118 1467 1170 pertinentia.
1522 1118 1630 1156 uude
1650 1117 1701 1156 ad

253 1185 402 1210 annum
418 1172 512 1223 Heg.
530 1174 613 1216 655
634 1187 912 1224 promovemus
930 1175 1115 1226 g1·:adum
1155 1174 1199 1212 in
1223 1187 1267 1212 eo
1288 1175 1433 1226 quippe
1449 1173 1566 1212 nimis
1585 1173 1701 1212 etiam

251 1229 378 1267 multa
402 1229 451 1265 ad
475 1242 545 1266 nos
565 1230 783 1281 spectantia
811 1231 1130 1282 Abulpharagius
1149 1237 1352 1270 memorat.
1409 1230 1560 1282 incepit
1577 1231 1611 1268 is
1629 1243 1701 1268 an-

253 1298 329 1322 nus
352 1284 538 1322 Alabicus
565 1300 586 1322 a
611 1286 673 1323 die
694 1289 743 1328 19
775 1287 945 1325 Ianuarii
973 1287 1065 1325 anni
1093 1286 1184 1324 Chr
1217 1287 1338 1334 1257,
1358 1286 1465 1324 unde
1491 1292 1599 1324 totus
1618 1287 1702 1324 sere

253 1353 344 1378 cum
374 1339 451 1378 hoc
486 1349 838 1382 commensuratur.
896 1357 941 1380 eo
974 1343 1112 1381 scribit
1139 1342 1452 1394 Abuipharagius
1477 1355 1517 1394 p.
1547 1341 1635 1384 334⁷
1655 1345 1702 1380 et

253 1397 438 1448 deinceps
463 1405 688 1448 aegrotasse
713 1398 955 1437 :l’szeodorum
976 1401 1251 1450 imperatorem
1279 1400 1522 1438 Graecorum
1544 1398 1588 1436 in
1607 1397 1702 1436 urbe

256 1454 408 1504 NiciaJ
436 1455 669 1504 interimque
696 1468 856 1493 vexasse
876 1458 1101 1506 patricium
1129 1453 1330 1507 quendam
1355 1469 1374 1492 e
1401 1468 1472 1492 suo
1504 1454 1700 1493 comitatu

253 1507 498 1547 Micliae'lem
522 1520 773 1560 cognomento
803 1512 1095 1563 Palaeologum
1110 1542 1121 1559 ,
1152 1509 1264 1562 quod
1289 1526 1309 1547 e
1329 1508 1572 1562 quibusdam
1590 1510 1699 1548 vati-'-

253 1565 374 1600 ciniis
393 1578 494 1614 quae
503 1566 741 1613 ferebantur
761 1575 1005 1618 suspectaret
1022 1575 1308 1618 regnaturum3
1337 1567 1504 1603 iussisse
1521 1566 1641 1607 illum
1654 1566 1700 1602 ιίι

256 1621 451 1656 territorii
477 1621 836 1660 Thessalonicensis
858 1630 989 1660 castro
1008 1622 1186 1674 quodam
1205 1620 1499 1672 comprehendi,
1524 1620 1700 1671 ducique

257 1678 299 1712 in
317 1689 509 1713 carcerem
531 1691 558 1713 a
576 1676 754 1728 quodam
785 1677 947 1716 Gadino
959 1708 971 1727 ,
1006 1680 1079 1729 qui
1100 1686 1229 1715 tamen
1259 1680 1295 1715 ei
1306 1676 1555 1728 praedixerit
1571 1678 1700 1727 impe·-

257 1733 384 1780 rium,
437 1732 658 1783 exequendo
694 1734 960 1771 nihilominus
1003 1737 1158 1771 iussum
1195 1734 1447 1783 imperatoris
1489 1731 1700 1770 Theodori.

256 1788 363 1825 lzunc
392 1787 512 1825 addit
538 1788 712 1827 adducti
739 1789 799 1827 ad
829 1805 869 1827 se
892 1790 1108 1828 Michaelis
1136 1788 1414 1826 misericordia
1427 1793 1581 1826 motum
1608 1801 1700 1826 eum

257 1844 459 1892 liberasse,
488 1852 524 1882 et
540 1852 710 1884 tutorem
719 1860 866 1898 parvo,
895 1861 1006 1898 quem
1025 1845 1283 1897 relinquebat,
1309 1845 1400 1895 filio
1424 1844 1700 1884 Calo-Ioanni

257 1908 398 1939 vocato
437 1902 688 1953 praefecisse.
754 1916 804 1939 ac
845 1903 972 1953 pau-lo
1006 1910 1101 1954 post
1137 1908 1340 1939 mortuum
1380 1903 1423 1938 in
1461 1901 1697 1939 monasterio

257 1958 492 2007 stsagnesiae
505 1958 643 2008 juisse
665 1959 877 2009 sepultum.
933 1958 1045 1996 addit
1063 1957 1278 1996 Muzalonis
1298 1957 1466 2006 caedem,
1496 1955 1699 1995 Michaelis

255 2013 480 2063 Palaeologi
504 2015 791 2065 promotionem
817 2015 864 2053 ad
893 2015 1131 2067 imperium,
1165 2012 1564 2064 circumscriptionem
1585 2011 1698 2063 pueri

257 2069 570 2120 calo-Ioannis,
600 2071 828 2109 eiectionem
857 2071 1010 2109 Arsenii
1038 2069 1283 2122 patriarchae
1310 2069 1356 2106 ⁴in
1391 2068 1557 2106 exilium
1586 2069 1698 2106 iussu

255 2123 480 2173 Michaelis,
511 2128 618 2176 quod
641 2127 675 2165 is
697 2128 827 2179 ipsum
859 2128 907 2165 de
929 2127 1072 2179 pupilli
1090 2126 1342 2178 oppressione
1363 2123 1697 2176 reprehendisset3

256 2179 427 2230 denique
453 2183 674 2221 accumulat
699 2197 819 2235 super
840 2183 970 2221 omnia
985 2182 1323 2234 recuperationem
1347 2181 1452 2219 urbis
1473 2180 1699 2220 Constanti-

255 2236 508 2286 nopolitanae
537 2245 576 2276 et
600 2239 828 2278 eiectionem
857 2252 906 2277 ex
936 2253 979 2277 ea
1007 2240 1258 2286 Latinorum,
1298 2237 1458 2274 modum
1490 2236 1547 2276 rei
1568 2241 1695 2286 gestae

255 2292 428 2331 referens
445 2322 457 2341 ,
486 2293 526 2330 in
545 2308 624 2344 quo
637 2325 647 2343 ‚
680 2302 724 2333 ut
745 2302 782 2333 et
801 2295 980 2346 superius
1001 2295 1245 2342 memoratis,
1286 2293 1476 2344 quaedam
1500 2305 1580 2329 non
1600 2290 1695 2328 adeo

256 2347 386 2396 magni
416 2351 602 2386 momenti
629 2351 913 2402 discrepantiae
941 2365 964 2388 a
996 2350 1302 2402 Pachymeriana
1331 2346 1553 2388 narratione
1579 2346 1695 2384 facile

259 2416 350 2442 cum
382 2403 621 2454 deprehendi
659 2413 744 2444 tum
784 2407 927 2456 corrigi
961 2412 1150 2457 poterunt
1180 2419 1229 2443 ex
1263 2404 1472 2442 collatione
1499 2415 1588 2439 cum
1613 2402 1642 2441 l.
1671 2405 1692 2444 1

256 2458 381 2511 partis
400 2458 543 2510 prioris
563 2460 681 2499 huius
700 2468 859 2500 nostrae
869 2462 1069 2501 historiae.
1105 2474 1226 2500 unum
1244 2458 1464 2498 necessario
1481 2457 1547 2497 hic
1569 2470 1696 2496 emen-

257 2515 418 2564 damus,
445 2516 551 2565 quod
580 2517 636 2554 ait
663 2518 831 2568 spatium
856 2518 1070 2568 temporis,
1108 2530 1185 2567 quo
1211 2516 1304 2555 urba
1340 2513 1697 2564 Constantinopolis

255 2577 353 2609 tunc
383 2571 541 2610 Graecis
569 2571 725 2610 reddita
752 2573 963 2623 permansit
997 2573 1040 2611 in
1068 2578 1259 2624 potestate
1296 2570 1540 2616 Latinorum,
1576 2569 1696 2607 fuisse

259 2641 456 2664 annorum.
487 2629 643 2665 circiter
671 2630 972 2680 quinquaginta
998 2630 1134 2668 trium.
1189 2626 1320 2665 verius
1339 2625 1487 2677 quippe
1506 2625 1696 2675 Georgius

258 2683 512 2735 Acropolita,
540 2697 654 2734 quem
685 2684 961 2735 descripsimus
987 2691 1028 2722 et
1044 2689 1150 2721 recte
1163 2695 1387 2720 numerasse
1407 2681 1694 2720 demonstravi-

258 2751 347 2776 mus
370 2739 550 2790 priorum
573 2740 900 2780 Observationum
930 2739 958 2780 1.
978 2743 1002 2780 3
1030 2753 1065 2778 c.
1084 2738 1111 2779 4
1139 2751 1182 2776 n.
1203 2741 1242 2786 3,
1276 2738 1473 2776 detentam
1503 2751 1524 2777 a
1546 2736 1695 2774 Latinis

260 2794 644 2848 Constantinopolim
666 2810 737 2850 per
755 2809 877 2835 annos
907 2801 998 2834 octo
1026 2808 1143 2847 supra
1170 2794 1451 2846 quinquaginta
1472 2793 1695 2843 affirmavit,
