1820 3112
401 155 476 198 DE
504 154 838 198 ANDRoNlco
865 154 1245 199 PALAEOLOGO
1280 155 1327 198 L.
1354 153 1390 198 Ι.
1532 154 1628 200 103

159 265 359 321 σομένους
382 265 513 322 ἦδέως
540 265 567 321 ἢ
598 273 685 316 τοῖς
710 264 820 309 οὕτω
848 263 1163 318 καταδικάζουσι
1187 265 1492 320 σπεισομένους.
1564 267 1629 309 ἐπὶ

158 339 316 390 μᾶλλον
330 336 376 378 δὲ
394 335 496 390 πρός
517 334 668 384 αὐτοῦς
686 333 708 378 ὅ
724 334 917 387 βασιλεὺς
934 333 1195 390 παρωξύνετο
1224 333 1452 385 ἀνενδότως
1479 334 1628 388 με’νον-

159 420 236 453 τας
258 403 304 446 τὸ
325 402 536 459 παράπαν.
605 401 770 446 πάντων
790 402 833 444 δ’
856 402 1084 458 ἀπορηθεὶς
1105 408 1187 445 τῶν
1208 402 1430 456 μαλάττειν
1451 401 1626 458 ἐχόντων

159 471 300 526 ψυχὴν
318 472 435 520 τέλος
452 473 625 524 ε’ξοριάις
645 473 825 513 δικαιοῦν
854 470 968 525 ἔγνω.
1039 473 1107 513 καὶ
1129 471 1180 526 δὴ
1201 471 1304 525 πρὸς
1323 471 1371 514 τὸ
1389 471 1494 514 κατὰ
1516 471 1628 523 δεξιὰ

125 540 381 584 δεῖσπλέοντι
407 540 479 583 τὸν
498 539 747 593 Ἀστακηνὸν
777 536 929 581 κόλπον
958 537 1182 596 φρούριον,
1220 540 1267 582 τὸ
1297 539 1407 583 οὕτω
1441 557 1529 590 πως
1547 545 1622 583 τοῦ
1645 550 1680 585 D

159 606 276 664 ἆγίου
312 612 352 650 Γ
350 608 541 664 ρηγορῖου
579 605 856 663 ἐπιλεγόμενον
866 639 880 659 ,
930 606 1180 662 προστάσσει
1213 612 1303 666 πλῷ
1339 608 1628 662 χρησαμένους

159 674 406 732 ἀπάγεσθαι.
477 670 525 719 οὗ
549 676 601 730 δὴ
624 677 691 718 καὶ
711 675 1008 731 ἕγκλεισθέντες
1028 674 1111 718 ὑπὸ
1142 683 1342 732 φρουροῖς
1363 679 1536 726 Κελτοῖς
1558 679 1632 719 καί

157 761 235 787 τινι
252 749 335 787 τῶν
352 742 722 799 ἔκπροκοιτούντων
747 748 805 802 τῷ
826 748 994 797 βασιλεῖ
1005 743 1172 800 ἀφεῖντο
1186 775 1199 796 ,
1238 743 1316 787 ὅσα
1336 745 1389 787 τὰ
1410 747 1466 794 εἷς
1483 747 1626 799 χρειάν

158 817 243 856 τῶν
269 812 499 869 ἀναγκαίων
524 810 798 866 ἀπρονόητοι,
836 811 955 854 οἰδὲν
982 813 1104 855 πλέον
1135 811 1382 867 ἄπονάμενοι
1406 813 1623 867 βασιλέως,

105 891 149 924 10
159 880 222 924 ὅτι
253 881 312 936 μὴ
349 882 454 935 μετὰ
494 881 633 935 καιρὸν
674 879 742 922 ἐπ’
781 879 983 940 ἀνατολῆς
1020 878 1232 936 ὁρμῶντος
1272 886 1628 937 πατριαρχοῦντος

150 949 419 1002 Ἀθανασίου,
455 947 527 992 τόν
544 967 587 992 τε
607 948 712 991 κατὰ
731 950 806 1003 τὴν
818 946 1072 991 Ἓλενόπολιν
1090 949 1392 1005 περαιωθέντος
1411 947 1621 1005 πορθμόν,
1645 960 1676 994 E:

158 1019 226 1060 καὶ
244 1017 316 1060 τὸν
335 1018 462 1072 μέγαν
478 1018 703 1072 λογοθέτην
723 1016 791 1059 ἐπ’
814 1016 966 1066 αὐτοῦς
989 1018 1245 1071 πέμψαντος,
1285 1017 1332 1061 ὃν
1352 1020 1418 1060 καὶ
1439 1020 1492 1067 εἷς
1510 1035 1627 1075 πρω-

156 1083 436 1141 τοβεστιοῖριον
465 1085 707 1139 ἀνεβίβασεν
715 1118 728 1138 ,
766 1083 789 1128 ὅ
813 1086 888 1139 μέν
910 1083 1053 1127 ἑκατὸν
1074 1088 1281 1140 χρυσίνοις
1303 1086 1536 1129 ἓνικανοῦτο
1550 1119 1563 1138 ,
1603 1085 1624 1130 ὅ

158 1154 206 1196 δέ
229 1171 273 1210 γε
294 1153 604 1209 Μελιτηνιῶτης
624 1150 887 1208 πεντήκοντα.
957 1152 979 1196 ὅ
1001 1154 1078 1210 γὰρ
1099 1156 1237 1210 τρίτος
1256 1153 1277 1197 ὃ
1299 1157 1538 1210 ΙΗετοχίτης
1556 1155 1626 1198 διὰ

104 1230 148 1267 15
157 1219 280 1264 νόσον
298 1219 568 1277 προκατήχθη
592 1223 654 1264 ε’πὶ
674 1222 727 1264 τὰ
746 1222 852 1264 οἴκοι
872 1223 1040 1273 ἐκεῖθεν,
1076 1223 1277 1275 βασιλέως
1300 1221 1623 1278 προστάξαντος.

159 1291 281 1348 (36)
314 1290 409 1332 ἀλλ’
441 1290 462 1332 ὃ
488 1308 540 1344 με
571 1295 763 1344 παρῆλθε
789 1295 937 1343 μικροῦ
969 1288 1167 1346 πρότερον
1200 1290 1383 1346 γεγονός,
1429 1292 1623 1345 βασιλεὺς
1646 1302 1675 1336 Ρ
1697 1304 1743 1338 66

156 1363 233 1414 τῆς
258 1357 414 1408 πόλεως
435 1358 683 1414 ἐξεληλακώς
703 1356 953 1413 προσβάλλει
971 1363 1023 1414 τῇ
1047 1363 1128 1401 τῶν
1146 1357 1407 1414 Νικητιοῖτων
1435 1364 1510 1413 τῆς
1527 1362 1624 1402 Λα-

158 1424 325 1481 κιβόζης
351 1428 561 1484 φρουρίῳ,
595 1428 663 1469 καὶ
687 1430 747 1484 τῷ
776 1430 920 1484 τυφλῷ
941 1423 1111 1484 Ἰωάννῃ
1136 1430 1341 1481 συμμίξας
1360 1431 1625 1484 φιλοφρονεῖ-

155 1496 231 1537 ταί
255 1511 299 1537 τε
326 1494 379 1537 τὰ
405 1493 566 1547 εἲκότα,
604 1496 671 1537 καὶ
699 1494 747 1537 τὸ
778 1495 833 1543 εἷς
860 1496 1009 1537 ἐκεῖνον
1041 1496 1155 1550 παρὰ
1186 1500 1259 1538 τοῦ
1286 1496 1444 1552 πατρὸς
1461 1496 1624 1552 γεγονὸς

101 1562 283 1612 Ξοαῦτός
305 1564 491 1617 ἐπειρᾶτο
518 1560 739 1616 μαλάττειν
757 1569 848 1612 ταῖς
863 1560 1167 1616 ὖποπτῶσεσιν,
1203 1563 1308 1606 ὥστε
1324 1566 1391 1606 καὶ
1409 1581 1622 1621 συγχωρη-

156 1635 287 1687 θῆναι
313 1631 415 1688 παρ’
439 1633 589 1675 ἐκείνου
612 1633 678 1674 καὶ
701 1629 787 1674 οἷον
808 1636 1122 1688 κραταιωθῆναι
1141 1631 1245 1689 πρὸς
1262 1632 1310 1676 τὸ
1331 1630 1559 1686 βασιλεύειν
1580 1634 1623 1684 ἐξ

156 1787 301 1822 bitatem
331 1786 479 1821 libenter
510 1786 646 1832 perpeti
676 1798 776 1832 quam
807 1788 875 1822 ulle
910 1799 985 1822 eum
1015 1788 1061 1822 iis
1091 1788 1231 1822 foedere
1263 1788 1374 1829 coire,
1410 1787 1471 1832 qni
1493 1798 1532 1821 se
1554 1786 1623 1821 isto

157 1833 256 1867 modo
287 1833 577 1867 condemnassent.
622 1845 690 1877 qua
713 1845 827 1867 eorum
851 1834 1026 1868 declarata
1049 1835 1277 1868 obstinatione
1297 1845 1392 1879 spem
1418 1833 1542 1866 nullam
1565 1844 1623 1866 re-

156 1878 331 1924 linquente
351 1878 606 1923 resipiscentiae
628 1878 664 1912 in
688 1883 878 1924 posterum,
901 1881 1011 1924 magis
1035 1886 1072 1913 et
1095 1881 1129 1913 in
1153 1880 1248 1924 ipsos
1269 1879 1445 1923 magisque
1468 1877 1621 1911 concita-

158 1928 216 1958 tus
238 1924 442 1968 imperatum
475 1929 510 1957 et
531 1923 613 1957 nibil
636 1925 764 1958 babens
783 1926 967 1970 reliquum,
988 1931 1110 1959 cuncta
1133 1926 1264 1958 frustra
1287 1931 1466 1969 expertus,
1490 1935 1557 1968 quo
1580 1935 1621 1957 se

158 1974 316 2013 speraret
334 1980 436 2013 posse
456 1969 589 2003 illorum
611 1970 740 2004 animos
763 1971 912 2011 mollire,
942 1971 1080 2004 tandem
1105 1970 1214 2004 exiliis
1236 1970 1329 2014 ipsos
1352 1970 1512 2002 damnare
1536 1980 1621 2002 con-

157 2014 279 2048 stituit-
327 2014 422 2047 iubet
450 2015 567 2058 itaque
587 2026 674 2048 nave
696 2016 872 2061 deportari
892 2016 929 2049 in
953 2028 1064 2050 arcem
1088 2027 1109 2049 a
1130 2015 1261 2048 dextris
1283 2014 1488 2058 ingredienti
1510 2014 1619 2048 sinum

158 2060 360 2093 Astacenum
375 2059 497 2100 sitam,
520 2059 576 2092 cui
597 2071 716 2094 nomen
739 2072 761 2093 a
782 2066 899 2095 sancto
924 2061 1095 2104 Gregorio
1119 2066 1194 2103 est,
1218 2060 1274 2094 ubi
1298 2060 1446 2093 conclusi
1471 2060 1533 2093 sub
1558 2071 1620 2093 cu-

157 2105 272 2139 stodia
295 2104 492 2143 Gestorum,
522 2104 576 2137 eui
603 2109 764 2149 praeerat
786 2117 872 2140 unus
894 2118 937 2140 ex
959 2106 1196 2150 imperatoriis
1211 2105 1485 2147 excubitoribus,
1508 2105 1619 2139 relicti

158 2154 238 2185 sunt
265 2149 338 2183 sine
361 2149 431 2183 ulla
451 2149 585 2182 interim
608 2150 801 2194 provisione
831 2152 999 2195 pensionis
1022 2152 1066 2184 ad
1089 2151 1237 2192 victum,
1270 2150 1384 2195 inopia
1405 2150 1465 2184 diu
1487 2151 1619 2184 frustra

155 2196 366 2242 praestolata
387 2195 613 2228 necessarium
636 2196 679 2229 ab
702 2196 908 2240 imperatore
930 2197 1135 2237 subsidium,
1170 2197 1282 2242 quoad
1305 2197 1477 2241 aliquante
1500 2202 1617 2240 poste-

156 2241 230 2275 rius
256 2240 477 2286 proficiscens
506 2240 541 2274 in
572 2240 747 2274 Orientem
780 2242 976 2285 patriarcba
1002 2241 1226 2285 Athanasius,
1258 2248 1296 2276 et
1317 2242 1361 2276 ad
1384 2241 1619 2286 Helenopolim

155 2288 280 2321 fretum
312 2286 506 2327 tmiiciens,
541 2285 631 2319 misit
654 2286 698 2320 ad
722 2298 781 2320 eos
812 2298 968 2330 magnum
990 2287 1216 2331 logothetam,
1245 2291 1365 2333 postea
1389 2287 1617 2333 protovestia-

156 2332 242 2366 rium
264 2338 435 2373 creatum,
462 2331 518 2376 qui
541 2333 655 2366 Vecco
677 2331 811 2375 quidem
834 2337 967 2366 centum
990 2345 1134 2375 aureos,
1156 2333 1390 2368 Meliteniotae
1411 2344 1496 2367 vero
1515 2333 1618 2378 quin-

158 2377 322 2422 quaginta
343 2378 497 2411 donavit.
521 2388 597 2411 nam
621 2377 743 2410 tertius
766 2377 957 2411 Metoclrita
978 2385 1119 2423 propter
1141 2379 1291 2413 morbum
1315 2379 1514 2424 deportatus
1537 2378 1619 2412 inde

157 2423 224 2456 iam
254 2428 334 2456 ante
363 2423 397 2456 in
428 2434 523 2457 suain
552 2423 684 2456 domum
707 2423 821 2456 suerat
841 2423 935 2457 iussu
958 2424 1184 2469 imperatoris.
1230 2425 1332 2469 (36)
1355 2425 1416 2458 sed
1439 2435 1494 2457 me
1514 2435 1619 2468 prae-

159 2468 304 2502 terierat
324 2468 413 2512 quod
437 2469 536 2511 paulo
561 2469 655 2512 prius
679 2468 846 2512 contigit,
879 2469 1115 2514 imperatorem
1144 2469 1305 2504 videlicet
1326 2481 1368 2504 ex
1392 2470 1477 2503 urbe
1498 2470 1618 2514 prol'e-

159 2517 251 2547 ctum
271 2525 310 2547 se
331 2514 514 2548 contulisse
533 2515 577 2548 ad
601 2525 713 2548 arcem
735 2513 983 2549 Nicetiatarum
1004 2515 1236 2560 Daeibyznm,
1267 2515 1382 2560 ibique
1412 2514 1617 2548 custoditum

158 2558 316 2592 Ioannem
334 2571 471 2593 caecum
494 2560 710 2604 perofficiose
731 2561 921 2601 salutasse,
951 2571 1199 2606 excussaeque
1222 2564 1260 2595 ut
1282 2561 1411 2607 potuit,
1443 2571 1485 2593 ac
1506 2558 1618 2593 multis

158 2604 315 2638 benevoli
338 2604 482 2638 affectus
506 2605 812 2650 significationibus
845 2605 1176 2652 exhibitionibusque
1205 2606 1342 2641 honoris
1363 2605 1518 2649 mitigare
1540 2610 1618 2637 ten·

159 2652 253 2683 tasse
274 2649 431 2684 iniuriam
452 2650 518 2695 ipsi
540 2662 562 2684 a
584 2656 683 2695 patre
705 2651 951 2685 atrocissimam
972 2650 1123 2693 illatam,
1154 2657 1193 2686 ut
1220 2652 1271 2686 sic
1302 2651 1459 2685 videlicet
1483 2662 1526 2684 ex
1549 2648 1618 2682 cir-

159 2695 363 2740 cumscripto
385 2695 552 2740 quondam
574 2696 706 2730 nefarie
728 2697 853 2740 pupillo
875 2697 1029 2742 principe
1049 2697 1192 2732 eliceret
1211 2697 1436 2732 voluntariam
1458 2695 1543 2729 iuris
1565 2693 1620 2728 sui

159 2739 342 2774 cessionem
358 2746 395 2774 et
413 2752 611 2776 consensum
633 2741 670 2776 in
690 2741 871 2786 imperium
892 2742 998 2787 ipsius
1014 2743 1214 2784 Andronici,
1236 2755 1303 2788 qno
1326 2752 1504 2783 consensu,
1525 2738 1619 2784 quod

158 2785 250 2819 sorte
269 2784 334 2830 ipsi
354 2786 402 2821 ad
421 2786 604 2832 legitimam
627 2787 838 2834 principatus
859 2787 1104 2834 possesionem
1126 2788 1257 2831 deerat,
1279 2792 1461 2833 utcumque
1481 2785 1618 2832 supple·
