1774 3120
223 193 255 240 6
801 189 1101 235 ὃΠΜΜΑΙίΙΑ.

224 303 260 338 5.
284 298 367 346 περὶ
386 299 456 335 τοῦ
474 297 533 337 ἐπὶ
550 297 606 349 ’τῷ
625 299 698 346 υἱῷ
716 294 786 335 τοῦ
806 297 982 344 βασιλέως
997 295 1148 343 Μιχαὴλ
1167 293 1325 342 κήδους,
1351 295 1416 333 καὶ
1437 294 1520 341 περὶ
1538 293 1614 345 τῶν
1630 295 1684 337 εἰς

223 349 335 384 τοῦτο
356 346 567 382 σταλέντων.
639 347 672 381 6.
703 344 822 390 γάμος
841 344 911 379 τοῦ
930 343 1104 391 βασιλέως
1122 341 1281 388 Μιχαήλ.
1349 345 1383 380 ’1.
1411 341 1512 384 ὅπως
1529 343 1684 388 συνῆγεν

225 393 245 430 ὁ
266 391 436 440 βασιλεὺς
457 392 546 433 τούς
564 391 796 436 σχιζομένους
815 389 927 426 πάλιν
945 389 1006 425 καὶ
1025 388 1226 435 εἰρηνεύειν
1246 388 1367 434 ἠξίου.
1435 390 1470 423 8.
1490 388 1591 435 ’περὶ
1618 389 1686 434 τῆς

225 440 319 476 κατὰ
340 437 500 483 ἀνάγκην
519 437 790 484 ἕξασθενήσεως
809 438 882 471 τῶν
901 438 1047 472 κοινῶν.
1115 437 1149 470 9.
1171 435 1254 480 περὶ
1272 435 1342 470 τοῦ
1362 435 1685 480 Φιλανθρωπηνοῦ

221 486 285 522 καὶ
303 485 529 525 ἅποστασίας
549 482 680 519 αὐτοῦ.
739 486 791 518 10.
816 483 897 527 περὶ
918 484 986 518 τοῦ
1006 483 1340 529 πρωτοβεστιαρίτη
1356 482 1602 527 Λιβαδαρίου,
1623 480 1687 517 καὶ

222 531 324 571 ὅπως
345 530 568 576 περιεγένετο
591 532 662 565 τοῦ
682 529 1014 573 Φιλανθρωπηνοῦ.
1084 530 1140 564 11.
1153 525 1276 584 ’ὅπως
1295 526 1491 584 παρεδόθῃ
1509 523 1531 562 ὁ
1555 529 1687 563 Φιλαν-

221 577 435 621 θρωπηνός.
511 578 567 612 12.
607 573 707 616 ὅπως
726 576 786 611 καὶ
803 574 894 612 πότε
915 574 936 612 ὁ
955 573 1126 620 βασιλεύς
1145 586 1280 618 ηκουσε
1296 572 1343 608 τοὶ
1360 575 1426 619 τῆς
1447 575 1688 613 αποστασίας.

226 626 280 659 13.
314 623 397 665 περὶ
411 623 486 658 τῶν
503 622 660 668 ἀγαθῶν
677 620 852 667 ἆγγελιῶν
871 622 933 657 καὶ
952 622 1016 665 τῆς
1033 618 1126 663 πρὸς
1143 619 1210 664 τὴν
1225 619 1406 656 θεοτόκον
1425 620 1496 655 τοῦ
1513 618 1691 666 βασιλέως

224 669 468 715 εὐχαριστίας.
539 669 592 705 14.
635 669 718 714 περὶ
742 670 818 702 τῶν
841 668 924 712 περὶ
949 666 1019 702 τὸν
1041 667 1361 711 Φιλανθρωπηνόν
1382 665 1504 702 ὄντων
1525 666 1691 711 Περσῶν.

227 717 282 751 15.
305 715 388 759 περὶ
414 716 480 759 τῆς
505 713 702 759 γενομένης
721 712 881 754 στάσεως
907 713 1041 758 μεταξύ
1060 714 1292 748 Γεννονϊτῶν
1308 712 1371 748 καὶ
1391 712 1606 754 Βενετικαῖν,
1625 711 1692 748 nat

225 762 309 804 περὶ
330 762 399 796 τοῦ
417 759 611 806 γεγονότος
631 762 793 804 σεισμοῦ.
864 761 915 795 16.
953 759 1036 804 περὶ
1054 760 1119 803 τῆς
1136 761 1317 800 λιτανείας
1333 759 1396 795 καὶ
1414 760 1481 805 τῆς
1497 760 1568 794 τοῦ
1586 760 1692 806 βασι-

227 807 317 848 λέως
334 808 571 852 δημηγορίας.
641 807 694 842 17.
732 805 817 849 περὶ
833 807 904 840 τοῦ
919 807 1226 852 χρυσοβουλλείου
1241 805 1354 851 λόγου
1374 806 1439 840 διὰ
1458 804 1548 845 τούς
1563 803 1693 851 κριτὰς

227 854 290 890 καὶ
311 856 456 897 κρίσεις.
518 854 573 888 18.
595 852 679 896 περὶ
694 854 760 894 τῆς
780 851 996 892 ἐπελεύσεως
1012 853 1087 886 τῶν
1107 853 1307 887 Βενετικοῖν
1325 850 1421 887 κατὰ
1438 851 1513 886 τῶν
1533 849 1572 886 ἐν
1588 851 1694 887 πόλει

228 901 473 941 Γεννουϊτῶν.
523 900 578 934 19.
600 896 700 938 ὅπως
723 895 743 934 ὁ
763 894 933 945 βασιλεῦς
953 898 1284 942 μεταπεμψάμενος
1302 897 1369 934 τὸν
1386 895 1551 942 ἡγεμόνα
1569 896 1695 933 αὐτῶν

227 947 425 992 πρεσβείαν
446 943 590 980 στέλλει.
659 946 714 980 20.
741 945 825 988 περὶ
843 945 908 988 τῆς
923 946 997 979 τῶν
1014 947 1248 980 Γεννουϊτοόν
1265 943 1358 981 κατὰ
1370 945 1444 979 τῶν
1462 943 1503 980 ἐν
1521 944 1569 989 τῇ
1589 941 1696 979 πόλει

229 993 431 1028 Βενετικῶν
449 989 657 1031 ἐπιθέσεως.
713 991 770 1026 21.
795 990 876 1035 περὶ
893 992 957 1035 τῆς
973 991 1026 1031 εἰς
1051 989 1266 1032 Βενετικούς
1280 991 1475 1036 πρεσβείας
1492 990 1558 1026 διὰ
1574 990 1696 1026 ταῦτα

229 1039 301 1074 τοῦ
327 1036 511 1082 βασιλέως.
580 1037 635 1072 22.
672 1037 756 1079 περὶ
776 1038 844 1071 ποῦ
865 1035 1066 1081 ῥιφθέντος
1085 1036 1202 1081 τόμου
1219 1036 1257 1073 ἐν
1279 1035 1308 1083 ᾧ
1326 1036 1522 1083 ἐγέγραπτο
1537 1048 1696 1082 κατηγο·-

230 1082 378 1130 ρήματοὶ
397 1096 501 1124 τινα,
539 1081 601 1116 καὶ
619 1082 702 1125 περὶ
718 1083 783 1126 τῆς
799 1081 935 1117 τούτου
956 1081 1157 1128 ἀπολογίας
1174 1085 1244 1119 τοῦ
1259 1084 1446 1131 βασιλέως.
1515 1083 1574 1119 23.
1612 1081 1697 1127 περὶ

230 1132 299 1167 τοῦ
319 1129 535 1174 κινηθέντος
555 1127 650 1162 κατὰ
665 1129 735 1164 τοῦ
757 1130 1021 1172 Φιλαδελφείας
1037 1127 1268 1174 ἐγκλήματος.
1329 1129 1386 1165 24.
1410 1128 1585 1174 περὶτῶν
1602 1127 1699 1164 ἄπο·-

231 1175 456 1221 τεθειμένων
474 1175 634 1219 χαρτίων
651 1174 713 1209 καὶ
731 1172 831 1215 ὅπως
846 1172 1064 1220 εὑρέθησαν.
1133 1176 1189 1210 25.
1220 1175 1305 1220 περὶ
1320 1177 1390 1211 τοῦ
1413 1173 1698 1220 Ταρχανειαὶτου

230 1221 423 1264 Ἰωάννου,
450 1220 551 1261 ὅπως
567 1219 652 1255 κατ’
672 1219 857 1267 ἀνατολὴν
874 1220 1076 1265 στρατηγός
1094 1218 1291 1267 ἀπεστάλη.
1335 1222 1394 1256 26.
1415 1222 1498 1268 περὶ
1513 1223 1590 1257 ταῖν
1601 1219 1700 1258 κατὰ

232 1268 281 1305 τοὶ
301 1267 428 1315 βόρεια
452 1265 630 1311 Τοχάρων
655 1266 718 1302 καὶ
735 1268 806 1302 τοῦ
822 1265 1143 1314 Σφεντισθλάβου.
1206 1270 1262 1303 27.
1285 1267 1370 1311 περὶ
1386 1269 1455 1303 τοῦ
1470 1266 1609 1312 κήδους
1629 1267 1700 1303 τοῦ

233 1314 328 1360 πρὸς
361 1313 544 1350 Τουκταῒν
570 1313 640 1348 τοῦ
666 1313 853 1360 βασιλέως.
921 1315 979 1349 28.
1018 1314 1103 1358 περὶ
1122 1315 1192 1349 τοῦ
1208 1313 1392 1359 ῥαγδαίου
1411 1311 1523 1350 ὑετοῦ
1540 1315 1604 1350 καὶ
1623 1315 1700 1349 τῶν

234 1361 321 1397 τότε
345 1358 614 1405 συμπεσόντων.
684 1359 742 1394 29.
779 1359 863 1400 περὶ
885 1361 954 1395 τοῦ
972 1358 1145 1395 θανάτου
1169 1362 1238 1396 τοῦ
1254 1361 1386 1403 Λαζῶν
1404 1356 1603 1403 Ἰωάννου,
1633 1359 1700 1396 καὶ

233 1409 304 1444 τοῦ
321 1405 497 1444 θανάτου
513 1405 584 1440 τοῦ
600 1402 752 1440 Βέκκον.
821 1406 878 1442 30.
910 1405 993 1450 περὶ
1010 1407 1080 1441 τοῦ
1095 1405 1212 1453 κράλη
1234 1407 1396 1452 Σερβίας
1411 1407 1472 1443 καὶ
1488 1408 1559 1443 τοῦ
1576 1409 1702 1443 Kota-

236 1455 349 1497 νίτζη.
420 1453 478 1488 31.
516 1450 599 1496 περὶ
621 1452 692 1486 τοῦ
714 1448 808 1494 πρὸς
827 1450 965 1497 κροὲλην
983 1453 1142 1499 Σερβίας
1162 1451 1220 1489 ἐπὶ
1239 1454 1284 1500 τῇ
1296 1453 1457 1498 θυγατρὶ
1475 1451 1615 1501 κήδους
1630 1453 1702 1489 τοῦ

235 1496 422 1583 ἔασιλέως.
501 1497 557 1532 32.
594 1496 678 1541 περὶ
713 1498 780 1541 τῆς
817 1495 1019 1542 ὀνομασίας
1042 1499 1108 1543 τῆς
1133 1497 1387 1546 δεσποσύνου,
1419 1501 1501 1544 παῖς
1535 1498 1702 1547 Σιμωνὶς

255 1543 388 1592 κλήθη.
457 1543 513 1580 83.
535 1541 619 1588 περὶ
637 1544 706 1580 τοῦ
723 1544 896 1590 μεγίστου
915 1546 1103 1591 χειμῶνος.

237 1679 429 1726 coniugem.
476 1679 511 1715 5.
545 1678 589 1713 de
620 1679 795 1723 affinitate
820 1680 864 1714 ab
889 1681 1095 1726 imperatore
1108 1681 1184 1726 filii
1206 1681 1387 1716 Michaelis
1413 1681 1544 1727 nuptiis
1564 1684 1702 1716 contra-

238 1732 323 1769 cta,
347 1727 456 1770 deque
479 1724 588 1759 missis
611 1726 660 1759 ad
681 1727 906 1761 tractandum
931 1729 970 1761 id
992 1729 1169 1772 negotium
1192 1727 1332 1773 legatis.
1378 1729 1413 1763 6.
1437 1727 1581 1772 nuptiae
1595 1729 1704 1773 impe·-

237 1773 366 1808 ratoris
389 1771 580 1805 Michaelis.
627 1772 660 1806 7.
683 1777 723 1807 ut
744 1784 863 1806 rursus
885 1773 1073 1818 imperator
1103 1774 1290 1808 tentaverit
1311 1773 1473 1809 reducere
1495 1775 1544 1808 ad
1566 1785 1705 1808 concor-

241 1819 336 1856 diam
360 1818 541 1853 schismate
564 1817 731 1860 discissos,
756 1822 791 1851 et
814 1822 854 1853 ut
875 1820 988 1863 quiete
1009 1831 1130 1864 pacem
1154 1821 1301 1854 colerent
1319 1820 1470 1864 petierit.
1517 1821 1551 1856 8.
1575 1820 1619 1853 de
1637 1819 1703 1854 de-

239 1864 434 1900 bilitatione
463 1863 670 1907 reipublicae
702 1875 720 1896 e
744 1863 871 1897 dudum
905 1865 1192 1899 invalescentibus
1214 1865 1414 1909 corruptelis
1437 1866 1628 1900 necessario
1649 1876 1706 1900 se-

240 1915 334 1945 cula.
381 1911 416 1944 9.
451 1909 495 1942 de
529 1909 816 1953 Pltilanthropeno
851 1914 884 1943 et
923 1911 997 1944 eins
1025 1911 1215 1944 rebellione.
1273 1913 1328 1946 10.
1355 1911 1399 1945 de
1426 1911 1705 1955 protovestiarite

239 1954 455 1995 Libadario,
478 1958 517 1988 ut
540 1954 570 1987 is
597 1955 922 1998 Philanthropenum
944 1957 982 1989 in
1004 1967 1102 1991 suam
1122 1961 1329 2001 potestatem
1352 1957 1541 2002 redegerit.
1587 1958 1640 1992 11.
1663 1960 1705 1991 ut

242 2002 379 2036 deditus
395 1999 702 2044 Philanthropenus
710 2002 833 2043 suerit.
882 2003 936 2036 12.
961 2002 1124 2046 quomoda
1146 2007 1179 2037 ct
1195 2003 1331 2048 quanda
1349 2003 1537 2047 imperator
1552 2002 1706 2036 audierit

245 2047 290 2082 de
313 2046 505 2079 rebellione.
554 2047 608 2082 13.
634 2046 676 2080 de
692 2047 824 2088 faustis
844 2048 973 2080 nuntiis
996 2052 1030 2081 et
1052 2049 1270 2092 imperatoris
1292 2048 1340 2082 ad
1362 2049 1541 2092 deiparam
1564 2048 1706 2094 gratia-

245 2103 322 2126 rum
347 2092 492 2125 actione.
541 2091 595 2125 14.
618 2092 662 2125 de
686 2091 801 2126 Persis
821 2093 881 2136 qui
902 2104 977 2129 cum
1003 2093 1287 2138 Philantkropeno
1302 2095 1462 2137 fuerant.
1508 2094 1564 2131 15.
1589 2094 1633 2128 de
1653 2105 1708 2128 se-

247 2137 379 2173 ditione
404 2137 601 2170 Genuenses
629 2138 722 2171 inter
753 2143 787 2172 et
824 2139 968 2173 Venetos
989 2145 1126 2182 coorta,
1160 2141 1268 2184 deque
1290 2145 1407 2174 terrae
1430 2144 1537 2175 motu.
1583 2141 1639 2176 16.
1662 2139 1708 2174 da

246 2182 495 2227 supplicatione
527 2187 562 2215 et
595 2183 811 2226 imperatoris
841 2185 1011 2219 concione.
1061 2187 1116 2221 17.
1140 2186 1183 2219 de
1215 2186 1454 2220 constitutione
1476 2197 1587 2220 aurea
1612 2185 1708 2219 bulla

243 2230 387 2271 firmata
410 2228 501 2262 circa
524 2228 652 2262 iudices
671 2234 703 2262 et
722 2230 862 2263 iudicia.
910 2233 963 2267 18.
988 2231 1031 2265 de
1051 2231 1240 2275 irruptione
1261 2232 1463 2266 Venetorum
1484 2233 1522 2265 in
1547 2232 1708 2265 Genuen·

246 2285 300 2308 ses
326 2273 419 2306 urbis
441 2273 631 2317 inquilinae.
681 2276 737 2308 19.
759 2281 798 2309 ut
821 2276 1009 2319 imperator
1040 2278 1148 2311 accito
1172 2278 1220 2311 ad
1242 2288 1278 2311 se
1301 2278 1388 2311 duce
1409 2278 1529 2311 classis
1556 2277 1708 2311 Venetae

247 2319 459 2364 legationem
487 2319 648 2352 Venetias
671 2321 813 2356 miserit.
859 2323 914 2356 20.
946 2323 989 2356 de
1020 2323 1208 2357 incursione
1240 2322 1468 2357 Genuensium
1490 2322 1527 2356 in
1563 2322 1709 2357 Venetos

249 2365 309 2410 qui
334 2369 433 2398 erant
465 2364 502 2397 in
526 2364 619 2398 urbe.
666 2367 725 2399 21.
755 2366 796 2399 (le
821 2367 995 2410 legatione
1029 2370 1076 2402 ad
1107 2370 1248 2403 Venetos
1270 2369 1311 2401 ab
1334 2369 1396 2402 Ῑιοσ
1418 2368 1535 2404 missa.
1581 2369 1639 2402 22.
1662 2368 1707 2402 de

247 2412 341 2446 iacta
363 2414 453 2443 torno
483 2410 520 2443 in
544 2421 607 2454 quo
629 2412 778 2454 scriptae
810 2417 908 2446 erant
931 2415 1164 2447 accusationes
1194 2414 1388 2458 quaedam‚·
1420 2418 1455 2447 et
1475 2417 1516 2447 ut
1537 2413 1581 2446 de
1602 2413 1646 2447 iis
1669 2423 1708 2447 se

245 2456 412 2501 purgarit
444 2455 642 2498 imperator.
704 2458 763 2491 23.
803 2458 846 2490 de
890 2463 984 2491 mota
1027 2460 1063 2493 in
1099 2459 1426 2503 Philadelphiensem
1458 2459 1706 2494 criminatione.

248 2500 307 2538 24.
337 2502 380 2535 de
418 2501 547 2535 chartis
581 2502 618 2534 in
649 2504 778 2534 occulto
811 2504 1013 2544 reconditis,
1049 2509 1084 2538 ct
1113 2509 1153 2538 ut
1187 2516 1250 2538 eae
1271 2505 1341 2538 sint
1363 2505 1535 2539 inventae.
1579 2505 1638 2539 25.
1662 2504 1708 2538 de

251 2547 486 2581 Tarchaniota
512 2548 659 2587 Ioanne,
683 2552 721 2580 ut
744 2547 781 2580 in
805 2548 976 2582 Orientem
1001 2550 1070 2582 dux
1093 2551 1257 2584 exercitus
1279 2550 1399 2582 missus
1413 2550 1538 2592 suerit.
1582 2551 1640 2584 26.
1665 2549 1708 2584 dc

254 2593 418 2627 Tocharis
439 2594 758 2636 septentrionalibus
794 2599 828 2627 et
861 2594 1148 2637 Sphentisthlabo.
1193 2596 1249 2629 27.
1275 2595 1317 2628 de
1341 2596 1516 2638 affinitate
1539 2606 1615 2628 cum
1640 2595 1708 2629 Ta-

251 2639 365 2673 ctaine
389 2639 432 2671 ab
456 2639 663 2682 imperatore
687 2643 875 2672 contracta.
922 2641 978 2674 28.
1005 2641 1047 2673 de
1070 2641 1176 2674 imbre
1186 2641 1379 2674 vehementi
1398 2645 1432 2674 et
1455 2641 1498 2674 iis
1521 2651 1609 2684 quae
1626 2645 1708 2675 tunc

250 2684 480 2728 contigerunt.
527 2685 582 2718 29.
609 2685 651 2717 de
674 2689 780 2717 morte
795 2685 959 2729 principis
985 2687 1162 2728 Lazarum,
1186 2687 1293 2730 deque
1315 2687 1409 2719 obitu
1434 2686 1542 2720 Vecci.
1588 2687 1645 2721 80.
1663 2686 1707 2720 de

251 2731 343 2764 crale
367 2730 505 2763 Serbiae
528 2734 562 2763 et
588 2730 783 2764 Colanitza.
828 2731 885 2764 31.
920 2735 960 2765 ut
982 2732 1170 2775 imperator
1200 2733 1286 2765 crali
1308 2731 1450 2766 Serbiae
1469 2731 1644 2777 propriam
1655 2733 1708 2775 fl·-

252 2776 337 2808 liam
361 2776 589 2818 desponderit.
633 2776 692 2810 32.
715 2776 758 2809 de
780 2777 1048 2811 nomenclatione
1070 2778 1313 2822 imperatoriae
1336 2777 1506 2824 virginis,
1548 2788 1609 2812 cur
1622 2779 1708 2822 sue-

251 2821 299 2856 rit
319 2820 465 2857 Simonis
487 2821 677 2867 appellata.
721 2822 779 2858 33.
802 2822 845 2857 de
864 2822 1018 2858 maxima
1039 2823 1161 2859 hieme.
