1858 3126
230 139 327 186 384
652 138 888 183 GEORGII
920 138 1273 185 PACHYMERIS

231 255 298 296 καὶ
323 249 458 308 βάδην
476 250 554 294 ὕπ’
582 250 670 310 ἀέρι
695 257 778 310 πῦρ
798 251 959 296 πνέοντι
980 255 1046 296 καὶ
1071 258 1238 313 καιρικῷ
1261 255 1407 312 πνίγει,
1443 254 1531 311 ἅμα
1553 261 1694 313 κληρι-

177 330 209 364 D
234 326 316 365 κῶν
339 328 424 371 τοῖς
441 326 727 377 παρατυχοῦσι
757 323 823 365 καὶ
845 327 903 381 τῷ
930 327 1017 382 λαῷ
1038 321 1134 373 ὅσος
1159 325 1414 378 συνείλεκτο,
1448 325 1525 380 τὴν
1549 326 1694 380 ἔκκλη-

228 391 322 433 σίαν
353 387 720 444 καταλαμβάνουσι
733 424 746 444 ,
793 392 860 434 καὶ
885 389 1008 433 πάλιν
1032 392 1250 442 ἐπίσκοπος
1262 425 1276 445 ,
1314 391 1451 450 ὥσπερ
1471 394 1515 436 ἔκ
1533 392 1694 450 μαγγά-

227 476 300 502 νου
330 458 440 508 τινὸς
462 463 535 514 τῆς
563 460 629 502 ἐπὶ
658 464 717 519 τῷ
749 464 902 519 σεισμῷ
932 457 1110 515 δοξάσης
1129 458 1395 517 προγνώσεως
1425 463 1480 512 εἷς
1499 462 1546 504 τὸ
1568 463 1707 516 μέσον

227 528 382 585 ῥιφείς,
419 526 688 585 ἀναφαίνεται
707 526 728 572 ὅ
746 528 849 584 μηδ’
876 526 962 578 οἷός
981 547 1023 572 τε
1045 528 1143 573 εἶναι
1163 530 1238 585 τὴν
1260 530 1371 587 ἱερὰν
1388 529 1519 586 ἀρχὴν
1539 530 1726 574 ἀναλα-5

225 602 313 651 βεῖν
333 595 671 653 προαιρούμενος.
741 599 809 641 καὶ
830 596 851 640 ὅ
869 599 943 652 μὲν
961 598 1095 653 τυχῶν
1115 593 1242 655 οὗπερ
1260 597 1380 656 χάριν
1401 601 1468 642 καὶ
1491 598 1542 642 τὰ
1562 600 1695 642 πολλὰ

226 667 356 709 ἐκεῖνα
386 670 469 709 τῶν
501 666 607 709 καθ’
640 665 797 722 ἡμέραν
822 671 987 721 βουλῶν
1015 668 1303 724 ἐξυφαίνοντο,
1341 669 1697 725 σπουδαιοτριβῶν

225 735 267 785 ἒς
286 734 401 784 τέλος
425 732 477 777 τά
507 735 545 777 οἳ
570 733 831 791 προσήκοντα
863 738 930 779 καὶ
950 734 1051 792 ὑπὲρ
1075 734 1248 790 δύναμιν
1277 736 1352 780 οὐκ
1368 736 1491 780 ἀνίει·
1527 737 1565 780 οἳ
1585 738 1634 780 δέ
1652 754 1695 794 γε

82 814 110 847 Ρ
134 814 203 850 267
227 808 309 847 τῶν
339 803 558 860 ἀρχιερέων
590 802 748 859 ἡμίσεις
759 838 772 857 ,
815 805 892 848 σὺν
913 803 972 855 οἷς
995 807 1061 848 καὶ
1082 810 1165 848 τῶν
1184 807 1226 849 ἐν
1245 811 1442 861 μοναχοῖς
1463 803 1695 849 δοκούντων

226 874 331 923 τινὲς
363 875 430 916 καὶ
461 877 544 916 τῶν
579 877 781 930 κληρικῶν
812 873 934 927 ἔνιοι,
982 879 1190 931 καρτερῶς
1219 875 1439 932 διέγνωσαν
1469 875 1695 930 σχίζεσθαι.
1707 882 1751 916 10

227 947 303 997 τῆς
325 941 365 984 δ’
390 942 670 999 ἐπιγενομένης
696 941 853 1000 ’ἡμέρας
886 942 906 986 ὅ
928 941 1185 1000 πατριάρχης
1203 942 1395 1000 Ἰωάννης
1415 942 1468 987 τὰ
1485 943 1592 987 καθ’
1618 941 1696 988 αὖ·

227 1011 300 1054 τὸν
330 1011 433 1066 πρὸς
462 1011 508 1054 τὸ
537 1009 786 1068 ἀδηλότερον
817 1010 1228 1067 μετασκευασάμενος
1259 1012 1331 1070 ἐφ’
1369 1007 1403 1072 ᾧ
1431 1016 1506 1069 τῆς
1541 1010 1698 1063 πόλεως

227 1081 431 1134 ἐξελθεῖν,
476 1079 581 1136 μηδ’
614 1080 727 1140 αὐτῷ
755 1085 922 1135 βασιλεῖ
950 1079 1277 1136 συνταξάμενος,
1321 1081 1410 1135 ἅμα
1444 1088 1531 1132 τοῖς
1563 1081 1695 1125 αὐτοῦ

228 1149 390 1206 ἇπαίρει
409 1153 490 1192 τῶν
507 1151 606 1207 τῇδε
624 1151 691 1192 καὶ
710 1150 812 1208 πρὸς
831 1147 1066 1203 Σωζόπολιν
1086 1152 1249 1206 γίνεται.
1309 1155 1367 1210 τῷ
1389 1149 1430 1193 δ’
1452 1145 1503 1206 ἦν
1521 1148 1697 1206 ἑκάστης

228 1221 434 1261 διαλαλεῖν
464 1219 658 1276 ἐμφανῶς
681 1216 737 1270 ὥς
768 1221 963 1274 διωχθείη
994 1224 1069 1275 τῆς
1099 1219 1313 1275 ἐκκλησίας
1333 1220 1399 1262 καὶ
1417 1217 1474 1269 ὥς
1491 1218 1538 1262 τὸ
1559 1221 1626 1262 καὶ
1646 1219 1694 1263 τὸ
1706 1224 1749 1260 15

226 1285 386 1340 πάθοι,
425 1289 492 1330 καὶ
523 1285 688 1331 πάντων
715 1288 819 1331 κατὰ
849 1285 1006 1343 κόσμου
1026 1291 1234 1344 δυσχερῶν
1252 1288 1326 1343 τὴν
1344 1287 1474 1331 αὐτοῦ
1492 1287 1696 1331 ἀπουσίαν

174 1370 204 1403 Β
229 1357 521 1410 ἐπαιτιᾶσθαι,
567 1358 634 1399 καὶ
661 1364 748 1407 τοῖς
787 1361 991 1413 κληρικοῖς
1019 1358 1329 1409 ἓξονειδίζεσθαι
1358 1355 1416 1407 ὥς
1446 1358 1590 1407 αἰτίοις
1601 1389 1615 1410 ,
1661 1356 1704 1400 εἷ’

224 1423 306 1469 πού
327 1443 366 1468 τι
398 1427 466 1468 καὶ
499 1426 659 1480 ’ξυμβὰν
679 1426 793 1482 ἔτυχε
804 1458 817 1478 ,
853 1427 920 1468 καὶ
948 1427 1010 1469 ἐπὶ
1031 1427 1246 1476 λιτανείαις
1264 1433 1417 1477 κοιναῖς
1435 1430 1609 1482 θαρρεῖν
1629 1426 1696 1469 ε’ν-

224 1499 373 1537 τεῦθεν
403 1496 605 1550 διορθοῦν
633 1495 685 1538 τὰ
717 1494 928 1552 σφαλέντα
961 1493 1018 1545 ὥς
1044 1498 1175 1551 δῆθεν
1205 1497 1272 1537 καὶ
1305 1494 1382 1538 ἀπ’
1420 1493 1610 1548 ἀμελείας
1627 1496 1696 1538 καὶ

222 1567 385 1621 τρυφῆς
414 1562 652 1618 ξυμβάντα,
695 1561 751 1614 ὥς
781 1565 854 1606 καί
869 1581 959 1607 τινα
978 1566 1177 1622 διορθοῦν
1196 1565 1326 1618 δῆθεν
1349 1566 1573 1620 πειρᾶσθαι
1591 1563 1750 1620 πρὸςΞΟ

225 1743 286 1778 des
310 1755 413 1790 passu
442 1743 535 1779 lento
557 1743 620 1778 sub
643 1742 905 1789 flagrantissimo
936 1755 1064 1790 vapore
1094 1743 1175 1779 solis
1197 1743 1390 1786 meridiani,
1427 1754 1490 1790 per
1520 1754 1694 1786 summam,

224 1794 265 1824 ut
288 1794 357 1824 tum
381 1794 470 1834 erat,
495 1795 662 1825 aestatem
683 1793 795 1825 aerem
831 1802 915 1836 prae
947 1792 1070 1825 ardore
1091 1791 1150 1825 vix
1180 1790 1372 1835 spirabilem
1395 1790 1588 1833 reddentis,
1617 1801 1692 1824 cum

223 1836 409 1882 assumptis
441 1848 509 1871 una
540 1842 708 1882 quotquot
737 1836 848 1871 obiter
879 1842 1099 1871 occurrerent
1129 1836 1262 1871 clericis
1297 1842 1334 1870 et
1364 1836 1393 1870 si
1426 1839 1484 1881 qui
1515 1848 1535 1870 e
1567 1837 1691 1881 populo

226 1883 474 1924 confluxerant,
497 1883 530 1917 in
555 1882 733 1917 ecclesiam
757 1882 908 1918 deduxit.
955 1883 1004 1918 sic
1027 1895 1145 1918 rursus
1167 1883 1374 1917 Athanasius
1397 1883 1594 1927 episcopus,
1618 1881 1693 1916 vel-

225 1934 264 1963 ut
299 1941 318 1963 e
346 1928 619 1975 praestigiatrice
662 1928 809 1975 quadam
840 1928 993 1964 machina
1026 1929 1250 1974 praevisionis
1278 1930 1371 1963 circa
1398 1929 1547 1963 futurum
1578 1933 1693 1962 terrae

229 1982 354 2009 motum
379 1976 422 2009 ab
446 1987 499 2016 eo,
528 1980 568 2009 ut
590 1976 788 2020 putabatur,
812 1976 966 2018 habitae,
989 1975 1158 2019 proiectus
1180 1976 1213 2009 in
1237 1975 1380 2010 medium
1402 1973 1604 2016 ostenditur,
1631 1973 1694 2008 ho-
1739 1982 1746 1988 ·

229 2033 283 2054 mo
307 2021 363 2066 qui
388 2026 509 2066 sponte
530 2021 740 2056 declarasset
771 2033 809 2056 se
838 2033 904 2056 non
937 2033 1038 2067 posse
1059 2033 1232 2056 sacrorum
1263 2021 1487 2067 principatum
1510 2030 1694 2055 resumere.

230 2071 334 2110 atque
365 2067 423 2101 ille
453 2067 589 2113 quidem
621 2067 801 2113 aliquando
833 2072 1008 2102 assecutus
1038 2068 1072 2102 id
1106 2069 1199 2102 cuius
1230 2067 1344 2112 gratia
1374 2071 1428 2100 tot
1454 2066 1514 2100 illa
1541 2065 1694 2111 quotidie

229 2113 350 2146 callida
372 2113 510 2147 inventa
533 2115 772 2154 subtexuerat,
793 2114 895 2148 etiam
919 2114 1062 2148 ulterius
1085 2126 1191 2160 usque
1213 2114 1246 2148 in
1270 2113 1372 2147 finem
1394 2124 1483 2158 quae
1504 2112 1568 2146 sibi
1592 2113 1694 2146 reba-

227 2166 286 2192 tur
309 2163 519 2203 opportuna,
552 2164 734 2206 utcumque
763 2160 958 2194 facultatem
988 2160 1096 2204 ipsius
1128 2160 1351 2201 excederent,
1383 2158 1508 2193 astutis
1529 2158 1694 2192 affectare

228 2204 400 2246 artificiis,
430 2205 518 2238 omni
551 2206 662 2240 studio
695 2206 868 2250 adhibito,
893 2218 959 2240 non
981 2206 1187 2241 desistebat:
1219 2205 1455 2251 episcoporum
1483 2215 1564 2238 vero
1593 2202 1693 2236 dimi-

227 2250 333 2293 dium,
358 2262 431 2284 cum
456 2252 576 2296 quibus
600 2256 635 2286 et
650 2251 787 2297 quidam
809 2253 1044 2287 monachorum
1067 2265 1108 2287 eo
1131 2252 1166 2286 in
1189 2253 1306 2286 ordine
1329 2249 1572 2296 praestantium
1595 2254 1693 2283 erant

224 2299 261 2330 et
283 2295 398 2330 clerici
422 2297 593 2339 nonnulli,
614 2304 709 2331 certo
733 2299 983 2332 constituerunt
1005 2299 1049 2333 ab
1073 2298 1145 2332 eius
1169 2297 1398 2332 communione
1419 2306 1458 2329 se
1481 2293 1692 2329 abscindere.

221 2347 362 2388 postera
386 2353 487 2386 porro
510 2343 588 2377 inde
608 2343 664 2377 die
686 2344 880 2388 patriarcha
904 2345 1048 2378 Ioannes
1072 2345 1255 2378 clanculum
1280 2343 1446 2377 adornata
1468 2340 1693 2386 profectione,

222 2400 266 2422 ne
289 2387 369 2433 quid
392 2388 619 2423 intercederet
638 2400 705 2434 quo
730 2390 847 2432 minus,
871 2390 921 2424 uti
945 2390 1157 2432 decreverat,
1172 2389 1356 2422 insalutato
1378 2386 1585 2430 imperatore
1605 2387 1692 2420 urbe

247 2439 339 2467 osset
362 2434 475 2473 exire,
499 2445 566 2468 una
590 2447 664 2469 cum
691 2434 761 2469 suis
785 2436 863 2469 hinc
886 2435 1062 2469 discedens
1089 2435 1176 2469 viam
1199 2432 1390 2478 Sozopolim
1413 2443 1534 2466 versus
1556 2432 1691 2479 institit.

221 2446 298 2514 Euic
322 2479 440 2513 exhinc
463 2481 611 2515 solemne
634 2480 698 2514 suit
721 2481 873 2524 quotidie
895 2482 1006 2525 palam
1035 2480 1196 2525 conqueri
1219 2491 1257 2513 se
1280 2489 1341 2532 per
1363 2477 1428 2511 vim
1452 2478 1597 2513 ecclesia
1619 2479 1691 2514 eie-

221 2533 323 2568 ctum,
346 2537 384 2560 se
408 2526 471 2559 hoc
495 2529 531 2558 et
554 2527 637 2567 hoc,
660 2526 854 2569 singillatim
878 2526 1075 2571 exequendo
1100 2525 1262 2571 plurima,
1283 2524 1409 2558 iniuste
1429 2524 1585 2570 perpeti3
1608 2536 1690 2559 cau-

222 2584 363 2618 samque
387 2572 532 2606 omnium
557 2572 784 2605 calamitatum
809 2583 898 2616 quae
921 2572 1076 2605 mundum
1100 2571 1301 2605 inundarent
1324 2571 1499 2605 absentiae
1522 2582 1605 2606 suae
1627 2571 1692 2605 im·-

225 2623 369 2664 putare;
403 2622 583 2662 praeterea
618 2617 751 2652 clericis
775 2618 1003 2662 exprobrare,
1039 2622 1210 2662 tamquam
1233 2617 1334 2662 culpa
1356 2617 1485 2651 illorum
1508 2617 1691 2658 accideret,

227 2666 258 2698 si
281 2664 364 2710 quid
387 2663 514 2698 sinistri
538 2667 710 2699 evenerat.
756 2664 846 2697 idem
870 2664 972 2697 etiam
994 2663 1165 2697 confidens
1187 2662 1357 2696 emendari
1380 2675 1504 2708 posse,
1526 2664 1589 2697 deo
1611 2675 1692 2708 pre-

226 2711 323 2745 cibus
347 2709 523 2756 placando,
548 2721 637 2756 quae
661 2709 746 2744 male
769 2710 932 2743 hactenus
955 2714 1200 2749 successerant,
1228 2709 1325 2754 quasi
1345 2721 1386 2743 ea
1409 2709 1444 2744 in
1466 2709 1693 2754 negligentiae

226 2769 268 2791 ac
291 2757 389 2791 luxus
411 2768 551 2802 poenam
576 2756 740 2802 permissa
771 2754 931 2790 divinitus
954 2755 1110 2797 fuissent,
1137 2755 1288 2789 instabat
1310 2755 1521 2790 celebrandis
1543 2766 1692 2790 commu-

226 2804 316 2838 niter
339 2802 477 2838 litaniis.
524 2808 666 2838 conatus
686 2813 822 2849 quoque
843 2805 897 2836 est
931 2802 1095 2848 quaedam
1118 2802 1290 2847 corrigere
1312 2801 1347 2836 in
1369 2803 1531 2846 formam,
1565 2806 1605 2837 ut
1625 2800 1690 2848 ipsi
