1858 3126
232 156 329 203 344
654 153 892 198 GEORGII
925 153 1278 198 PACHYMERIS

232 268 367 324 δεινά,
404 271 472 313 καὶ
502 266 551 313 οὗ
584 267 693 312 καθ’
728 267 770 312 ἵν
801 284 839 311 τι
855 266 981 324 μέρος
1001 266 1107 311 ἀλλὰ
1131 263 1394 322 πανταχόθεν
1423 268 1491 311 καὶ
1514 271 1703 325 πανταχῇ

233 339 484 396 συρρέοντα,
531 337 579 381 οὗ
605 337 712 381 κατὰ
743 341 820 394 γῆν
854 335 983 393 μόνον
1014 335 1113 379 ἀλλ’
1145 335 1226 392 ἤδη
1248 337 1316 378 καὶ
1335 336 1440 380 κατὰ
1461 334 1703 381 θάλασσαν.

233 407 433 465 πρότερον
450 407 524 462 μὲν
542 407 620 464 γὰρ
644 408 833 463 πειραταὶ
854 403 1161 459 καταλαβόντες
1182 405 1356 448 Τένεδον
1374 409 1498 461 νῆσον
1514 403 1572 456 ὥς
1595 406 1704 448 ῗδίαν

231 477 336 532 εἶχον
349 509 362 529 ,
400 478 468 520 καὶ
491 473 728 535 ὁρμητηρίῳ
749 476 926 532 ἐχρῶντο
938 507 952 529 ,
985 475 1175 518 κάκεῖθεν
1196 473 1465 524 ἀναπλέοντες
1490 475 1558 517 καὶ
1577 472 1701 517 πόλλ’

231 546 338 590 ἅττα
368 549 449 589 τῶν
478 547 620 589 δεινῶν
647 542 898 600 πράττοντες
931 545 972 588 ἐν
1001 542 1133 602 ταύτῃ
1166 545 1234 586 καὶ
1263 539 1389 593 αὖθις
1417 540 1737 600 προσώκελλονς,

230 614 573 672 ὑποστρέφοντες.
644 611 738 657 τότε
769 613 811 656 δ’
845 613 941 656 ἀλλ’
969 614 1129 657 ἐκείνων
1155 614 1222 655 καὶ
1250 610 1424 656 ἑκόντων
1445 612 1551 656 κατὰ
1572 609 1707 669 φόβον

91 695 116 727 Ρ
141 695 209 731 237
234 681 585 737 ἀπαλλαξάντων,
622 683 668 726 τὸ
691 682 898 740 Περσικὸν
920 681 1019 726 ὅσον
1050 678 1100 737 ἦν
1122 680 1322 739 ἐνδοτέρω
1340 678 1707 738 ναυπηγησάμενον

230 761 321 804 ταῖς
340 750 554 796 Κυκλάσιν
585 752 783 808 ἐπέχραον
803 755 871 794 καὶ
898 756 1034 802 κακῶς
1054 752 1219 794 ἐποίουν
1229 784 1243 805 ,
1279 752 1347 794 καὶ
1371 755 1494 795 τοῦτο
1515 751 1590 804 μὲν
1610 752 1709 810 Χίῳ

231 827 356 867 τοῦτο
387 822 433 865 δὲ
464 819 597 880 Σάμῳ
630 823 697 864 καὶ
730 818 956 881 Καρπάθῳ
985 822 1052 864 καὶ
1076 820 1184 878 αὐτῇ
1205 817 1333 880 Ῥόδῳ
1351 821 1419 863 καὶ
1443 823 1615 870 πολλαῖς
1632 819 1710 862 σὺν

233 892 379 942 αὐταῖς
409 889 566 948 ἑτέραις
597 889 673 933 οὐκ
703 889 857 947 ὀλίγαις
887 887 1221 947 προσβάλλοντες
1248 897 1340 940 ταῖς
1367 890 1487 933 ναυσὶ
1516 889 1590 939 τὰς
1606 888 1708 939 τέως
1720 901 1764 936 10

232 959 682 1020 ἔνῳκισμέναςοχεδὸν
710 956 929 1014 ἀοικήτους
950 957 1195 1016 εἷργάζοντο.
1267 958 1342 1003 οὐκ
1369 954 1420 1014 ἦν
1442 958 1486 1002 δ’
1510 956 1617 1009 ὅλως
1633 957 1710 1001 οὗ·

234 1031 278 1073 δὲ
297 1037 384 1079 τοῖς
399 1030 442 1071 ἓν
475 1032 527 1085 τῇ
549 1033 601 1086 γῇ
632 1046 674 1072 τε
701 1030 768 1071 καὶ
796 1026 1041 1085 ἠπειρώταις
1069 1027 1280 1072 &ramim
1306 1032 1390 1072 τῶν
1410 1025 1587 1084 μόχθων
1606 1026 1707 1071 οὐδ’

232 1101 273 1149 ἐς
290 1095 427 1155 βραχύ
441 1111 451 1121 ·
486 1096 585 1141 ὅσον
608 1097 685 1155 γὰρ
711 1095 810 1141 ὅσον
842 1099 910 1140 καὶ
932 1098 1048 1153 δίκην
1071 1097 1215 1154 ἀγρίου
1233 1094 1387 1154 πυρός,
1425 1096 1477 1140 τὰ
1497 1097 1613 1147 ἐντὸς
1633 1113 1711 1139 κα-

184 1176 213 1209 Β
240 1165 484 1223 τεβόσκοντο
498 1199 512 1219 ,
548 1168 616 1210 καὶ
645 1166 753 1210 καθ’
775 1164 933 1222 ἡμέραν
962 1167 1049 1209 νέαι
1071 1164 1165 1210 δύαι
1183 1165 1425 1222 ἠγγέλλοντο
1446 1167 1514 1209 καὶ
1534 1164 1710 1220 βασιλέα

232 1236 337 1294 πρὸς
365 1234 518 1286 ἑαυτὰς
547 1234 758 1279 ἀντέσπων
773 1268 787 1288 ,
823 1236 890 1278 καὶ
921 1234 1072 1286 ἀτελεῖς
1089 1233 1369 1290 μετήλλαττον
1391 1235 1467 1286 τὰς
1485 1234 1711 1292 φροντίδας
1722 1248 1765 1284 15

234 1307 449 1364 φροντίδες
485 1305 634 1362 ἕτεραι.
675 1330 677 1332 ·
702 1304 748 1348 τὸ
769 1304 844 1360 μὲν
872 1298 946 1347 οὖν
966 1303 1019 1347 τὰ
1042 1309 1118 1348 τοῦ
1142 1301 1399 1362 πατριάρχου
1432 1306 1562 1361 ζητεῖν
1584 1301 1711 1347 αὐτό-

233 1379 310 1418 θεν
345 1374 539 1430 δυσχερὲς
568 1369 647 1429 ἦν,
686 1375 754 1417 καὶ
788 1371 809 1416 ὅ
838 1372 979 1430 καιρὸς
1013 1373 1089 1417 οὐκ
1115 1374 1320 1417 ἔνεδίδου’
1366 1373 1468 1425 τέως
1499 1373 1545 1417 δὲ
1567 1371 1710 1431 καιρὸν

235 1441 361 1500 ἐζήτει
379 1443 452 1487 τὸν
475 1442 647 1486 εὔθετον
666 1444 734 1486 καὶ
756 1439 970 1500 ἁρμόδιον.

234 1678 301 1702 non
323 1678 423 1702 unam
447 1666 594 1712 aliquam
617 1666 754 1712 imperii
777 1669 909 1712 partem
933 1667 1133 1712 gravissime
1154 1667 1340 1711 laborare,
1370 1665 1431 1701 sed
1455 1667 1618 1712 qnantum
1639 1669 1714 1702 ter-

235 1726 295 1748 rae
318 1725 360 1748 ac
382 1712 486 1747 maris
509 1713 636 1747 ditione
659 1713 941 1758 amplectebatur,
965 1717 1073 1748 totum
1097 1725 1162 1748 uno
1185 1718 1338 1758 tempore
1358 1712 1486 1758 perire.
1533 1712 1602 1747 iam
1625 1713 1715 1748 enim

235 1759 430 1794 continente
453 1759 612 1794 universa
635 1759 669 1793 in
696 1760 860 1804 praedam
883 1759 977 1801 data,
1000 1772 1094 1794 mare
1114 1760 1224 1806 ipsum
1245 1759 1402 1794 infestari
1423 1758 1612 1794 latrociniis
1633 1771 1716 1794 coe·

235 1809 356 1852 perat,
379 1805 522 1840 Tenedo
545 1805 647 1851 paulo
671 1809 752 1839 ante
775 1817 796 1840 a
819 1806 939 1852 piratis
962 1809 1150 1851 occupata,
1174 1805 1231 1851 qui
1253 1805 1331 1839 inde
1354 1811 1591 1850 erumpentes,
1613 1810 1649 1839 et
1672 1817 1714 1839 eo

235 1857 346 1887 tutum
378 1856 552 1897 receptum
585 1851 769 1895 habentes,
805 1863 867 1898 per
899 1852 1076 1886 continuas
1107 1851 1341 1898 grassationes
1371 1851 1454 1885 nihil
1476 1862 1634 1886 securum
1655 1851 1714 1886 illo

236 1899 359 1944 pelago
394 1897 633 1942 navigantibus
665 1902 702 1932 et
733 1909 816 1932 orae
839 1898 1065 1944 undequaque
1097 1897 1287 1933 maritimae
1309 1897 1435 1932 accolis
1457 1897 1626 1933 sinebant.
1671 1908 1716 1932 ac

238 1956 439 1990 quamquam
463 1944 499 1978 hi
522 1944 672 1979 latrones
695 1943 816 1978 deinde
841 1944 943 1979 veriti
966 1956 1009 1978 ne
1032 1956 1100 1979 non
1122 1943 1208 1979 satis
1232 1944 1276 1978 ad
1311 1949 1498 1978 extremum
1526 1947 1603 1978 tuta
1628 1943 1715 1989 ipsis

236 2002 278 2024 ea
302 1990 407 2024 statio
431 1991 543 2033 foret,
565 1988 643 2025 inde
665 1995 789 2036 sponte
811 1996 1042 2033 recesserant,
1068 1994 1182 2025 tamen
1207 1990 1258 2024 his
1281 1990 1380 2025 modo
1403 1994 1620 2025 successerat
1642 2001 1716 2024 ma-

236 2036 305 2070 lum
328 2035 363 2069 in
387 2036 505 2070 eodem
538 2047 665 2081 genere
696 2036 849 2082 gravius.
896 2036 1020 2071 etenim
1049 2039 1211 2082 quantum
1234 2037 1451 2072 Persicarum
1483 2036 1654 2082 copiarum
1677 2036 1716 2071 in

236 2081 399 2115 interiora
431 2086 599 2117 terrarum
631 2082 765 2128 imperii
797 2086 1062 2128 penetraverat,
1108 2082 1300 2117 aedificatis
1332 2082 1539 2128 armatisque
1572 2083 1717 2117 navibus

239 2127 412 2172 Cyclades
435 2127 563 2162 insulas
587 2129 810 2163 incursabant
833 2129 988 2176 maleque
1010 2130 1201 2172 vexabant;
1225 2133 1261 2163 et
1283 2129 1382 2163 modo
1401 2129 1498 2170 Chio,
1521 2140 1596 2163 mox
1612 2129 1716 2162 Samo

239 2177 275 2207 et
299 2174 494 2218 Carpatho,
518 2173 585 2219 ipsi
608 2175 793 2220 quinetiam
818 2175 960 2218 Rhodo,
982 2176 1164 2222 multisque
1188 2179 1325 2221 praeter
1348 2175 1410 2210 has
1435 2175 1532 2216 aliis,
1556 2185 1631 2208 cum
1653 2185 1715 2208 ua-

238 2218 341 2252 vibus
365 2230 431 2252 non
455 2220 571 2264 paucis
594 2221 709 2255 infesti
733 2221 963 2266 appellentes,
991 2222 1115 2256 dudum
1138 2224 1335 2268 frequentes
1356 2220 1476 2255 incolis
1497 2220 1626 2254 insulas
1647 2219 1715 2253 iam

236 2275 346 2310 prope
369 2264 566 2299 desolarunt
596 2271 633 2300 et
663 2267 903 2302 inhabitabiles
933 2269 1097 2302 fecerant.
1144 2280 1207 2302 nec
1229 2279 1311 2302 vero
1335 2267 1470 2301 interim
1493 2277 1515 2300 a
1537 2264 1717 2299 terrestri-

238 2311 303 2344 bus
326 2309 515 2345 latrociniis
538 2312 758 2354 cessabatur,
792 2318 853 2348 aut
875 2314 1008 2348 omnino
1033 2313 1230 2348 miserrimis
1253 2313 1455 2348 continentis
1476 2310 1594 2345 incolis
1616 2310 1718 2356 quid-

241 2367 342 2402 quam
378 2357 436 2389 vel
468 2356 582 2390 brevis
617 2357 906 2403 interspiramenti
938 2360 1088 2394 laborum
1114 2364 1150 2394 et
1171 2365 1340 2393 terrorum
1364 2357 1528 2392 atrocium
1550 2356 1719 2391 concede-

238 2403 353 2436 batur.
402 2400 463 2436 sed
488 2402 588 2447 plane
610 2402 763 2438 intimum
786 2405 992 2449 Romaniae,
1015 2406 1109 2440 velut
1130 2405 1230 2450 sylva
1253 2406 1417 2449 concepto
1441 2402 1576 2447 penitus
1598 2402 1718 2437 incen-

240 2448 309 2487 dio.
333 2448 370 2482 vi
391 2447 547 2481 flammae
570 2448 731 2482 indomita
755 2451 913 2484 continue
935 2451 1124 2495 grassantis
1147 2451 1409 2491 absumebatur3
1433 2460 1610 2494 novaeque
1632 2452 1718 2495 quot

240 2493 359 2528 diebus
382 2492 594 2527 calamitates
617 2494 871 2538 nuntiabantur,
897 2508 997 2530 curas
1020 2496 1235 2542 imperatoris
1259 2496 1301 2530 ad
1326 2507 1365 2529 se
1387 2495 1432 2530 ab
1456 2495 1544 2529 omni
1568 2494 1632 2530 alio
1655 2506 1718 2529 ne-

239 2539 335 2584 gotio
359 2539 547 2573 trahentes.
574 2541 663 2574 unde
685 2540 715 2575 is
739 2542 925 2586 cogebatur
947 2542 1123 2576 inchoatas
1146 2541 1407 2575 deliberationes
1429 2541 1472 2575 de
1495 2541 1593 2576 modo
1617 2551 1718 2575 aver-

241 2585 336 2619 tendi
360 2585 448 2619 mala
470 2585 670 2630 gravissima
684 2611 695 2628 ,
720 2587 914 2621 recentibus
937 2589 1170 2631 urgentiorum
1193 2587 1338 2622 cladium
1362 2590 1466 2632 atque
1489 2586 1718 2621 discriminum

241 2635 478 2666 consternatus
509 2631 657 2673 nuntiis,
690 2631 907 2678 imperfectas
942 2633 1123 2675 omittere,
1154 2634 1216 2667 has
1247 2645 1325 2667 mox
1357 2633 1452 2678 ipsas
1475 2632 1621 2667 infectas
1643 2633 1719 2679 pari

240 2677 429 2711 tristiorum
455 2677 700 2711 solicitudinum
725 2678 926 2713 avocatione
948 2678 1140 2713 relicturus.
1187 2679 1241 2712 hic
1263 2678 1313 2712 illi
1337 2678 1627 2724 deploratissimus
1649 2678 1719 2712 rei-

240 2722 398 2768 publicae
432 2726 542 2757 status
574 2723 748 2758 difficilem
779 2735 869 2758 nunc
900 2724 1067 2759 reddebat
1096 2724 1346 2770 inquisitionem
1375 2726 1419 2759 de
1442 2725 1544 2759 rebus
1567 2724 1719 2771 patriar-

240 2769 347 2812 chae;
381 2780 488 2814 quare
509 2774 643 2814 tempus
667 2769 700 2803 ei
723 2775 839 2816 aptum
862 2770 1217 2818 accommodatumque
1239 2771 1376 2817 negotio
1405 2772 1636 2817 quaerendum
1658 2781 1720 2806 ex-

238 2814 510 2862 pectandumque
530 2815 714 2851 iudicabat.
