1820 3112
380 143 457 186 DE
491 141 824 186 ANDRONICO
857 140 1231 184 PALAEOLOGO
1265 142 1312 184 L.
1346 140 1402 185 Π.
1525 140 1618 186 133

164 268 240 298 το·
274 256 343 298 καὶ
368 261 454 306 τοῖς
481 255 556 309 μὲν
581 254 722 304 ἄλλοις
749 255 816 297 καὶ
850 255 965 309 δῶρα
993 253 1364 309 προσαπέστελλεν,
1402 251 1525 304 ’ὅσους
1541 252 1625 311 ἄρα

161 327 245 366 τῶν
275 327 476 379 κληρικῶν
503 324 547 366 ἐκ
576 320 808 366 σκανδάλου
836 326 911 364 τοῦ
932 319 1024 364 τότε
1043 323 1327 376 διισταμένους
1347 322 1544 380 ἀφῃρεῖτο
1566 323 1621 365 τὰ

161 392 370 447 σιτηρέσια
386 425 400 444 ,
472 394 489 446 (
505 391 593 446 10)
621 396 680 448 τῷ
700 391 747 434 δέ
763 408 806 446 γε
823 388 1064 445 “Ηρακλειάς
1081 395 1119 433 Γ
1118 396 1280 450 ερμανῷ
1301 393 1368 433 καὶ
1395 396 1454 450 τῷ
1475 388 1620 447 Προῦ-
1641 398 1671 432 C

161 476 238 514 σης
263 457 469 518 Νεοφῦτῳ
481 492 495 513 ,
533 459 605 509 οὓς
623 459 673 514 δὴ
693 461 760 501 καὶ
778 463 965 501 καθεῖλεν
984 459 1050 500 ἐπ’
1071 461 1242 511 αἰτίαις,
1279 459 1350 502 τὸν
1363 460 1438 514 μὲν
1458 462 1499 501 Γ
1494 477 1622 515 ερμα-

127 525 258 579 5νόν,
292 526 355 571 ὅτι
383 529 697 576 σκανδαλισθεὶς
723 527 789 570 ἐπ’
822 528 979 584 ἐκείνῳ,
1025 527 1122 576 τοτ’-ς
1149 527 1368 583 λογισμοὺς
1395 527 1470 583 τὴν
1491 527 1622 583 ἀρχὴν

161 597 311 638 ἐκείνου
334 594 550 650 δεξάμενος
569 598 634 638 καὶ
654 595 816 644 τελέσας
835 597 891 644 εἷς
910 595 1115 649 μοναχοὺς
1134 597 1202 637 καὶ
1220 596 1376 650 πατρὸς
1396 595 1463 638 ἐπ’
1486 597 1622 655 ἐκείνῳ

159 662 275 715 τάξιν
296 664 468 719 ἐπέχων,
503 664 577 714 τὰς
605 663 835 719 ἔξαγορείας
857 666 1163 719 παρελογίζετο,
1199 668 1275 706 τοῦ
1295 664 1616 718 ἐξομολογουμέ-

161 749 235 776 νου
251 732 310 788 μὴ
335 730 662 788 ὁμολογήσαντος
682 729 738 781 ὦς
755 729 953 774 ἐκοινώνει
975 739 1060 782 τοῖς
1077 731 1290 788 προτέροις
1321 731 1397 786 οὔχ
1417 731 1527 782 ὅπως
1545 731 1613 775 εὖ·
1637 745 1669 780 1)

110 835 116 841 .
157 805 244 856 χῶν
261 802 327 843 καὶ
348 803 602 859 ψαλμῳδιῶν
613 833 626 853 ,
665 798 719 850 ὦς
739 799 866 855 ἔλεγεν
877 832 890 851 ,
929 800 1035 842 ἀλλὰ
1056 803 1123 843 καὶ
1150 798 1266 856 ἁγίου
1288 798 1525 854 κλάσματος
1543 799 1622 857 ἅρ-

106 883 152 919 10
162 886 260 922 του,
295 869 449 923 μαθών
477 869 580 925 παρ’
614 868 749 911 ἄλλων
770 866 986 923 ἐσύστερον
997 901 1011 921 ,
1047 868 1256 925 ἀρχιερεὺς
1279 867 1534 926 πατριάρχην
1554 869 1621 925 ἔγ-

157 935 327 994 γρᾶφως
343 935 534 993 ἅφιῦριζε,
570 934 787 993 Νεόφυτον
809 937 853 979 δὲ
877 934 932 986 ὥς
949 935 1328 993 συνυπογράψαντα
1347 939 1413 980 καὶ
1435 935 1622 993 ὁμογνω-

157 1003 396 1060 μονῆσαντά
416 1006 455 1048 οἱ
465 1037 478 1058 ,
499 1030 556 1038 -
579 1006 741 1054 ἐκείνοις
760 1002 851 1047 τότε
871 1003 1142 1061 ὖπερηφανῶν
1166 1003 1221 1055 ὥς
1243 1005 1472 1059 ἀμαθέσιν,
1509 1005 1622 1048 ἔνευ-

156 1071 411 1128 μενιζόμενος
428 1072 599 1128 ὕστερον
611 1106 625 1125 ,
661 1074 828 1127 πέμπων
848 1071 1049 1127 ἐλάμβανε
1069 1074 1144 1129 ’τὴν
1171 1072 1426 1130 συγχώρησιν
1455 1075 1523 1116 καὶ
1546 1073 1620 1116 α’ν-

158 1139 427 1197 τισυνεχῶρει.
496 1143 567 1184 καί
583 1159 625 1197 γε
644 1146 702 1200 τῷ
725 1149 810 1191 τοῖς
834 1141 1057 1197 Ἀριστινῆς
1077 1144 1309 1201 μονυδρίῳ,
1345 1139 1516 1196 ἐχόμενά
1534 1160 1614 1185 που
1637 1151 1670 1185 Ε

109 1210 323 1268 ι5κειμένῳ
347 1214 420 1264 τῆς
442 1214 516 1252 τοῦ
540 1208 655 1266 ἆγιόυ
668 1210 858 1265 Ἀνδρέου
878 1215 952 1252 τοῦ
977 1213 1019 1253 ἐν
1041 1216 1091 1268 τῇ
1111 1212 1236 1266 κρίσει
1255 1215 1385 1265 μονῆς
1409 1212 1521 1268 (ἐκεῖ
1538 1211 1617 1267 γὰρ

158 1276 562 1334 πρωτοβεστιάρισσα
582 1276 822 1321 Ῥαούλαινα
845 1283 1029 1334 συνῆγεν,
1069 1281 1111 1330 ἐξ
1135 1278 1283 1333 ἑαυτῆς
1301 1277 1618 1336 περιθάλπουσα

92 1387 95 1390 .
157 1345 213 1389 τὰ
228 1344 413 1403 μεγάλα)
438 1347 571 1402 φέρων
590 1344 736 1389 ἑαυτὸν
751 1348 908 1389 δίδωσι.

298 1414 374 1460 11.
442 1414 644 1465 Βασιλεὺς
669 1415 712 1458 δὲ
734 1419 815 1458 τῶν
842 1412 1038 1459 τοιούτων
1065 1413 1311 1472 ἀπαλλαγείς
1319 1447 1336 1469 ,
1366 1419 1522 1459 πολλοῦ
1540 1419 1615 1458 τοῦ
1638 1425 1667 1460 P
1689 1425 1737 1461 90

157 1578 301 1614 iniuriae
323 1578 565 1615 condonatione
587 1580 822 1616 reconciliatus
846 1583 910 1617 est.
956 1581 1030 1616 aliis
1052 1582 1152 1616 etiam
1176 1581 1264 1616 dona
1286 1580 1422 1624 adiecit,
1434 1580 1478 1616 iis
1500 1591 1622 1626 nempe

158 1625 289 1659 clericis
310 1625 382 1671 qui,
405 1627 495 1671 quod
518 1627 638 1661 offensi
661 1639 767 1674 nuper
790 1634 910 1662 exorto
933 1628 1091 1662 scandalo
1114 1628 1353 1671 secessissent,
1377 1627 1463 1662 male
1486 1626 1621 1661 multati

157 1671 313 1712 fuerant,
344 1672 467 1706 ablatis
497 1684 585 1718 quae
607 1673 701 1718 prius
734 1674 888 1719 praeberi
911 1681 1156 1709 consueverant
1178 1674 1352 1709 alimentis.
1399 1674 1480 1718 (10)
1503 1673 1618 1706 Hera-

158 1717 290 1751 cleotae
310 1728 391 1751 vero
414 1719 584 1752 Germano
608 1725 643 1752 et
667 1719 814 1753 Prusaeo
837 1719 1019 1764 Neophyto
1033 1746 1043 1762 ‚
1077 1720 1166 1765 quod
1190 1723 1491 1758 exauctoraverat,
1525 1719 1617 1752 Ger-

158 1773 290 1796 manum
313 1763 470 1808 quidem,
499 1765 588 1809 quod
613 1777 686 1798 cum
709 1765 805 1798 initio
827 1776 946 1799 sensus
969 1777 1048 1800 suos
1071 1778 1112 1800 ac
1135 1772 1250 1810 partes
1283 1765 1403 1798 suisset
1429 1763 1616 1808 amplexus,

158 1807 261 1842 etiam
284 1809 446 1842 evectioni
470 1822 656 1855 cooperans
677 1811 882 1844 admittendo
905 1813 1011 1856 ipsum
1044 1813 1087 1844 ad
1119 1811 1290 1857 praeviam
1321 1809 1537 1855 patriarchali
1559 1819 1616 1841 or-

157 1853 321 1887 dinationi
343 1855 558 1889 monasticam
582 1857 828 1900 professionem.
857 1869 923 1902 qua
950 1857 1120 1891 functione
1148 1857 1302 1891 obeunda
1331 1855 1438 1899 patris
1471 1865 1554 1897 erga
1576 1864 1616 1886 se

156 1900 435 1934 necessitudinem
459 1901 625 1943 induerat,
647 1903 733 1935 idem
758 1910 868 1936 tamen
892 1905 1100 1947 postmodum
1125 1914 1145 1935 a
1169 1902 1273 1946 priori
1294 1900 1416 1934 iudicio
1439 1903 1615 1942 suscepto-

158 1955 226 1988 que
247 1945 358 1989 patris
379 1946 491 1979 officio
524 1947 650 1990 ingenti
683 1948 869 1981 offensione
904 1949 1078 1990 resiliens,
1106 1949 1284 1982 cavillatus
1319 1945 1559 1979 confessionem
1593 1955 1614 1978 a

158 1990 328 2032 Gregorio
348 1991 499 2025 monachi
522 1993 671 2026 habitum
687 1994 874 2037 accipiente
895 1995 939 2027 de
962 2006 1054 2027 more
1076 1995 1199 2027 factam
1224 2003 1290 2026 non
1312 1991 1415 2024 fuisse
1432 1990 1612 2035 integram,

158 2035 316 2080 quoniam
349 2036 399 2074 is,
434 2042 536 2080 prout
571 2045 690 2082 postea
723 2040 826 2072 certis
850 2040 1048 2073 auctoribus
1071 2039 1274 2082 comperisse
1298 2048 1335 2070 se
1357 2037 1492 2077 aiebat,
1527 2036 1614 2069 inter

158 2086 295 2115 caetera
317 2089 459 2124 peccata
482 2083 653 2116 confessus
686 2083 776 2117 haud
800 2084 923 2118 fuisset
948 2096 986 2117 se
1018 2085 1060 2117 iis
1084 2084 1142 2128 qui
1165 2083 1284 2127 polluti
1307 2082 1518 2115 habebantur
1539 2081 1614 2126 pia·

157 2126 240 2160 culis
263 2126 373 2170 palam
395 2132 497 2161 antea
529 2129 712 2162 contractis
734 2130 1016 2170 communicasse,
1047 2141 1113 2162 non
1136 2130 1240 2162 solum
1270 2129 1426 2172 precibus
1455 2133 1491 2161 et
1521 2127 1613 2172 psal-

156 2171 278 2206 modiis
310 2183 384 2206 cum
418 2172 460 2206 iis
483 2174 701 2207 communiter
724 2175 932 2208 celebrandis
955 2176 1015 2208 sed
1039 2180 1073 2207 et
1096 2174 1186 2208 sacri
1208 2173 1306 2218 panis
1329 2173 1508 2218 fragmenti
1531 2184 1612 2218 par-

155 2217 358 2262 ticipatione
391 2218 435 2252 ab
464 2218 508 2252 iis
539 2219 709 2259 admissa,
742 2231 815 2252 eum
838 2220 902 2253 iam
935 2220 1160 2265 patriarcham
1183 2219 1258 2264 ipse
1280 2219 1460 2264 episcopus
1481 2219 1610 2263 scripto

157 2263 248 2298 edito
285 2264 638 2298 excommunicaverat.
685 2264 900 2309 Neoph)·tun¹
936 2272 1069 2307 autem,
1100 2266 1256 2310 quoniam
1287 2264 1320 2298 in
1350 2265 1403 2298 his
1437 2266 1609 2298 Germano

158 2316 374 2343 consenserat
407 2314 442 2343 et
464 2310 574 2343 libello
607 2311 956 2344 excommunicationis
987 2312 1030 2344 ab
1065 2323 1105 2346 eo
1138 2311 1172 2345 in
1209 2309 1435 2356 patriarcham
1464 2310 1612 2344 intortae

157 2355 414 2399 subscripserat.
460 2356 529 2394 his,
553 2356 710 2400 inquam,
741 2356 910 2401 episcopis
932 2357 1083 2399 duobus,
1106 2367 1190 2402 quos
1217 2356 1352 2402 quando
1379 2356 1447 2390 ista
1468 2356 1611 2401 primum

158 2404 277 2434 eontra
299 2412 337 2434 se
358 2406 587 2442 attentarant,
611 2403 755 2446 superbe
778 2406 815 2435 ut
837 2402 1010 2446 imperitos
1032 2403 1252 2444 traduxerat,
1274 2413 1362 2436 nunc
1383 2402 1472 2436 ultro
1494 2401 1611 2445 placa-

157 2450 232 2486 tus,
266 2446 420 2490 allegatis
449 2447 491 2480 ad
525 2458 584 2481 eos
613 2447 882 2481 conciliatoribus
913 2448 1008 2493 pacis
1038 2448 1167 2482 veniam
1190 2459 1212 2482 a
1243 2447 1336 2482 sein
1360 2447 1436 2482 illos
1458 2454 1610 2480 actorum

157 2494 278 2535 petens
299 2491 504 2536 impetravit,
530 2493 745 2537 vicissimque
766 2493 849 2538 ipsis
874 2494 1018 2527 libenter
1038 2494 1278 2539 accipientibus
1299 2493 1421 2527 obtulit
1441 2491 1610 2526 remissio-

157 2546 234 2569 nem
254 2536 448 2571 iuiuriarum
476 2538 596 2583 quibus
618 2539 727 2584 ipsum
752 2539 938 2573 laesissent.
984 2537 1037 2572 his
1060 2541 1208 2584 peractis
1228 2551 1267 2573 se
1288 2539 1422 2574 abdidit
1443 2539 1479 2572 in
1495 2548 1610 2571 mona-

157 2584 325 2616 steriolum
359 2583 525 2617 Aristinae
567 2585 712 2626 dictum,
750 2585 943 2627 contiguum
978 2585 1178 2619 monasterio
1207 2585 1357 2619 Sanctae
1387 2585 1544 2618 Andreae
1574 2581 1609 2615 in

160 2625 264 2668 Crini,
284 2627 439 2662 viciniam
461 2629 497 2662 in
519 2630 596 2664 talis
627 2629 760 2664 delectu
792 2631 858 2664 loci
887 2641 1031 2675 sequens
1052 2631 1336 2675 protovestiariae
1357 2630 1551 2664 Rafilaenae
1576 2627 1611 2660 iu

159 2681 200 2704 eo
221 2671 260 2705 S.
283 2673 438 2708 Andreae
458 2678 660 2710 monasterio
692 2676 866 2720 degentis,
901 2687 923 2710 a
948 2686 1017 2720 qua
1038 2677 1230 2722 Gregorius
1253 2676 1398 2720 benigue
1419 2675 1613 2715 fovebatur,

157 2715 254 2760 large
275 2718 319 2751 de
338 2730 400 2753 suo
422 2721 697 2756 subministrante
716 2733 807 2766 quae
826 2721 878 2754 illi
900 2732 986 2766 opus
1005 2727 1116 2756 erant.

251 2774 307 2810 11.
350 2776 541 2822 Imperator
571 2777 625 2813 hia
657 2777 835 2813 defunctus
868 2779 958 2813 curis
980 2789 1055 2813 cum
1087 2778 1376 2814 animadverteret
1396 2777 1541 2823 gliscere
1562 2774 1616 2808 in-
