1858 3126
290 139 387 185 650
704 136 936 180 GEORGII
971 138 1315 182 PACHYMERIS

287 249 484 309 φροντίδα
501 247 633 292 θέσθ’
658 247 767 300 ὅπως
786 251 853 293 καὶ
872 251 928 300 εἲς
947 250 994 294 τὸ
1014 250 1154 294 λοιπὸν
1181 253 1555 308 στρατολογοίμεθα
1572 251 1725 310 ταύτην

283 321 329 362 δὲ
348 318 422 373 τὴν
441 318 712 373 πνευματικὴν
726 320 941 375 στρατείαν
953 351 967 372 ,
1003 320 1037 361 εἲ
1057 318 1265 375 ὄρὲγεσθε,
1295 321 1400 374 πλὴν
1426 321 1529 364 κατὰ
1549 322 1596 365 τὸ
1616 321 1725 366 ἔνδε-

236 393 265 426 C
286 384 456 442 χόμενον
479 390 553 442 τῆς
584 385 816 442 δυνάμεως,
861 389 927 429 καὶ
953 387 1009 441 μὴ
1028 386 1291 443 ἀναγκαστῶς
1309 386 1417 431 οὕτω
1439 390 1506 431 καὶ
1523 389 1614 442 μετ’
1636 391 1725 433 ἐπι-

279 453 498 510 ταγμάτων
518 452 709 508 μειζόνων
722 469 732 479 ·
767 459 903 515 πολλῷ
920 456 997 511 γὰρ
1020 456 1196 498 ἐλλεῖπον
1216 455 1318 511 πρὸς
1345 456 1419 506 τὰς
1449 457 1640 512 ἐπιταγὰς
1657 460 1725 501 καὶ

280 523 327 566 τὸ
362 521 642 578 δοθησόμενον
673 523 851 578 οἴδαμεν.
921 523 948 578 ἢ
981 521 1035 573 ὥς
1060 531 1348 566 κατασαπεῒσιν
1375 524 1455 579 ἤδη
1487 528 1538 580 τῇ
1557 523 1756 582 τοιαύτῃῖι

280 593 472 652 στρατείᾳ
492 592 558 633 καὶ
579 589 824 641 ἀποτάκτοις
843 592 889 634 τὸ
908 590 1076 648 γράμμα
1097 590 1189 634 δότε
1219 592 1266 634 τὸ
1295 597 1369 646 τῆς
1388 591 1580 649 ἀφέσεως.
1649 593 1725 636 κᾶν

280 676 319 702 τι
331 657 430 703 τότε
451 661 516 701 καὶ
537 661 682 702 διδῶτε
700 660 801 715 πρὸς
818 657 1001 714 σιτισμόν
1015 692 1029 712 ,
1064 659 1122 714 μὴ
1144 658 1198 709 ὥς
1223 660 1375 713 μισθὸς
1395 661 1638 716 λογιζέσθω,
1668 659 1725 710 ὥς

280 732 653 784 προσαπαιτεῖσθαι
671 726 849 783 μεγάλας
879 730 945 771 καὶ
967 727 1041 777 τὰς
1066 730 1272 778 δουλείας,
1305 727 1352 770 οὔ
1372 728 1476 771 κατὰ
1494 729 1632 783 χρείαν
1651 726 1723 771 τό·-

278 812 376 849 σον,
413 794 470 844 ὥς
501 793 697 849 οῗόμεθα,
734 795 760 850 ἢ
788 795 884 838 κατ’
919 794 1106 851 ἐπήρειαν
1116 829 1129 848 ,
1174 795 1270 838 ἀλλ’
1300 794 1354 845 ὥς
1381 795 1724 852 προϋπηργμένων

276 861 413 907 πόνων
437 880 480 906 τε
498 865 563 905 καὶ
582 862 774 918 καμάτων
792 865 1067 920 πολυχρονίων
1085 864 1320 913 ἇντὲκτισις.
1357 862 1518 914 πάντως
1540 863 1587 906 δέ
1596 880 1639 919 γε
1657 865 1723 922 καὶ
1735 868 1778 903 10

277 932 326 974 τὸ
344 929 547 984 ἀπόλεμον
563 937 690 986 γῆρας
710 934 751 974 ἓν
769 939 854 982 τοῖς
870 935 1014 986 τιμίοις
1038 932 1105 974 διὰ
1122 932 1173 975 τὰ
1195 930 1463 988 φθάσαντα.”
1687 923 1693 925 ‚

135 996 164 1029 P
189 997 276 1034 453>
417 1001 494 1045 36.
560 1000 680 1042 Ἀλλὰ
703 1005 835 1042 ταῦτα
861 1002 934 1052 μὲν
954 1001 993 1050 ἐς
1013 1005 1211 1043 τοσοῦτον
1228 1003 1283 1049 εἷς
1308 1002 1430 1050 δεῖξιν
1449 1000 1618 1055 μετρίαν
1639 1004 1722 1042 τῶν

279 1071 601 1121 καταλαβουσῶν
619 1068 714 1117 τοὺς
735 1073 807 1123 τῆς
828 1069 1036 1123 ἐκκλησίας
1055 1066 1390 1124 παραλυπήσεων.
1457 1066 1552 1121 ἡμῖν
1581 1067 1626 1109 δὲ
1643 1065 1719 1110 πό-

279 1153 350 1184 νος
378 1134 512 1185 ἅλλως
537 1137 591 1185 εἷς
622 1136 736 1185 τέλος
771 1136 867 1186 τοὺς
907 1133 1207 1185 καταλύσαντες
1243 1140 1317 1190 τῆς
1343 1135 1525 1191 ἱστορίας
1560 1132 1717 1191 λόγους.

279 1203 384 1257 πλὴν
414 1203 508 1245 ἀλλ’
542 1202 748 1258 εὐχόμεθα
771 1202 891 1246 πάλιν
921 1206 986 1246 καὶ
1008 1204 1060 1246 τὰ
1084 1205 1284 1256 βελτίονα.
1355 1205 1422 1246 καὶ
1440 1205 1474 1246 εἲ
1493 1203 1594 1253 θεὸς
1612 1207 1718 1259 βρα-
1729 1209 1774 1246 15

275 1269 406 1323 βεύει,
444 1270 516 1314 οὐκ
539 1270 588 1314 ἄν
609 1273 683 1327 τὴν
696 1279 812 1328 χεῖρα
835 1272 1025 1328 ἐφὲξομεν
1043 1276 1116 1314 τοῦ
1134 1272 1191 1327 μὴ
1211 1269 1436 1328 προθύμως
1456 1271 1508 1314 τὰ
1527 1275 1602 1325 τῆς
1619 1272 1720 1313 ἐπα-

364 1369 397 1403 2.
413 1364 458 1413 δὴ
469 1367 488 1401 2
556 1367 610 1402 14.
633 1369 686 1408 εἰς
696 1367 797 1410 τέλος
809 1369 958 1404 τοιοῦτο
971 1366 1191 1404 nataticum
1207 1366 1395 1415 τοῦςτῆςὶ)
1463 1367 1518 1403 16.
1531 1362 1576 1402 ἂν
1590 1365 1719 1401 deerat.

272 1449 465 1492 pugnante,
499 1450 535 1481 et
566 1451 689 1481 sortem
719 1448 800 1481 boni
833 1449 1060 1490 consulemus,
1102 1460 1190 1494 quae
1221 1448 1318 1483 nobis
1349 1447 1491 1493 obtigit,
1521 1446 1718 1493 pessimam:

275 1503 351 1525 nam
377 1492 435 1536 qui
458 1491 528 1526 vita
550 1499 585 1526 et
608 1493 733 1526 honore
755 1492 880 1537 indigni
903 1494 1114 1536 iudicantur,
1142 1495 1184 1528 iis
1205 1506 1314 1539 neque
1337 1505 1427 1528 mors
1447 1492 1634 1527 recusanda
1655 1497 1718 1526 est.

272 1536 394 1580 quodsi
416 1537 543 1580 aliquid
566 1538 742 1571 miseratus
765 1538 951 1581 indulgebit
971 1540 1082 1579 nobis,
1106 1540 1235 1583 gratias
1258 1539 1398 1583 primum
1420 1539 1497 1579 deo,
1517 1549 1593 1571 mox
1615 1538 1719 1572 bene-

271 1582 360 1615 ficae
393 1581 555 1626 principis
578 1583 773 1616 humanitati
806 1584 938 1617 debitas
970 1585 1156 1618 reddemus.
1203 1595 1360 1618 summam
1391 1584 1554 1617 dictorum
1576 1582 1610 1616 in
1634 1582 1717 1616 haec

274 1626 469 1670 colligimus.
514 1627 542 1660 si
572 1639 633 1661 nos
661 1632 699 1661 ut
733 1629 895 1662 ecclesiae
917 1629 1003 1662 filios
1027 1629 1280 1674 participandae
1311 1633 1482 1664 maternae
1497 1627 1716 1662 haereditatis

273 1671 327 1705 ius
359 1672 520 1705 habentes
554 1672 755 1716 agnoscitis,
785 1677 903 1707 curate
933 1674 1029 1707 sultis
1060 1675 1268 1719 suppeditari
1301 1673 1491 1708 necessaria
1519 1672 1616 1707 nobis
1639 1673 1717 1706 huic

272 1717 468 1751 tolerandae
491 1729 532 1751 ac
554 1718 815 1760 continuandae,
847 1719 879 1752 in
903 1730 1002 1763 quam
1024 1718 1144 1752 dudum
1167 1719 1284 1763 scripti
1307 1730 1439 1760 sumus,
1460 1717 1630 1763 spirituali
1652 1717 1716 1752 mi-

271 1762 389 1796 litiae:
412 1763 471 1796 sed
495 1767 531 1797 et
553 1763 648 1797 liuius
671 1765 880 1798 necessarias
901 1765 1085 1798 functiones
1108 1776 1150 1798 ne
1172 1765 1360 1799 arbitrariis
1381 1763 1574 1809 aggravetis
1596 1768 1715 1798 aucta-

273 1807 345 1843 riis.
392 1819 433 1842 ne
455 1808 531 1853 plus
551 1809 730 1854 imponatis
751 1821 849 1854 quam
872 1811 963 1843 ferre
984 1821 1176 1854 possumus3
1207 1822 1250 1844 ne
1271 1810 1418 1855 imperiis
1438 1820 1499 1843 nos
1522 1809 1657 1843 acribus
1678 1812 1715 1843 et

273 1853 465 1887 dominante
491 1855 682 1888 obterentes
715 1855 890 1899 supercilio
920 1855 1159 1899 ingenuitatem
1188 1855 1412 1890 conculcando
1433 1854 1629 1899 deprimatis
1651 1865 1714 1889 no·-

271 1901 378 1934 stram
409 1898 444 1932 in
475 1899 663 1944 pudendam
693 1901 925 1934 necessitatem
953 1901 1159 1945 mancipatus
1192 1901 1334 1935 servilis.
1390 1900 1512 1934 etenim
1544 1899 1596 1933 his
1626 1910 1714 1944 quae

272 1949 452 1988 praestare
473 1955 534 1978 nos
563 1950 700 1990 paratos
722 1947 937 1990 profitemur,
968 1946 1049 1979 satis
1077 1946 1197 1980 scimus
1220 1946 1474 1991 haudquaquam
1495 1944 1612 1978 debita
1635 1955 1713 1989 pro·

272 1990 430 2033 portione
452 2001 653 2034 responsura
675 2002 762 2036 quae
785 1992 952 2025 dabuntur
975 1991 1162 2036 stipendia3
1187 1997 1225 2026 ut
1247 1992 1297 2025 his
1321 2003 1396 2025 esse
1416 1989 1566 2024 contenti
1586 1990 1713 2023 debea-

272 2034 328 2067 tis.
375 2035 494 2080 quodsi
523 2042 639 2070 nostra
661 2038 709 2070 uti
741 2037 915 2071 effetorum
939 2041 975 2070 et
998 2049 1080 2071 aevo
1108 2039 1280 2071 enei-vium
1302 2037 1368 2070 iam
1390 2036 1528 2070 militum
1549 2035 1584 2068 in
1605 2034 1713 2069 sacris

270 2079 364 2113 hisce
387 2080 508 2114 castris
530 2081 580 2115 uti
601 2082 756 2127 deinceps
787 2093 889 2128 opera
912 2082 1068 2124 renuitis,
1100 2083 1151 2117 eia
1172 2084 1274 2128 igitur
1297 2081 1479 2122 dimittite,
1511 2080 1594 2114 cedo
1617 2079 1713 2114 libel-

271 2124 339 2158 lum
373 2126 652 2161 exauctorationis
682 2128 781 2170 date,
825 2129 942 2161 bonam
973 2128 1122 2162 emeritis
1155 2131 1410 2173 repraesentate
1438 2125 1638 2161 missionem.
1682 2123 1711 2158 si

271 2170 353 2213 quid
376 2171 424 2204 sic
446 2172 610 2216 ablegatis
632 2174 720 2206 unde
750 2173 938 2207 victitemus
965 2173 1173 2215 adieceritis,
1201 2185 1264 2207 non
1287 2177 1325 2207 ut
1355 2171 1551 2216 stipendium
1573 2182 1590 2204 ι·
1635 2171 1712 2202 ute-

271 2218 348 2256 tur,
373 2227 414 2249 ex
438 2228 503 2261 quo
526 2217 694 2251 ulterioris
716 2218 894 2252 ministerii
915 2230 997 2254 onus
1020 2219 1113 2253 nobis
1136 2218 1342 2262 praestandi,
1364 2216 1461 2251 vobis
1481 2216 1599 2259 exigen
1623 2214 1635 2247 i
1655 2213 1709 2266 ius

270 2261 437 2305 pendeat3
459 2262 546 2296 unde
567 2262 700 2297 titulum
725 2265 850 2297 habere
876 2274 937 2297 vos
960 2265 1087 2308 putetis
1108 2264 1227 2298 iterum
1251 2263 1348 2298 nobis
1376 2262 1498 2296 acerbe
1518 2258 1709 2302 iniungend1

270 2305 413 2339 servitia
433 2307 634 2351 incongrua,
659 2321 721 2342 non
745 2315 813 2342 tam
836 2309 878 2342 ad
900 2321 995 2342 usum
1017 2309 1182 2353 publicum
1196 2334 1207 2350 ‚
1230 2313 1268 2342 nt
1290 2313 1464 2353 putamus,
1486 2305 1587 2338 uuum
1608 2314 1707 2348 quam

269 2350 313 2383 ad
336 2354 482 2384 nostram
505 2355 734 2387 contumeliam
768 2354 978 2398 pertinentia.
1024 2354 1084 2387 sed
1114 2354 1144 2387 si
1177 2365 1243 2398 quo
1266 2354 1427 2388 abeuntes
1447 2349 1604 2383 donativo
1629 2359 1706 2400 pfo-

269 2395 464 2440 sequeminL
480 2397 524 2430 sit
539 2397 572 2430 id
588 2398 759 2441 longorum
780 2405 877 2441 grata
893 2399 1057 2443 quaedam
1076 2398 1297 2432 remuneratio
1312 2397 1478 2430 laborum:
1501 2405 1576 2430 nam
1594 2400 1630 2426 et
1645 2404 1707 2427 im-

267 2440 355 2475 belle
373 2439 499 2474 senium
516 2448 592 2485 post
606 2440 710 2476 vitam
733 2443 894 2477 honorata
911 2443 1026 2478 militia
1042 2455 1219 2488 expensam
1231 2470 1240 2484 ,
1263 2440 1418 2476 clementi
1433 2439 1551 2473 ducum
1568 2438 1707 2482 iudicio,

267 2486 402 2530 dignum
428 2487 603 2520 honorario
622 2492 800 2529 censetur,
820 2488 1052 2522 recordatione
1078 2488 1291 2522 certaminum
1314 2486 1389 2520 olim
1413 2487 1669 2518 exantlatorum.

359 2531 415 2565 36.
459 2531 554 2565 Haec
585 2532 778 2565 describere
806 2544 930 2577 operae
966 2533 1109 2576 pretium
1131 2538 1186 2566 est
1204 2532 1331 2572 visum,
1364 2534 1403 2564 ut
1424 2534 1536 2564 essent
1557 2531 1612 2563 vel
1634 2529 1706 2563 exi-

269 2587 370 2620 guum
398 2576 563 2621 specimen
585 2588 814 2610 aerumnarum
834 2589 919 2622 quas
942 2582 1023 2611 tunc
1041 2577 1281 2610 eccelesiastici
1302 2577 1345 2610 ab
1358 2575 1538 2609 Athanasio
1557 2574 1704 2620 patriar-

269 2622 334 2655 cha
354 2623 557 2666 pei-acerbas
580 2621 671 2666 passi
686 2625 774 2655 sunt.
819 2622 917 2655 nobis
941 2625 1050 2655 autem
1072 2622 1138 2655 iam
1161 2621 1214 2655 hic
1245 2632 1361 2657 cursus
1391 2621 1426 2654 in
1451 2625 1548 2665 portu
1571 2624 1645 2662 est,
1668 2624 1704 2652 et

268 2667 416 2701 laborem
439 2667 505 2701 alia
527 2671 674 2701 nostrum
705 2671 849 2708 vocant,
883 2666 1040 2708 historia,
1071 2678 1172 2710 quam
1202 2666 1407 2700 scribendam
1441 2676 1705 2709 susceperamus,

269 2712 305 2745 in
327 2712 427 2746 finem
449 2712 650 2746 destinatum
672 2711 849 2756 aliquando
872 2712 1051 2755 perducta.
1090 2723 1224 2754 verum,
1257 2712 1420 2756 siquidem
1440 2710 1623 2745 accincturi
1644 2720 1705 2744 nos

270 2756 356 2792 alias
384 2758 427 2792 ad
460 2768 570 2797 rerum
596 2759 766 2803 gestarum
798 2756 1020 2793 narrationem
1051 2767 1189 2800 sumus,
1219 2761 1390 2802 optamus,
1413 2760 1451 2791 et
1469 2767 1492 2791 a
1511 2755 1626 2790 divina
1644 2755 1706 2788 be·

1855 3030 1858 3038 ,
1854 2963 1858 2976 ᾳ
1851 2818 1858 2921 ‘sm-d
1850 2713 1858 2808 ,ιι-,ψ
