1820 3112
221 148 322 195 270
643 147 879 192 GEORGII
913 148 1270 195 PACHYMERIS

219 279 299 305 σαν
316 261 512 314 κυανίζειν
529 264 589 319 τῷ
616 265 776 321 φυσικῷ
806 259 1018 319 χρώματι,
1054 262 1162 306 ἀλλὰ
1185 264 1369 308 ποικίλον
1397 281 1436 308 τι
1457 266 1531 322 τὴν
1546 283 1694 323 χροιαν

217 335 360 387 χρῆμα
392 331 642 387 φαίνεσθαι,
685 329 742 381 ὣς
771 335 829 389 πῇ
858 332 933 386 μὲν
971 333 1159 388 κοκκίνην
1188 330 1396 389 δρᾶσθαι,
1436 325 1535 379 ὅσον
1570 336 1610 379 οἱ
1651 337 1695 379 ἐκ

219 399 522 456 μιλτοπαρείων
546 397 674 455 ὀρέων
692 397 840 458 ῥύακες
858 398 1125 455 ἐκβάλλοντες
1142 400 1342 458 ἴρρευθον
1353 435 1367 455 ,
1407 407 1466 461 πῇ
1485 403 1530 447 δὲ
1549 405 1694 461 λευκὴν

173 479 205 514 E
227 473 301 524 τῆς
330 469 528 523 κιμωλίας
553 467 863 525 πλεονασάσης,
899 470 1081 526 ἀλλαχοῦ
1100 470 1297 526 μέλαιναν
1323 472 1392 514 καὶ
1409 469 1602 530 τεφρώδη
1627 476 1695 516 καὶ

217 534 455 594 ὖπόκιρρον,
493 543 706 593 πανταχοῦ
727 539 773 581 δὲ
791 539 974 596 θολερὰν
994 538 1093 583 εἶναι
1116 539 1184 583 διὰ
1203 539 1278 596 τὴν
1300 539 1388 583 ἀπὸ
1401 544 1477 597 γῆς
1493 541 1726 596 ἐπιμιξίανὸ

217 608 285 650 καὶ
309 607 384 662 τὴν
413 610 490 663 τῆς
516 609 708 662 εἰσβολῆς
739 608 918 663 κίνησιν,
955 609 1062 664 μηδ’
1090 609 1146 660 εἷς
1171 626 1263 652 τινα
1285 605 1538 653 κατάστασιν
1557 610 1606 654 τὸ
1629 627 1696 654 κε-

72 685 100 719 Ρ
126 686 191 722 183
215 675 457 733 χρωσμένον
487 675 693 732 ἄγουσαν,
744 676 851 720 ἀλλὰ
882 677 934 720 τὰ
967 676 1106 722 πάντα
1132 677 1188 728 εἷς
1216 676 1262 722 (ἐν
1286 679 1411 723 ἐκεῖνο
1443 678 1492 722 τὸ
1517 679 1714 737 θολερὸν

215 746 444 802 ἔπικρατῶς
463 739 730 802 συναγούσης.

166 826 197 861 Β
360 815 439 860 29.
506 813 575 857 Ἔν
604 813 743 875 τούτῳ
772 815 817 858 δὲ
840 816 909 857 καὶ
934 813 1127 872 Ἰωάννης
1156 817 1230 870 μὲν
1246 814 1268 858 ὃ
1287 819 1370 859 τῶν
1386 812 1546 869 Λαζῶν
1564 815 1695 873 ἄρχη-

218 879 318 938 γός,
356 882 404 925 ὃν
433 884 500 926 καὶ
531 883 720 940 γαμβρὸν
747 883 952 937 βασιλέως
981 885 1024 927 ἓν
1054 891 1142 935 τοῖς
1168 884 1306 928 &vm-92
1334 884 1360 929 ὅ
1386 882 1507 942 λόγος
1527 886 1752 939 {selamim

219 952 283 994 ε’πὶ
304 953 420 995 παισὶ
440 953 534 995 δυσὶ
556 952 603 996 τὸ
621 957 743 1007 βιοῦν
758 958 943 1014 τελευτᾷ,
972 948 1028 996 ὧν
1046 959 1122 997 τοῦ
1140 955 1215 1008 μὲν
1235 955 1279 997 ἓν
1297 958 1348 1012 τῇ
1366 958 1544 1012 πατρικῇ
1567 972 1698 998 κατα-

220 1018 394 1072 στάντος
421 1021 586 1083 ἓξουσία
615 1026 690 1065 τοῦ
716 1021 919 1076 Ἀλεξίου,
968 1020 1152 1080 θάτερον
1181 1023 1254 1067 τὸν
1287 1021 1482 1081 νεώτερον
1511 1021 1697 1081 ἧμῆτηρ

217 1089 401 1134 Emonia
418 1094 610 1145 λαβοῦσα
633 1091 747 1149 παρὰ
769 1091 842 1136 τὸν
864 1091 1045 1150 ἀδελφὸν
1064 1094 1131 1136 καὶ
1156 1092 1331 1147 βασιλέα
1350 1093 1456 1136 κατὰ
1483 1092 1559 1147 τὴν
1579 1091 1697 1136 πόλιν

218 1159 380 1215 γίνεται.
452 1157 626 1215 θνήσκει
656 1162 702 1204 δὲ
725 1162 792 1203 καὶ
808 1158 1002 1217 Ἰωάννης
1022 1159 1044 1204 ὃ
1067 1163 1123 1212 εἲς
1151 1158 1410 1219 πατριάρχην
1436 1162 1699 1219 χρηματίσας

172 1233 202 1267 C
226 1226 248 1271 ὅ
271 1227 448 1282 Βὲκκος,
487 1230 530 1273 ἒν
551 1233 603 1287 τῇ
623 1228 730 1273 κατὰ
753 1229 801 1274 τὸ
823 1234 899 1274 τοῦ
927 1228 1042 1286 ἁγίου
1066 1233 1108 1273 Γ
1105 1231 1298 1288 ρηγορίου
1323 1227 1523 1288 φρούριον
1541 1231 1694 1288 εἱρκτῇ,
1709 1238 1752 1273 15

219 1297 350 1353 μηνὸς
366 1299 550 1354 Κρονίου
571 1297 794 1356 λήγοντος,
832 1298 962 1343 αὐτοῦ
983 1317 1063 1342 που
1083 1300 1126 1342 ἐν
1147 1303 1199 1357 τῇ
1219 1299 1340 1357 κε’λλῃ
1361 1300 1521 1348 εἲκαίως
1541 1301 1697 1357 ταφείς.

220 1365 327 1409 ἀλλὰ
360 1371 510 1410 τοῦτον
538 1368 614 1423 μὲν
641 1370 709 1411 καὶ
739 1367 809 1411 διὰ
840 1366 970 1412 πόνου
993 1366 1229 1423 ὃβασιλεῧς
1249 1366 1470 1423 ἐποιήσατο
1477 1401 1492 1423 ,
1526 1369 1610 1412 ἐπεὶ
1630 1370 1699 1411 καὶ

220 1434 243 1477 ὃ
262 1438 521 1492 συγ’κει’,ιιένον
542 1432 594 1491 ἦν
615 1444 705 1487 τοῖς
730 1438 819 1493 περὶ
839 1438 990 1480 ἐκεῖνον
1006 1439 1072 1480 καὶ
1089 1442 1275 1492 βασιλεῖ,
1312 1441 1532 1493 κινηθῆναι
1552 1435 1700 1494 λόγους

221 1503 295 1560 ἐφ’
328 1499 385 1547 ὧν
419 1505 655 1548 συνθέσθαι
689 1507 759 1548 καὶ
789 1504 1031 1563 εἰρηνεύειν,
1080 1511 1223 1564 σοφῶν
1252 1523 1295 1563 γε
1321 1508 1387 1550 καὶ
1417 1510 1700 1562 πνευματικῶν

309 1637 342 1671 2.
373 1633 456 1672 ὅσοι
479 1636 518 1671 Ρ.
656 1639 690 1672 4.
717 1637 899 1682 κιμωνίας
923 1638 961 1672 Ρ.
1018 1656 1026 1666 -

215 1760 428 1796 turbidorum
459 1760 634 1796 fluminum
666 1762 817 1797 admixtu
848 1763 1039 1798 naturalem
1070 1763 1140 1808 ipsi
1173 1763 1319 1798 colorem
1352 1762 1546 1798 caeruleum
1579 1764 1698 1798 sinon

215 1819 357 1853 prorsus
381 1808 553 1851 amiserat,
577 1808 681 1843 valde
703 1810 922 1851 fuscaverat,
943 1810 1039 1844 varia
1063 1810 1312 1844 deformatione
1335 1809 1473 1843 diverso
1494 1808 1700 1844 infectarum

217 1866 323 1889 caeno
347 1853 543 1889 eluvionum
566 1854 621 1889 hic
643 1856 747 1890 rubro
772 1856 979 1899 coloratum,
1012 1867 1080 1902 qua
1103 1868 1124 1890 e
1146 1856 1237 1890 ruffa
1261 1855 1435 1902 suggestis
1456 1854 1581 1900 argilla
1603 1866 1700 1890 mon·

216 1901 309 1936 tibus
333 1901 458 1936 abrasa
480 1912 594 1936 secum
627 1905 723 1936 terra
757 1901 847 1936 misti
870 1905 1043 1937 torrentes
1065 1902 1311 1944 incubuerant,
1343 1902 1415 1937 illic
1446 1902 1700 1944 subalbescens,

218 1958 286 1993 quo
320 1958 358 1981 se
388 1947 521 1982 fluenta
549 1948 782 1983 exonerabant
812 1960 875 1994 per
907 1952 1060 1983 cretosus
1090 1948 1151 1983 soli
1184 1948 1359 1984 candentis
1391 1950 1508 1982 tracta
1529 1947 1699 1994 regiones,

218 1993 301 2027 alibi
325 1993 473 2040 denique
495 1993 670 2039 nigrum„
687 1994 748 2029 ubi
779 1993 892 2040 liquor
913 1995 1138 2040 restagnabat
1167 2006 1231 2041 per
1254 1995 1396 2030 adustos
1419 1993 1488 2028 atri
1509 1996 1546 2028 et
1568 1992 1703 2028 excocti

220 2039 329 2073 sabuli
353 2040 553 2085 provolutus
577 2051 733 2086 campos;
757 2052 900 2087 quarum
924 2041 1070 2076 omnium
1092 2052 1257 2086 aquarum
1280 2040 1468 2086 agitatione
1485 2039 1702 2086 rapidissima

219 2085 491 2129 commistarum,
525 2087 741 2122 tradentibus
765 2098 803 2121 se
835 2087 944 2121 altero
976 2088 1010 2122 in
1041 2089 1186 2122 alterum
1219 2087 1423 2134 penitusque
1452 2085 1701 2120 insinuantibus

219 2131 337 2165 intimo
361 2131 453 2166 illisu
477 2133 619 2168 cumulis
640 2133 818 2176 undarum,
837 2137 873 2168 et
895 2143 976 2167 suas
1000 2136 1039 2168 ut
1063 2134 1318 2169 conferentibus
1339 2133 1376 2167 in
1401 2131 1487 2167 alios
1505 2131 1700 2178 qualitates,

219 2177 270 2211 sic
301 2176 447 2212 vicissim
481 2179 609 2214 alienas
647 2180 684 2215 in
718 2190 756 2214 se
788 2179 1022 2222 trahentibus,
1064 2181 1291 2215 exaestuabat
1328 2189 1487 2225 spumosa
1514 2175 1699 2224 colluvies,

219 2223 472 2267 omnigenarum
495 2225 642 2260 sordium
663 2225 839 2271 confluges
861 2226 1071 2261 versicolore
1092 2227 1191 2261 faece
1213 2226 1410 2268 lutulentas,
1434 2223 1595 2277 bulliente
1613 2222 1702 2277 mix-

218 2268 301 2349 {imd
315 2269 502 2315 vertigine,
537 2272 770 2307 confundendo
805 2272 999 2308 deformans
1029 2273 1065 2307 in
1097 2273 1329 2319 spectaculum
1351 2269 1598 2316 ingratissimae
1621 2279 1699 2303 visu

237 2327 278 2350 oe
304 2315 409 2350 itatis.

314 2361 369 2395 29.
416 2362 492 2396 Hoc
514 2363 654 2397 interim
676 2366 832 2410 tempore
854 2364 1001 2399 Ioannes
1022 2363 1192 2398 Lazorum
1216 2362 1388 2409 princeps,
1415 2371 1516 2406 quem
1538 2370 1700 2405 generum

222 2406 439 2451 imperatoris
462 2408 642 2443 Michaelis
666 2410 769 2445 ducta
804 2410 842 2444 in
864 2422 1003 2444 uxorem
1027 2410 1100 2443 eius
1122 2409 1195 2443 filia
1217 2410 1344 2443 factum
1367 2406 1523 2453 superius
1549 2406 1701 2441 ostendi-

221 2463 319 2494 mus,
353 2453 443 2487 diem
466 2465 561 2488 suum
586 2455 689 2497 obiit,
721 2456 804 2491 filiis
834 2456 965 2490 duobus
998 2455 1235 2501 superstitibus
1258 2452 1400 2488 relictis.
1446 2452 1568 2486 horum
1590 2453 1700 2486 altero

222 2498 344 2533 Alexio
368 2498 403 2532 in
427 2501 562 2545 paterni
585 2502 800 2549 principatus
829 2501 1044 2537 successione
1078 2500 1284 2542 constituto,
1315 2503 1425 2533 mater
1448 2499 1522 2533 eius
1545 2497 1702 2533 Eudocia

225 2555 340 2580 secum
363 2545 507 2580 alterum
538 2547 667 2582 ducens
702 2549 810 2583 filium
834 2548 879 2582 ad
909 2548 1051 2582 fratrem
1073 2547 1262 2590 Augustum
1285 2545 1320 2580 in
1341 2546 1459 2579 urbem
1482 2555 1521 2579 se
1545 2543 1701 2579 contulit.

225 2594 375 2626 mortuus
410 2603 546 2637 quoque
577 2597 659 2628 tunc
690 2599 745 2630 est
774 2595 912 2628 functus
943 2593 1020 2627 olim
1052 2592 1288 2638 patriarchatu
1317 2591 1469 2632 Veccus,
1503 2591 1567 2624 sub
1598 2590 1701 2624 finem

225 2637 353 2672 mensis
374 2637 495 2672 Martii
526 2639 559 2673 in
594 2651 734 2676 carcere
768 2640 859 2685 apud
891 2650 1004 2674 arcem
1036 2637 1148 2674 sancti
1172 2636 1352 2683 Gregorii3
1384 2637 1610 2682 humatusque
1632 2635 1701 2670 illic

224 2683 261 2717 in
285 2683 370 2718 cella
392 2683 522 2719 modico
554 2685 721 2730 sepulcro.
767 2686 944 2732 displicuit
974 2683 1172 2729 imperatori
1201 2696 1268 2718 non
1298 2683 1451 2728 potuisse
1480 2682 1577 2728 prius
1608 2681 1702 2726 fieri,

225 2729 268 2763 de
290 2741 358 2775 quo
380 2729 446 2764 iam
471 2736 718 2774 convenerant,
749 2738 788 2767 ut
820 2742 942 2767 novum
973 2730 1172 2776 colloquium
1196 2741 1271 2764 cum
1293 2731 1408 2766 Vecco
1433 2729 1602 2773 iniretur,
1634 2739 1702 2774 quo

229 2775 302 2810 eius
325 2775 513 2812 rationibus
535 2777 659 2812 auditis
682 2778 807 2813 iudicio
831 2777 1023 2824 sapientum
1046 2782 1082 2812 et
1103 2775 1331 2823 spiritualium
1352 2775 1525 2818 virorum,
1550 2785 1618 2809 non
1639 2784 1703 2808 au-

229 2825 295 2857 tem
319 2822 508 2869 vulgarium
532 2835 573 2859 ac
595 2835 715 2870 pamm
740 2824 971 2868 eruditorum,
1001 2834 1116 2859 omnes
1140 2822 1214 2858 eius
1239 2833 1314 2858 cum
1337 2821 1483 2858 ecclesia
1506 2826 1705 2856 controver-
