1858 3126
298 126 396 174 634
714 126 950 171 GEORGH
981 128 1329 176 PACHYMERIS

295 242 342 284 δὲ
380 239 483 283 ἀλλὰ
521 240 589 283 καὶ
606 238 771 283 ,Ἰταλοὶ
806 239 882 296 τὴν
915 237 1063 298 χλεύην
1098 242 1155 298 μὴ
1195 239 1414 299 ἐνεγκόντες
1449 243 1618 290 κατόπιν
1649 242 1746 290 διώ-

294 324 422 353 κουσι.

151 380 181 416 Ρ
203 381 271 417 442
429 376 514 419 Καὶ
543 374 687 427 ἔδοξαν
714 375 856 432 ἀγαθὰ
882 380 1015 420 ταῦτα
1030 376 1266 433 Ῥωμαίοις,
1338 379 1462 438 (30)
1495 382 1562 423 καὶ
1588 385 1745 436 μᾶλλον

294 444 356 488 ὅτι
381 445 447 487 καὶ
472 443 662 501 Φαρέντα
683 442 955 500 προσδόκιμος
974 441 1025 501 ἦν
1042 446 1266 490 ἀποκλίνειν
1283 448 1384 504 πρὸς
1402 448 1575 503 βασιλέα
1593 449 1655 491 ἐπὶ
1670 466 1745 504 με-

291 510 436 570 γάλαις
460 518 550 563 ταῖς
577 510 852 567 ὑποσχέσεσιν.
925 513 1020 556 ἀλλ’
1042 516 1188 564 ἐκεῖνος
1206 515 1287 570 ἤδη
1306 514 1654 571 προσποιούμενος
1672 516 1779 572 τῆνό

292 579 598 637 προσχῶρησιν,
637 582 921 637 Μπυριγεριόυ
946 583 989 625 ἐκ
1015 588 1090 625 τοῦ
1112 583 1311 640 αἲφνηδὸν
1338 582 1578 641 ἐπιστάντος
1593 585 1656 626 ἐπὶ
1671 601 1748 638 με-

291 651 432 706 γίστου
463 647 648 706 καράβου
676 651 741 692 καὶ
772 650 950 700 πολλοὺς
988 656 1071 694 τῶν
1112 652 1262 694 ἱππέων
1300 653 1342 694 ἐν
1381 651 1494 711 αὐτῷ
1532 652 1744 709 φέροντος,

294 718 588 774 ἀσθενέστερος
612 717 685 771 μὲν
718 719 864 773 ἐγίνετο
895 724 984 767 ταῖς
1014 717 1185 775 ὅρμαΐς,
1230 718 1292 762 ὅτι
1321 737 1363 775 γε
1394 722 1461 763 καὶ
1489 722 1532 763 ἐκ
1562 721 1747 769 Σικελίας

243 796 273 829 Β
297 787 524 842 ἐπαγγελίαι
543 785 645 841 πρὸς
668 787 913 842 Θευόερίχου
931 788 1079 842 συχναί
1095 805 1137 830 τε
1165 789 1231 831 καὶ
1249 788 1432 843 μέγισται
1449 788 1551 844 πρὸς
1575 788 1747 838 ἐκείνους

293 850 400 909 ἦσαν
410 887 424 907 ,
462 856 496 896 εἰ
523 854 752 908 ἐπιμένοιεν.
823 853 935 908 ὅμως
965 872 1008 910 γε
1037 855 1174 910 μέντοι
1198 855 1245 898 οὐ
1267 859 1390 911 δῆλος
1407 852 1456 911 ἦν
1476 855 1529 899 τὰ
1546 856 1649 912 πρὸς
1664 861 1744 910 βα-
1757 864 1801 899 10

294 922 408 966 σιλέα
430 922 745 978 προϋπηργμένα
767 923 984 972 ἐξαθετῶν.
1055 926 1121 966 καὶ
1154 924 1320 977 πέμπων
1341 924 1652 981 προηγουμένως
1671 924 1746 978 μέν

295 992 384 1046 περὶ
412 995 485 1045 τῆς
514 989 695 1046 ἀδελφῆς
719 995 792 1033 τοῦ
823 992 1022 1044 βασιλέως
1051 997 1125 1046 τῆς
1149 992 1358 1046 Ἀσανίνης
1378 993 1430 1035 τὰ
1452 991 1645 1035 πάνδεινα
1662 994 1744 1034 διε-

293 1057 444 1113 μήνυε,
480 1059 788 1114 προσαγγέλλων
821 1057 876 1108 ὡς
909 1059 1013 1114 αὐτὴ
1042 1060 1143 1116 πρὸς
1170 1060 1320 1110 αὐτοὺς
1347 1061 1564 1114 πέμπουσα
1586 1060 1657 1103 τὸν
1683 1060 1745 1102 οῖ-

295 1133 400 1169 κεΐον
433 1126 537 1184 αὐτῇ
571 1125 883 1183 Κανναβούριον
912 1126 1113 1183 ἐξοτρύνει
1138 1129 1240 1171 κατὰ
1261 1129 1461 1183 βασιλέως
1479 1130 1522 1171 ἐκ
1541 1132 1622 1171 τῶν
1641 1126 1744 1183 ὑπὲρ

243 1202 274 1238 C
298 1199 372 1238 τοῦ
393 1195 604 1252 Καίσαρος
625 1193 863 1250 μηνιμάτων
880 1194 1019 1238 πάλαι.
1088 1195 1109 1239 ὃ
1136 1197 1185 1251 δὴ
1209 1197 1361 1251 μαθὼν
1381 1196 1573 1251 βασιλεὺς
1587 1197 1654 1239 καὶ
1674 1197 1799 1252 {ry-15

291 1261 436 1318 τήσας,
474 1266 540 1306 καὶ
560 1265 601 1305 ἐκ
619 1264 769 1319 μέρους
785 1264 1030 1318 καταλαβὼν
1048 1263 1069 1307 ὃ
1087 1264 1320 1319 κατέλαβεν,
1358 1264 1416 1307 δι’
1435 1265 1556 1321 ὀργῆς
1573 1265 1744 1307 ἐποιεῖτο

290 1331 367 1386 τὴν
398 1331 658 1389 αὗταδέλφην
686 1334 753 1374 καὶ
783 1332 950 1386 πέμψας
980 1334 1238 1389 ἐγκαθείργνυ
1271 1340 1357 1383 τοῖς
1384 1330 1623 1390 ἀνακτόροις
1633 1364 1647 1385 ,
1690 1334 1744 1380 εἷς

293 1400 571 1456 ἐντελεστέραν
595 1400 772 1450 ἐξέτασιν
794 1400 845 1443 τὰ
863 1401 957 1444 κατ’
980 1401 1108 1456 αὐτὴν
1131 1401 1332 1457 ἀναρτῶν.
1402 1402 1548 1450 ἐκεῖνος
1577 1400 1623 1443 δὲ
1648 1399 1745 1448 τοὺς

291 1467 618 1521 ἇνακομίσοντας
638 1468 763 1511 αὐτὸν
783 1467 885 1524 πρὸς
901 1469 1073 1523 βασιλέα
1094 1469 1260 1523 πέμπων
1277 1468 1334 1520 ὥς
1349 1471 1478 1524 δῆθεν
1497 1465 1645 1523 ἐζήτει,
1675 1468 1744 1518 καὶ

292 1533 367 1578 δύο
385 1536 448 1576 ἐπὶ
468 1533 601 1594 τούτῳ
620 1534 793 1592 τριήρεις
811 1535 1089 1586 ἐξαπελύοντο.
1154 1537 1198 1580 οἳ
1212 1539 1276 1580 καὶ
1295 1535 1528 1586 ἐπιστάντες
1545 1534 1798 1592 ὥρμησανὲο

291 1667 496 1719 sequuntur,
518 1665 765 1710 gratulantibus
788 1666 947 1701 Romanis
968 1667 1085 1701 hostes
1106 1676 1185 1701 suos
1206 1666 1299 1700 civili
1320 1665 1464 1701 invicem
1486 1665 1628 1700 discidio
1651 1677 1743 1700 com-

291 1723 422 1747 missos.

387 1758 444 1792 30.
487 1757 557 1792 Sed
579 1760 616 1792 et
638 1757 742 1791 maior
763 1756 805 1790 iis
828 1760 903 1791 erat
932 1756 1103 1802 gaudendi
1133 1768 1256 1802 causa,
1287 1756 1377 1802 quod
1404 1755 1583 1791 Pharenda
1604 1755 1742 1790 Tzimes

295 1803 542 1848 expectabatur
563 1814 640 1838 mox
661 1803 695 1837 in
719 1808 834 1848 partes
857 1802 986 1848 imperii
1008 1803 1229 1847 transiturus,
1261 1803 1423 1848 pellectus
1446 1802 1489 1837 ad
1516 1802 1579 1836 hoc
1602 1801 1646 1835 ab
1670 1803 1742 1835 An-

295 1849 434 1883 dronico
457 1849 640 1893 ingentium
670 1849 890 1894 promissione
924 1848 1156 1893 praemiorum.
1202 1853 1305 1894 atque
1332 1849 1388 1882 ille
1419 1848 1551 1893 quidem
1581 1845 1669 1889 fide,
1700 1853 1742 1880 ut

295 1895 504 1940 apparebat,
528 1896 615 1929 bona
635 1894 876 1939 profectionem
899 1894 942 1928 ad
963 1896 1148 1938 Augustum
1170 1895 1358 1929 adornabat
1379 1905 1484 1936 suam,
1504 1892 1637 1938 quando
1661 1903 1742 1926 ecce

295 1939 480 1985 improviso
503 1940 699 1986 supervenit
721 1939 947 1985 Mpyrigerius
969 1939 1004 1973 in
1028 1952 1113 1974 nave
1135 1942 1299 1980 maxima,
1331 1940 1452 1973 multos
1474 1950 1586 1973 secum
1609 1938 1742 1982 equites

297 1986 481 2020 adducens.
526 1986 589 2020 hoc
619 1986 754 2021 Tzimes
787 1985 924 2030 appulso
954 1985 1075 2020 lentius
1104 1986 1171 2020 iam
1204 1985 1436 2020 administrare
1458 1983 1623 2028 negotium
1646 1983 1741 2017 visus

295 2034 367 2072 est,
399 2031 557 2073 consilio,
586 2036 624 2066 ut
647 2034 701 2065 est
722 2030 919 2073 verisimile,
947 2031 1053 2077 priori
1076 2032 1172 2066 novis
1194 2033 1318 2077 spebus
1342 2041 1519 2065 concusso:
1551 2028 1741 2063 afferebant

292 2075 379 2110 enim
402 2076 604 2121 Mpyrigerii
624 2076 762 2111 comites
784 2077 938 2121 ingentes
960 2089 980 2110 e
1002 2077 1117 2110 Sicilia
1137 2076 1396 2122 pollicitationes
1422 2074 1645 2115 Tbeuderici‚
1676 2073 1742 2108 ad-

295 2121 464 2155 hortantis
498 2128 536 2156 ut
565 2123 688 2157 bellum
722 2122 812 2167 quod
845 2126 1027 2166 coeperant
1047 2128 1230 2166 urgerent,
1261 2122 1435 2156 missurum
1457 2132 1495 2155 se
1516 2119 1642 2166 quippe
1663 2129 1741 2153 mox

293 2166 360 2200 illis
395 2167 517 2201 auxilia
549 2168 756 2213 praevalida.
801 2168 946 2201 nondum
977 2172 1088 2202 tamen
1122 2179 1260 2214 prorsus
1282 2167 1408 2202 larvam
1435 2166 1612 2200 Pharenda
1632 2164 1739 2208 depo-

293 2212 382 2252 suit,
422 2212 550 2246 lactare
579 2214 689 2248 adhuc
717 2214 951 2258 imperatorem
984 2225 1128 2259 pergens
1150 2214 1201 2248 sui
1224 2212 1404 2259 propinqui
1425 2209 1657 2256 expectatione
1679 2219 1739 2241 ac-

293 2268 419 2290 cessus.
466 2257 544 2302 quin
568 2263 605 2293 ut
628 2260 769 2293 haerere
791 2260 1006 2293 cummaxime
1030 2271 1105 2293 sese
1127 2260 1192 2293 iam
1215 2258 1388 2292 conventis
1418 2262 1454 2291 et
1476 2257 1626 2299 Augusto
1650 2253 1738 2288 bene

294 2302 382 2335 velle
405 2302 604 2337 luculentius
625 2304 840 2346 ostenderet,
868 2304 1028 2339 indicavit
1051 2305 1080 2338 ei
1105 2316 1166 2351 per
1191 2305 1277 2338 fidos
1299 2315 1320 2338 a
1341 2315 1379 2336 se
1403 2302 1520 2336 missos
1540 2298 1660 2333 Asanis
1682 2298 1738 2332 vi-

293 2346 416 2387 duam,
451 2348 522 2381 eius
553 2360 724 2392 sororem,
756 2350 839 2383 clam
869 2349 933 2394 ipsi
959 2361 1081 2384 nocere
1104 2361 1202 2395 quam
1226 2352 1341 2394 posset
1360 2345 1574 2391 gravissimu
1603 2343 1737 2378 venisse

293 2391 419 2437 quippe
441 2394 483 2425 ab
507 2393 566 2427 illa
589 2394 632 2428 ad
655 2405 692 2428 se
715 2395 863 2439 aliosque
878 2395 1071 2429 Latinorum
1094 2396 1196 2429 duces
1217 2394 1350 2428 missum
1370 2390 1427 2426 isti
1447 2389 1641 2423 fidissimum
1665 2400 1736 2424 ma-

294 2441 415 2472 tronae
441 2438 708 2480 Cannabarium,
730 2440 773 2473 ad
797 2451 909 2473 omnes
930 2440 964 2474 iu
986 2440 1219 2484 imperatorem
1242 2437 1473 2477 concitandos;
1495 2434 1549 2468 cui
1570 2446 1608 2468 se
1624 2434 1735 2469 infen-

295 2493 368 2518 sam
398 2483 507 2516 ferret
535 2484 577 2517 ob
611 2495 724 2517 necem
756 2484 831 2517 olim
863 2485 988 2519 iliatam
1010 2485 1151 2520 Caesari
1181 2496 1241 2518 suo
1269 2493 1404 2527 genero.
1449 2480 1539 2515 ictus
1561 2479 1742 2524 inopinato

294 2527 478 2573 imperator
511 2527 649 2571 indicio,
679 2529 854 2573 inquisivit
883 2530 926 2563 de
954 2541 1011 2571 re,
1045 2541 1086 2564 ac
1117 2530 1237 2575 partim
1273 2528 1323 2562 ita
1351 2538 1426 2561 esse
1454 2529 1493 2559 ut
1517 2525 1734 2559 nuntiabatur

297 2572 469 2619 comperit.
515 2585 619 2619 quare
641 2574 748 2607 iratus
770 2575 879 2607 sorori
901 2574 1062 2608 custodiri
1086 2586 1158 2609 eam
1179 2574 1212 2608 iu
1236 2572 1359 2619 palatio
1382 2571 1500 2613 iussit,
1527 2570 1638 2616 quoad
1659 2569 1735 2614 ple-

296 2619 372 2653 nius
396 2618 602 2663 explorasset
624 2618 783 2664 quidquid
806 2618 860 2652 hic
881 2619 1026 2660 latebat,
1059 2620 1102 2654 de
1124 2630 1227 2653 causa
1247 2619 1315 2653 ista
1337 2617 1493 2651 iudicium
1515 2615 1731 2661 suspendens.

294 2664 429 2698 interim
451 2664 514 2699 hoc
534 2664 631 2710 quasi
652 2675 736 2698 novo
760 2664 900 2708 pignore
923 2665 966 2698 de
989 2665 1057 2698 fide
1079 2664 1273 2699 Pharendae
1303 2667 1435 2704 certus,
1468 2661 1557 2696 misit
1579 2661 1636 2707 qui
1657 2672 1733 2695 eum

295 2709 341 2744 ad
372 2721 411 2743 se
437 2709 571 2752 venire,
603 2713 643 2744 ut
674 2709 811 2752 aiebat,
846 2709 1031 2754 cupientem
1061 2710 1243 2744 honorifice
1265 2709 1477 2744 deducerent.
1522 2707 1609 2741 duae
1630 2706 1673 2741 ad
1693 2705 1735 2740 id

296 2756 472 2800 profectae
503 2755 657 2791 triremes
678 2754 714 2790 in
735 2753 923 2800 navigium,
954 2755 999 2790 de
1021 2767 1087 2802 quo
1109 2755 1274 2799 diximus,
1302 2753 1506 2801 Mpyrigerii
1534 2754 1624 2789 sorte
1644 2751 1735 2787 inci-
