1858 3126
198 204 201 206 ,
270 137 375 196 'DE
410 148 742 194 ANDRONICO
771 145 1148 192 ΡΔιΑΕοιοαο
1181 146 1230 190 L.
1249 144 1327 190 lv,
1457 142 1555 190 365

96 267 339 317 κινδυνῶδες
370 266 637 309 καθίσταται.
706 263 774 306 καὶ
806 259 904 306 ὅσον
945 259 1056 317 ἡμᾶς
1093 260 1202 303 δίκαι
1234 254 1558 317 περιελὶῦσονται

96 333 487 392 κατωλιγωρηκότας
509 335 685 385 δίκαιαι,
722 333 760 375 εἴ
774 330 848 380 τὰς
867 331 1000 380 αἰτίας
1021 330 1170 379 ἐκεῖνος
1187 328 1288 385 λέγει
1308 331 1385 370 τοῦ
1409 329 1559 382 δαιμο-

94 406 183 449 νίου
201 405 445 460 μηνίματος,
483 402 615 452 οὕτως
632 401 768 460 ἐκείνῳ
784 396 996 455 σιγήσαντι
1013 398 1060 441 τὸ
1081 397 1149 440 διὰ
1169 397 1414 452 κηδεμονίαν
1428 412 1559 452 προο-

96 473 228 530 ραθέν
249 473 435 522 κίνδυνος
452 468 748 527 περιστήσεται.
795 467 844 510 τὸ
867 467 912 510 δ’
930 467 994 509 ἐπὶ
1013 464 1176 516 τούτοις
1197 466 1316 509 ἱστᾶν
1331 465 1379 508 τὸ
1400 468 1552 519 θαῦμα
1575 476 1606 513 Β

63 542 155 597 5μὴ
176 540 252 591 τὰς
272 541 406 590 αι’τίας
432 539 624 596 λέγοντα,
668 539 736 581 καὶ
765 534 922 586 ταύτας
948 534 998 578 οὐ
1026 534 1164 585 κοινὰς
1189 536 1257 577 καὶ
1287 531 1482 588 συνήθεις
1499 538 1560 593 τῷ

98 607 240 667 κόσμῳ
258 608 354 652 ἀλλ’
381 609 481 658 ἴσως
502 610 608 658 ῗδίας
635 607 702 649 καὶ
725 611 983 662 καινοφανεῒς
1004 603 1195 658 ἄντικρυς
1207 635 1220 655 ,
1259 602 1319 657 μὴ
1341 604 1408 644 καὶ
1426 600 1561 662 ἑαυτῷ

95 695 158 728 τις
181 677 306 733 λέγων
326 681 502 720 τοιαῦτα
529 675 756 734 περιποιοίη
776 673 850 717 τὸν
867 672 1124 727 θαυμασμὸν
1142 668 1414 726 συναρπάζων
1431 668 1561 725 μόνον

96 747 164 789 καὶ
182 744 307 797 δόξαν
336 743 593 802 θηρώμενος.
659 747 793 787 ταῦτα
820 742 1002 798 λέγοντες
1024 743 1143 795 δῆλοι
1159 741 1234 796 μὲν
1253 735 1358 795 ἦσαν
1382 757 1562 796 παρακι-

95 818 259 864 νοῦντες
285 814 353 856 καὶ
383 813 556 867 βασιλέα
581 812 629 856 τὸ
659 809 882 869 πρόσωπον
906 811 1138 868 ἐμφανίζειν
1146 843 1160 862 ,
1208 809 1402 866 ἐμφανεῖς
1429 809 1561 852 δὲκαὶ

43 899 87 935 10
92 884 306 940 χαίροντες
333 882 369 925 εἰ
395 883 554 938 κριθείη
580 885 662 925 τῶν
687 878 885 924 τοιούτων
913 881 1061 929 ἐκεῖνος
1089 877 1224 931 ἄξιος,
1276 881 1382 920 θεοῦ
1407 882 1555 935 φιλαν-
1579 887 1611 923 C

98 952 291 1008 θρωπίας
322 951 513 994 ἐντεῦθεν
542 948 751 1005 δεχόμενοι
779 946 985 1002 σύμβολα.
1056 946 1153 990 ἀλλ’
1183 945 1204 990 ὃ
1220 945 1415 1000 βασιλεῦς
1436 947 1565 998 noun,-

97 1020 284 1077 ἐφαίνετο
307 1018 384 1073 τὴν
411 1020 635 1074 ἐχεμυθίαν
646 1051 661 1071 ,
701 1017 777 1073 τὴν
799 1021 883 1060 τῶν
903 1020 1067 1060 πολλῶν
1088 1012 1285 1059 ὑπόνοιαν
1305 1013 1568 1072 φυλαττόμε-

95 1105 180 1138 νος.
246 1086 371 1142 {aas
401 1087 462 1131 d’-
479 1085 726 1144 ἐνεχυράζειν
753 1085 829 1136 τὰς
854 1083 1019 1142 γνώμας
1047 1089 1130 1128 τῶν
1159 1082 1393 1127 ἀκουόντων
1418 1086 1486 1127 καὶ
1504 1083 1565 1128 ἔτι

97 1155 291 1213 καθαρὰς
307 1156 524 1221 γενομξνας
540 1155 730 1210 πάθους,
763 1153 829 1198 ’ἶν’
857 1153 966 1198 οὕτω
985 1154 1033 1198 τὸ
1054 1158 1224 1212 πρᾶγμα
1254 1149 1563 1208 θαυμάσαντες,

190 1243 247 1278 14.
271 1240 491 1288 γενομένους
511 1242 552 1277 P.

97 1332 322 1380 periculosum
354 1338 418 1369 est.
462 1345 504 1368 ac
532 1336 663 1386 quanto
692 1344 753 1368 nos
778 1331 882 1379 plecti
911 1331 1030 1367 iustius
1052 1331 1207 1366 immissis
1228 1331 1389 1368 divinitus
1410 1331 1562 1368 cladibus

98 1378 310 1414 manifestum
337 1379 456 1422 fieret,
487 1379 546 1412 ubi
578 1379 754 1413 declarata
783 1390 847 1424 per
876 1390 952 1412 eum
986 1378 1085 1412 nobis
1117 1379 1217 1424 culpa
1246 1383 1364 1413 nostra
1393 1378 1563 1425 quapiam,

98 1436 188 1471 quae
210 1424 360 1460 divinam
382 1425 416 1458 in
439 1435 500 1458 nos
520 1424 784 1469 indignationem
806 1425 1007 1466 concitaret,
1023 1435 1086 1458 nos
1107 1424 1141 1458 in
1163 1436 1204 1458 ea
1225 1424 1425 1469 corrigenda
1440 1435 1563 1469 segnes

97 1481 271 1512 essemus,
303 1475 399 1504 tanto
428 1469 476 1504 illi
499 1481 568 1504 rem
594 1476 723 1504 tantam
747 1474 782 1505 et
804 1470 892 1505 scitu
922 1470 1064 1504 maxime
1084 1470 1200 1504 utilem
1224 1471 1367 1512 celanti,
1398 1470 1563 1516 siquidem

98 1516 166 1551 scit
186 1516 295 1560 (scire
316 1522 429 1551 autem
450 1516 560 1561 ipsum
588 1521 746 1561 oportet,
773 1516 804 1550 si
825 1517 991 1561 propbeta
1013 1517 1076 1550 sit:
1110 1528 1186 1550 nam
1209 1517 1276 1550 hoc
1299 1528 1419 1551 nomen
1441 1516 1565 1551 mereri

98 1562 172 1597 sola
193 1562 447 1596 denuntiatione
469 1573 581 1595 rerum
605 1573 695 1607 quae
716 1574 738 1597 a
761 1562 891 1596 nemine
910 1562 1112 1606 ignorantur
1135 1563 1396 1608 haudquaquam
1419 1563 1565 1608 potest),

98 1610 208 1651 tanto,
230 1608 381 1654 inquam,
402 1607 459 1642 isti
478 1608 635 1649 reticenti
656 1610 746 1654 qnod
772 1608 979 1654 potissimum
1002 1608 1195 1653 publicasse
1216 1609 1395 1651 debuerat,
1420 1608 1564 1654 gravius

96 1652 248 1688 imminet
269 1654 454 1699 periculum
474 1654 616 1688 rationis
638 1666 681 1688 ex
703 1654 777 1700 ipso
801 1665 823 1688 a
845 1655 908 1688 deo
930 1654 1137 1700 repetendae
1155 1655 1242 1689 male
1263 1654 1353 1700 gesti
1374 1654 1565 1690 ministerii.

99 1703 230 1734 tantum
260 1699 366 1745 igitur
396 1700 555 1734 absumus
585 1711 607 1734 a
636 1700 837 1742 iudicando,
868 1700 969 1734 istum
1001 1700 1192 1746 quicunque
1214 1704 1288 1744 est,
1324 1700 1382 1746 qui
1403 1700 1477 1745 peti
1500 1710 1564 1734 nos

99 1744 303 1780 coelestibus
324 1745 493 1790 flagellis,
524 1746 615 1791 quod
638 1746 748 1780 cnivis
770 1752 824 1780 est
854 1747 1081 1788 notissimum,
1114 1747 1310 1788 denuntiat,
1344 1746 1426 1780 illud
1449 1750 1564 1780 autem

98 1794 216 1834 tacet,
246 1792 416 1836 quodnam
448 1792 491 1825 ob
521 1795 670 1826 nostrum
700 1792 811 1826 scelus
839 1792 940 1837 vulgo
970 1793 1210 1837 incompertum
1243 1803 1307 1826 nec
1329 1803 1395 1826 non
1417 1792 1564 1826 forsitan

98 1835 352 1882 insuspicabile,
373 1848 416 1871 ac
437 1837 495 1871 ubi
517 1837 764 1872 manifestatum
788 1837 912 1880 fuerit,
933 1850 1055 1873 novum
1078 1839 1329 1883 appariturum,
1358 1837 1417 1871 illa
1438 1837 1563 1871 desae-

98 1881 214 1923 visat,
236 1882 460 1917 admiratione
481 1882 619 1927 dignum
641 1895 738 1926 esse,
772 1890 813 1918 ut
835 1890 953 1918 contra
974 1884 1087 1929 potius
1109 1884 1336 1917 existimemus
1355 1883 1448 1916 illum
1472 1883 1563 1917 affe-

100 1930 195 1960 ctata
214 1927 285 1962 ista
305 1927 530 1962 occultatione
549 1928 604 1962 sui
624 1929 749 1964 iustam
770 1930 869 1964 nobis
891 1941 1026 1964 movere
1049 1929 1271 1974 suspicionem
1290 1928 1433 1963 callidae
1453 1939 1564 1975 qnae-

99 1974 563 2017 stuosaequearrogantiae,
584 1985 724 2008 examen
746 1975 882 2020 quidem
903 1987 946 2010 ac
967 1975 1213 2009 convictionem
1234 1974 1437 2017 metuentis,
1467 1974 1499 2009 si
1522 1985 1563 2009 se

99 2017 168 2051 iam
190 2028 279 2052 nunc
300 2020 511 2062 ostenderet,
545 2019 700 2063 plausum
722 2032 804 2054 vero
825 2021 1147 2065 admirationemque
1166 2020 1363 2065 popularem
1386 2031 1470 2064 suo,
1500 2020 1562 2055 ubi

100 2066 267 2097 maturum
290 2063 412 2106 fuerit,
441 2063 478 2097 in
500 2065 622 2108 vulgus
654 2065 784 2099 edendo
806 2066 929 2100 nomini
951 2066 1014 2099 snb
1036 2065 1233 2100 artificiosis
1254 2065 1331 2100 istis
1351 2065 1486 2101 interim
1507 2067 1562 2101 la-

99 2108 210 2143 tebris
230 2109 392 2154 parantis.
438 2109 522 2143 haec
553 2109 600 2142 illi
622 2110 674 2143 sic
695 2111 900 2145 disserentes
930 2111 1019 2145 haud
1042 2111 1178 2152 molles,
1210 2115 1250 2145 ut
1270 2111 1381 2156 palam
1403 2116 1500 2154 erat,
1520 2123 1561 2147 se

100 2154 271 2200 putabant
300 2154 482 2188 admovere
505 2155 699 2200 imperatori
720 2155 872 2190 stimulos
904 2157 947 2190 ad
970 2157 1205 2200 proferendam
1228 2157 1419 2193 nominatim
1441 2158 1563 2193 hacte-

101 2210 164 2234 nus
186 2199 430 2235 dissimulatam
452 2211 630 2246 personam
652 2201 731 2235 novi
751 2202 840 2236 vatis
855 2202 1017 2242 monachi,
1037 2202 1197 2246 gavisuri,
1220 2203 1251 2236 si
1272 2209 1451 2250 postquam
1465 2204 1561 2239 vultu

101 2250 138 2280 et
158 2245 231 2280 vita
252 2246 472 2286 innotuisset,
501 2246 651 2281 moribus
673 2258 715 2281 ac
735 2247 955 2282 sanctimonia
977 2247 1097 2291 dignus
1118 2248 1330 2292 reperiretur
1350 2261 1448 2296 quem
1469 2250 1561 2285 haud

100 2296 194 2325 esset
213 2291 409 2326 incredibile
438 2291 591 2326 afflatum
612 2292 719 2327 fuisse
747 2293 931 2335 divinitns;
959 2293 1049 2327 unde
1067 2293 1259 2339 incipientis
1280 2295 1407 2341 placari
1427 2307 1470 2331 ac
1492 2296 1561 2331 iam

100 2336 246 2382 benigne
268 2338 415 2372 faventis
446 2339 549 2372 rebus
571 2338 698 2372 nostris
731 2338 788 2372 dei
810 2339 901 2374 laeta
922 2343 1062 2384 possent
1082 2339 1225 2384 auguria
1246 2346 1397 2386 captate.
1442 2353 1562 2377 verum

100 2382 310 2418 Andronicus
332 2383 439 2428 magis
462 2384 635 2430 magisque
658 2384 862 2419 obfirmabat
890 2385 1035 2419 animum
1056 2384 1092 2419 in
1112 2385 1219 2420 astuti
1240 2387 1495 2432 perseverantia
1515 2387 1564 2422 si-

100 2427 216 2470 lentii,
247 2440 314 2463 non
343 2429 503 2474 ignorans
532 2441 634 2476 quam
666 2429 864 2465 invidiosum
905 2436 998 2465 esset
1027 2430 1118 2476 apud
1148 2432 1271 2466 multos
1302 2434 1564 2479 expatriarchae

102 2473 278 2509 Athanasii
299 2486 430 2517 nomen,
451 2481 489 2510 et
510 2477 658 2511 orituras
679 2476 768 2519 inde,
792 2476 888 2511 simul
910 2476 947 2510 id
971 2478 1062 2511 foret
1082 2476 1312 2521 declaratum,
1333 2479 1368 2513 in
1393 2481 1481 2514 hanc
1504 2484 1563 2514 to-

101 2521 174 2573 tam
196 2519 270 2554 eius
293 2521 556 2566 praedictionem
579 2521 788 2567 suspiciones
804 2533 1032 2577 praecavens.
1059 2522 1214 2558 voluerat
1233 2529 1346 2559 antem
1366 2525 1435 2560 isto
1457 2525 1563 2560 collo-

102 2574 182 2608 qmo
202 2569 337 2601 tentare
357 2578 400 2601 an
422 2573 541 2612 posset
571 2568 695 2602 elicere
726 2568 976 2603 admirationem
1006 2569 1223 2614 favoremque
1243 2571 1447 2606 audientium
1471 2581 1562 2616 quae

103 2618 261 2645 narraret
289 2623 373 2656 erga
393 2612 484 2647 istud
515 2613 625 2659 ipsum
647 2613 699 2648 sic
719 2615 810 2648 nude
835 2614 1044 2659 propositum
1065 2614 1278 2659 vaticinium,
1307 2617 1383 2651 sine
1411 2615 1563 2651 auctoris

103 2656 713 2740 ffifflzsssaffllfflitfflg
727 2659 1178 2752 ·¹⁰‘“”‘“bf?t;,¹0{0‘⁰?.p„m’
1144 2660 1175 2696 ’ἰ
1196 2661 1562 2742 ''affixi‘’”ffl‘e-“m'

457 2715 509 2739 nc
725 2716 761 2740 m
783 2717 854 2739 rem
875 2717 897 2740 a
1199 2719 1217 2742 s
1356 2719 1396 2742 ro
1521 2718 1562 2742 re

103 2743 338 2781 vincendarum
362 2760 385 2783 a
405 2749 467 2784 tali
486 2761 588 2784 seusu
611 2751 872 2805 praeoccupatis
900 2751 1111 2796 privatarum
1132 2753 1176 2787 ab
1198 2720 1383 2788 Athansi'io
1409 2719 1562 2788 :swange-

104 2800 206 2834 num3
237 2802 379 2837 quarum
406 2795 651 2840 praeiudicans
679 2797 860 2832 affectibus
889 2796 1049 2832 incitandi
1076 2797 1279 2834 videbantur
1307 2799 1352 2834 ad
1372 2800 1560 2846 reproban-
