1858 3126
337 162 435 211 836
726 159 1029 203 OBSERVAT.
1056 159 1364 204 PAGHYMER.

355 267 430 328 222¹·
473 265 632 326 ξζΰὲζῇ·
655 264 815 326 miza-¹¹¹&
916 267 975 306 Ab
1007 266 1215 306 Athanasio
1251 265 1472 319 patriarcha
1497 266 1761 306 Alexandrino

488 331 615 372 tinem-n>-
779 364 788 372 ,
807 363 816 370 ‚
863 324 1033 374 exigitur
1053 323 1251 362 damnatio
1277 328 1454 361 actorum
1471 321 1516 360 in
1531 335 1645 362 causa
1667 336 1763 361 con-

492 365 616 426 Miisi'm
659 363 819 392 Androm·
863 380 1018 419 cordiae
1039 379 1300 418 ecclesiarum.
1355 377 1451 418 ibid.

340 438 444 479 1283
549 438 575 475 3
740 438 762 478 1
917 446 1071 485 Foedus
1090 444 1335 498 imperatoris
1346 443 1558 484 Andronici
1573 457 1662 482 cum
1670 443 1766 481 Ter-

864 509 968 551 tere,
1007 515 1122 553 quem
1145 516 1218 554 pro
1246 500 1418 552 legitimo
1453 513 1540 551 rege
1562 498 1766 551 Bulgariae

865 558 1048 610 agnoscit.
1106 560 1222 600 c.2o.

920 627 1051 663 Sectas
1081 624 1369 676 Iosephitarum
1400 628 1439 661 et
1468 621 1769 661 Arsenianorum

864 681 1076 732 imperator
1098 678 1307 719 conciliare
1328 678 1470 717 studet.
1526 691 1560 719 c.
1584 681 1651 718 21.

919 747 1026 786 Inito
1046 747 1149 785 inter
1167 746 1241 784 hos
1259 746 1331 784 tali
1349 743 1615 784 conventionis
1640 750 1767 796 pacto,

867 809 911 842 ut
937 803 1091 854 utrique
1119 802 1271 841 chartas
1301 802 1385 840 iura
1406 802 1582 853 ipsorum
1601 801 1772 852 comple-

868 865 1016 898 ctentes
1034 858 1075 896 in
1094 859 1221 909 ignem
1239 858 1464 905 iniicerent,
1497 863 1536 894 et
1550 855 1579 893 ii
1598 855 1773 908 superio-

868 928 929 953 res
968 919 1271 965 agnoscerentur
1314 925 1482 963 quorum
1516 911 1660 962 scripta
1692 925 1774 949 non

869 970 1053 1008 arsissent
1065 999 1075 1018 ‚
1104 976 1357 1020 utrorumque
1377 967 1498 1006 libelli
1515 968 1662 1018 pariter
1681 980 1772 1005 con-

870 1027 1013 1078 sumpti
1036 1026 1192 1063 flamma
1217 1031 1321 1062 sunt.
1377 1023 1540 1076 contigit
1558 1023 1600 1060 id
1616 1022 1774 1060 sabbato

871 1088 1005 1119 sancto
1024 1081 1151 1132 pridie
1165 1079 1334 1118 Paschae
1349 1081 1401 1119 23
1413 1078 1554 1124 Martii,
1575 1084 1776 1129 praesente

871 1138 1117 1188 imperatore.
1172 1149 1207 1174 c.
1223 1138 1278 1177 22
1310 1140 1349 1172 et
1374 1133 1491 1172 huius
1517 1133 1679 1173 Observ.
1699 1133 1729 1172 l.
1748 1135 1775 1175 3

873 1206 904 1231 c.
920 1197 946 1234 2
964 1206 1003 1231 n.
1023 1191 1062 1232 4.

928 1257 1099 1296 Perculsi
1116 1269 1162 1295 eo
1177 1268 1361 1294 successu
1380 1254 1603 1305 Arseniaui,
1632 1268 1720 1293 cum
1736 1268 1777 1294 se

873 1310 1118 1367 patriarchae
1150 1311 1340 1362 Gregorio
1379 1311 1605 1350 obedituros
1632 1311 1779 1362 promi-

875 1370 1033 1419 sissent,
1063 1368 1193 1406 statim
1211 1382 1232 1405 a
1249 1367 1370 1419 pactis
1387 1367 1576 1408 resiliunt.
1627 1365 1723 1410 ibid.

929 1434 1179 1474 Andronicus
1212 1434 1306 1471 olim
1331 1433 1538 1486 episcopus
1567 1432 1779 1481 sardensis,

876 1505 925 1530 ex
956 1491 1125 1529 multum
1160 1490 1328 1540 gratioso
1366 1489 1470 1541 apud
1507 1489 1780 1541 imperatorem

876 1560 964 1585 reus
993 1547 1117 1584 laesae
1140 1545 1349 1583 maiestatis
1380 1550 1581 1596 peractus,
1610 1543 1781 1595 ignomi-

879 1602 1093 1639 niosissime
1120 1601 1284 1638 eiicitur.
1340 1614 1373 1638 c.
1393 1602 1459 1641 28.

937 1666 1139 1704 Cotanitza
1165 1666 1378 1705 monachus
1410 1679 1459 1704 ex
1482 1666 1634 1704 latrone
1653 1666 1781 1704 factus

879 1723 998 1760 Prusa
1020 1721 1130 1771 sugit.
1187 1735 1219 1762 e.
1242 1720 1309 1763 24.

934 1787 1191 1825 Tarchaniota
1207 1787 1530 1838 protovestiarius
1545 1787 1716 1826 mittit-ur
1733 1788 1782 1825 ab

880 1843 1219 1939 imperator2e5cum
1238 1844 1412 1882 exercitu
1429 1843 1470 1881 in
1488 1843 1685 1882 Occiduos
1704 1850 1784 1883 tra-

882 1905 978 1937 ctus.
1034 1911 1067 1937 c.
1146 1922 1156 1937 0

938 1963 1079 2002 Classis
1096 1964 1266 2003 Romana
1283 1964 1491 2015 negligitur
1507 1964 1674 2017 pessimo
1689 1978 1785 2002 con-

884 2020 992 2070 silio,
1023 2025 1061 2057 et
1078 2020 1218 2058 sensim
1238 2020 1424 2058 aboletur.
1480 2034 1513 2058 c.
1530 2023 1595 2063 26.

361 2108 658 2115 —-——

365 2151 471 2195 1284
577 2151 603 2193 4
760 2157 788 2195 2
941 2151 1054 2190 Panis
1072 2158 1319 2190 consecratus
1341 2152 1383 2190 in
1404 2166 1512 2190 sacra
1530 2153 1679 2205 pyxide
1697 2167 1787 2191 cor·-

885 2214 1028 2259 ruptus
1058 2213 1096 2245 et
1122 2208 1236 2258 plane
1266 2209 1504 2259 putrefactus
1529 2209 1724 2260 reperitur
1744 2208 1786 2244 in

889 2276 1023 2313 magna
1043 2263 1204 2300 eeclesia
1221 2263 1567 2314 Constantinopoli,
1594 2263 1785 2302 dominica

890 2318 1047 2356 Graecis
1073 2316 1228 2370 Ἰῖγνίῃε,
1255 2319 1401 2356 Latinis
1425 2320 1787 2369 Quinquagesimae

888 2375 1003 2422 dicta,
1024 2373 1086 2411 die
1100 2376 1155 2415 23
1171 2374 1385 2416 Februarii.
1410 2374 1437 2412 l.
1455 2377 1475 2416 1
1497 2387 1531 2414 c·
1548 2376 1602 2415 28
1617 2379 1655 2411 et
1669 2372 1786 2412 huius

890 2429 1052 2468 Observ.
1070 2429 1096 2466 l.
1117 2432 1141 2469 3
1162 2443 1195 2468 c.
1217 2434 1244 2471 2
1260 2443 1299 2466 n.
1315 2428 1352 2469 4.

943 2484 1072 2533 Imago
1100 2483 1277 2535 deiparae
1299 2484 1402 2535 picta
1424 2483 1465 2519 in
1484 2482 1631 2533 pariete
1649 2481 1786 2520 domus

891 2538 1063 2588 privatae
1082 2537 1418 2588 Constantinopoli
1432 2537 1564 2576 multis
1582 2537 1716 2576 diebus
1734 2539 1786 2575 la-

891 2593 1027 2630 crimas
1044 2594 1184 2631 fundit.
1240 2607 1272 2631 c.
1292 2595 1358 2633 30.

945 2647 993 2684 In
1010 2648 1164 2685 aedibus
1186 2646 1363 2686 Charsiae
1383 2646 1489 2698 apud
1509 2647 1668 2686 eandem
1690 2648 1787 2686 Con-

892 2701 1183 2754 stantinopolim
1202 2714 1251 2741 ex
1270 2703 1395 2754 effigie
1413 2705 1451 2741 S.
1467 2703 1649 2754 martyris
1666 2704 1786 2743 Geor—

891 2757 941 2807 gii
959 2758 1111 2809 sanguis
1130 2758 1285 2811 copiose
1303 2758 1486 2799 manavit.
1540 2758 1634 2797 ibid.
