1858 3126
273 199 371 248 542
598 227 602 229 -
691 200 926 245 GEORGII
957 201 1306 249 PACHYMERIS

272 313 317 357 δ’
347 312 596 368 ἦττηθείσας
625 309 831 367 ἀκόσμους
857 315 923 357 καὶ
955 313 1241 369 ἀσυμβόλους,
1284 314 1615 369 ῧποσαλευοῦσας
1644 318 1719 372 μὲν

270 386 330 440 τῷ
355 382 487 440 ῥοθίῳ
506 379 587 424 ὑπὸ
619 379 772 432 κώπαις
803 384 1009 439 μετρίαις,
1045 382 1196 440 τρόπον
1218 383 1264 427 δ’
1283 385 1479 441 ἔφολκίων
1497 386 1721 440 ἐξημμένας

269 454 352 492 τῶν
374 454 642 505 προθεουσῶν
660 448 871 505 προτόνοις
887 453 1111 507 μηκίστοις,
1145 454 1210 494 καὶ
1228 453 1452 509 φερομένας
1464 453 1524 495 ‘lv’
1547 452 1599 496 ἂν
1619 456 1720 497 ἐκεῖ·

268 535 336 561 ναι
356 520 422 560 καὶ
443 517 588 574 ἄγοιεν.
659 517 714 568 ὥς
731 524 829 575 γοῦν
849 520 924 574 τὴν
942 518 1160 576 ἀκρόπολιν
1179 520 1384 575 ἔκαμψαν,
1414 519 1510 564 ὁδὸν
1527 522 1603 575 μὲν
1619 522 1718 564 ἐκεί-

218 599 250 633 D
272 604 345 641 νην
362 585 437 641 τὴν
460 586 563 642 πρὸς
586 586 681 637 τούς
698 588 866 637 οἰκείους
891 588 1137 642 ἀπείπαντο,
1175 588 1260 632 ἅνω
1277 589 1325 632 δέ
1342 606 1421 632 που
1445 588 1497 632 τὰ
1514 589 1619 642 με’σα
1643 593 1750 632 τοῦδ

269 653 384 710 ἁγίου
439 658 568 698 Φωκιῖ
614 657 683 697 καὶ
730 657 891 698 ἔπίταδε
939 654 1287 712 ναυλοχησάμενοι
1329 656 1600 702 ἀπεπαύοντο.
1666 660 1723 714 τῇ

268 722 313 765 δ’
335 721 528 783 ὑστεραία
548 727 650 778 νῆας
676 725 749 774 μέν
779 726 929 774 ἐκείνας
958 726 1030 774 τὰς
1050 724 1298 780 ἦττηθείσας
1311 757 1324 778 ,
1374 724 1505 776 οὕτως
1523 723 1578 776 ὥς
1598 723 1718 779 εἶχον,

268 789 520 846 ἀντάνδρους
548 792 650 847 πρὸς
678 794 847 842 οἰκείους
875 792 1095 850 κατάγουσι
1126 796 1191 836 καὶ
1229 795 1270 836 ἓν
1303 792 1469 851 τηρήσει
1506 798 1718 836 ποιοῦνται

266 861 438 919 παντοία
449 892 462 912 ,
501 859 616 902 αὐτοὶ
635 861 679 903 δὲ
697 866 755 919 τῷ
774 865 938 914 βασιλεῖ
953 863 1278 917 προσκληθέντες
1294 862 1345 904 τὰ
1366 860 1498 905 εἰκότα
1515 866 1718 919 φιλοφρο·

265 932 443 971 νοῦνται.
515 931 582 970 καὶ
610 936 694 978 τοῖς
726 930 800 983 μὲν
833 928 1051 986 ναυάρχοις
1085 930 1137 973 τὰ
1166 935 1247 973 τῶν
1284 929 1498 984 ἀναβολῶν
1526 928 1582 980 ὥς
1609 927 1715 983 εἶχον
1728 934 1772 970 10

265 996 370 1051 πρὸς
403 997 602 1049 βασιλέως
628 995 936 1054 φιλοτιμότερον
964 1000 1249 1055 μετημᾳίαστο
1264 1031 1277 1050 ,
1311 1005 1398 1048 τοῖς
1418 999 1466 1041 δέ
1478 1015 1519 1054 γε
1539 995 1717 1052 πλήθεσι

212 1071 246 1107 Ε
268 1064 318 1107 τὰ
355 1066 410 1114 εἷς
452 1065 590 1115 δαιτὸς
631 1067 864 1123 φιλοτιμίαν
914 1067 1108 1110 ἐδίδοντο.
1198 1066 1315 1110 αὐτοὶ
1331 1067 1334 1070 ’
1350 1066 1394 1109 ‹5’
1438 1066 1510 1123 ἐφ’
1547 1065 1717 1122 ἡμέραις

264 1133 600 1187 προσμείναντες,
640 1132 742 1190 μήτε
769 1151 806 1176 τι
833 1138 915 1176 τῶν
942 1133 1144 1188 σωμάτων
1169 1133 1270 1189 μήτε
1295 1151 1333 1177 τι
1361 1138 1444 1177 τῶν
1466 1123 1715 1190 πραγμάτων

266 1198 428 1254 δόντες,
475 1200 698 1258 χρημάτων
727 1200 962 1245 ἀποδόσθαι
985 1201 1224 1258 ἠβούλοντο.
1295 1202 1399 1245 ἀλλὰ
1427 1204 1492 1244 καὶ
1531 1201 1611 1244 ὑπὸ
1642 1219 1714 1255 μι-

263 1274 384 1320 σθοῖς
413 1270 485 1323 μὲν
515 1269 772 1327 συνεφώνουν
797 1272 860 1313 ἐπὶ
886 1271 984 1321 τοὺς
1011 1272 1113 1314 κατὰ
1142 1270 1216 1326 τὴν
1245 1272 1428 1313 Καλλίου
1456 1267 1768 1326 στρατεύειν·15

262 1337 377 1388 τέλος
401 1338 463 1390 δ’,
509 1336 563 1388 ὥς
597 1338 786 1392 ἐδόκουν,
820 1338 1199 1394 γνωσιμαχήσαντες
1216 1338 1283 1381 διὰ
1302 1338 1400 1389 τοὺς
1419 1340 1503 1381 ε’κεῒ
1525 1342 1565 1381 Γ
1561 1340 1714 1381 εννουΐ-

261 1422 357 1458 τας,
394 1404 532 1460 οἶμαι,
569 1409 610 1458 ἐξ
629 1408 756 1462 αὐτῆς
778 1406 1170 1463 συμπαραλαβόντες
1193 1409 1259 1449 καὶ
1282 1407 1561 1463 ΠΙπυριγέριον
1586 1403 1714 1449 συνά·

258 1492 318 1529 μα
339 1481 424 1524 τοῖς
443 1477 686 1530 πρωτίστοις
704 1476 839 1518 αὐτῶν
861 1476 959 1531 πρὸς
978 1476 1052 1530 τὴν
1071 1481 1152 1518 τῶν
1172 1477 1328 1526 Λαζῶν
1347 1475 1536 1518 ἀνέπλεον
1554 1472 1710 1531 χώραν,

116 1548 147 1584 P
168 1551 235 1587 377
257 1544 357 1596 μίαν
383 1540 513 1597 μόνην
549 1549 629 1586 τῶν
651 1542 844 1601 τριήρεων
864 1544 967 1601 πρὸς
985 1544 1037 1587 τὰ
1058 1544 1193 1587 αὐτῶν
1218 1542 1307 1600 ἤθη
1330 1545 1385 1594 εἷς
1404 1541 1578 1600 δήλωσιν
1602 1542 1711 1586 ἀπο·

255 1608 460 1660 λύσαντες.
1250 1611 1254 1614 ’

257 1718 384 1742 morum
410 1708 548 1753 plausu,
570 1705 631 1742 has
655 1706 821 1743 deformes
841 1708 952 1751 luctu,
976 1707 1137 1754 spoliatas
1160 1706 1359 1752 insignibus,
1381 1706 1583 1741 claudicanti
1605 1718 1710 1751 aegre

256 1754 395 1798 remigio
419 1758 596 1799 provectas
619 1759 813 1800 temereque
836 1755 940 1789 fluctu
965 1754 1125 1800 impulsas
1149 1754 1213 1787 huc
1233 1753 1389 1806 illucque,
1411 1763 1453 1787 ac
1474 1753 1550 1786 vice
1572 1752 1709 1787 remulci

254 1799 535 1845 praecedentibus
557 1799 756 1834 victricibus
779 1811 926 1834 annexas
949 1800 1144 1834 rudentibus
1158 1798 1363 1844 praelongis,
1381 1797 1431 1832 sic
1455 1802 1710 1844 nepertractas

255 1857 323 1890 quo
353 1845 433 1879 illae
467 1856 606 1891 cumque
639 1845 813 1879 ducerent.
858 1850 896 1880 ut
919 1850 1029 1880 autem
1053 1856 1192 1879 cuneum
1216 1844 1420 1890 Acropoleos
1468 1847 1625 1887 exerunt,
1649 1855 1708 1877 re-

254 1896 343 1925 ctam
365 1891 454 1925 illinc
480 1896 597 1925 tenere
620 1891 661 1925 ad
685 1902 763 1925 suos
789 1893 992 1925 Gnlatenses
1016 1893 1213 1925 recusarunt
1235 1889 1344 1932 viam,
1374 1889 1435 1924 sed
1465 1900 1569 1935 supra
1592 1888 1708 1923 evecti

255 1937 347 1970 circa
380 1937 525 1971 medium
559 1948 639 1971 orae
669 1943 787 1970 sancto
812 1938 946 1971 Phocae
970 1941 1189 1982 praetentae,
1223 1935 1378 1981 citraque
1402 1935 1564 1980 appulsae
1586 1932 1706 1976 littori,

255 1983 510 2028 acquieverunt.
556 1983 717 2028 postridie
743 1994 845 2017 naves
876 1982 1010 2028 quidem
1040 1983 1113 2016 illas
1143 1982 1231 2016 bello
1266 1987 1384 2027 captas
1414 1992 1487 2015 cum
1515 1979 1708 2015 vectoribus

255 2039 368 2062 earum
405 2029 447 2062 ad
481 2040 560 2062 suos
593 2029 782 2073 perducunt
822 2035 857 2063 et
891 2029 1019 2063 idoneis
1053 2039 1111 2062 eas
1146 2027 1305 2062 custodiis
1338 2027 1483 2072 sepiunt.
1528 2025 1593 2072 ipsi
1621 2037 1706 2060 vero

254 2073 404 2108 victores
427 2074 539 2108 accitu
562 2074 775 2119 imperatoris
799 2074 841 2109 ad
864 2086 938 2109 eum
961 2074 1130 2120 profecti,
1159 2073 1280 2119 quibus
1304 2084 1366 2118 par
1389 2077 1464 2107 erat
1484 2071 1707 2116 significatio-

257 2118 354 2152 nibus
377 2120 510 2153 honoris
534 2126 570 2154 et
595 2119 845 2154 benevolentiae
868 2125 946 2155 sunt
968 2120 1112 2165 excepti.
1160 2132 1201 2153 ac
1231 2118 1391 2153 navarchi
1413 2118 1546 2163 quidem
1570 2116 1706 2162 conspi-

257 2164 310 2197 cui
335 2165 510 2208 fulgebant
533 2166 641 2199 missis
664 2167 705 2200 ad
730 2177 895 2212 quemque
919 2166 1052 2200 illorum
1083 2167 1126 2200 ab
1148 2165 1352 2210 imperatore
1373 2162 1628 2210 speciosissimis
1649 2164 1705 2197 in-

256 2209 329 2242 duti
364 2210 533 2244 vestibus:
567 2212 664 2255 vulgo
699 2217 809 2246 autem
841 2213 1087 2247 classiariorum
1120 2211 1212 2244 iussu
1235 2210 1384 2244 eiusdem
1413 2210 1508 2253 large
1529 2208 1566 2242 in
1587 2209 1703 2253 epulas

255 2254 383 2288 cibaria
403 2256 547 2301 vinaque
566 2258 826 2301 praebebantur.
872 2258 906 2292 in
930 2258 982 2292 his
1002 2257 1249 2292 remissionibus
1269 2267 1342 2289 cum
1357 2255 1430 2289 dies
1449 2254 1575 2308 aliquot
1589 2258 1703 2287 trans-

255 2300 426 2344 egissent,
456 2313 520 2335 non
551 2306 665 2336 tamen
699 2304 838 2337 emolliri
870 2308 966 2338 tanta
997 2303 1203 2338 humanitate
1233 2305 1415 2346 potuerunt
1445 2304 1485 2334 ut
1505 2296 1702 2343 lmperatori

255 2345 436 2390 quidquam
461 2347 502 2380 de
526 2348 640 2381 fructu
663 2347 824 2382 victoriae
857 2350 1068 2392 tribuerent,
1098 2360 1159 2382 nec
1188 2351 1319 2392 partem
1351 2346 1450 2379 ullam
1481 2343 1630 2389 praedae
1659 2353 1702 2377 ac

254 2390 457 2434 spoliorum,
481 2403 543 2426 nec
566 2393 619 2425 vel
644 2404 685 2426 ex
709 2395 852 2438 captivis
875 2406 974 2428 unum
1010 2394 1040 2428 ei
1063 2394 1237 2427 donantes.
1282 2391 1471 2424 offerebant
1498 2393 1619 2423 cuncta
1642 2387 1702 2423 illa.

253 2436 408 2477 venalia,
433 2448 498 2471 non
522 2449 626 2481 parvo
650 2438 787 2481 singulis
812 2440 920 2484 pretio
943 2444 1081 2473 taxatoz
1113 2438 1220 2482 gratis
1243 2436 1324 2470 nihil
1355 2435 1534 2479 largituros
1557 2443 1595 2468 se
1617 2444 1702 2479 pro-

253 2481 449 2515 fitebantur.
497 2482 573 2515 binc
598 2483 761 2516 invitante
783 2484 873 2529 ipsos
896 2485 1099 2529 imperatore
1122 2489 1160 2517 ut
1177 2483 1239 2516 sub
1258 2486 1359 2526 pacto
1383 2479 1543 2514 mercedis
1563 2479 1615 2514 ire
1636 2478 1714 2514 mi-‘

253 2527 389 2561 litatum
413 2528 574 2560 adversus
599 2528 785 2563 catelanos
806 2529 992 2574 Callipolim
1015 2529 1202 2563 obtinentes
1224 2527 1366 2567 vellent,
1390 2526 1530 2571 primum
1553 2525 1596 2559 de
1609 2535 1701 2559 sum-—

253 2583 308 2607 ma
341 2572 504 2618 pecuniae
537 2572 619 2617 ipsis
652 2574 694 2606 ab
727 2575 878 2617 Augusto
919 2575 982 2608 hoc
1011 2575 1140 2608 nomine
1171 2572 1366 2617 pendendae
1399 2571 1597 2605 altercatum
1627 2575 1701 2613 estg

251 2617 448 2664 interimque
470 2618 675 2652 dissensione
698 2618 789 2652 circa
810 2619 844 2652 id
867 2620 959 2652 inter
981 2619 1097 2652 classis
1120 2618 1222 2651 duces
1245 2621 1339 2658 orta,
1361 2616 1545 2658 instinctu,
1568 2617 1703 2663 opinor,

252 2664 483 2709 inquilinorum
507 2663 654 2697 Galatae
679 2664 925 2705 Genuemium,
959 2664 1016 2709 qui
1039 2664 1183 2708 quodam
1207 2663 1272 2696 iam
1295 2667 1415 2703 antea,
1447 2667 1486 2696 ut
1506 2662 1592 2704 dixi,
1623 2662 1701 2696 foe-

252 2710 334 2743 dere
357 2709 597 2754 praeoccupati
619 2721 640 2743 a
667 2709 837 2743 Catelanis
860 2716 979 2750 erant,
1004 2720 1116 2743 omnes
1137 2708 1279 2742 sublatis
1302 2715 1442 2753 repente
1464 2706 1596 2742 ancoris
1619 2717 1700 2741 cur·-

251 2766 324 2789 sum
348 2755 460 2790 Lazos
479 2765 597 2788 versus
622 2754 834 2789 intenderunt
849 2780 860 2796 ‚
883 2759 1052 2799 assumpto
1076 2765 1187 2788 secum
1201 2779 1209 2794 ‚
1243 2765 1317 2787 cum
1341 2754 1531 2800 praecipuis
1554 2751 1710 2797 Amoga-'

250 2801 431 2844 barorum,
470 2800 700 2846 Mpyrigerio,
730 2810 797 2835 una
828 2801 1002 2835 dumtaxat
1035 2812 1054 2834 e
1085 2799 1278 2834 triremibus
1309 2799 1459 2845 ipsorum
1490 2799 1622 2834 domum
1654 2796 1710 2845 ad:

250 2856 350 2889 suos,
371 2850 409 2881 ut
431 2847 601 2882 nuntiaret
621 2857 709 2893 quae
734 2847 963 2892 contigerant,
986 2845 1137 2883 remissa.
1700 2849 1705 2855 '
