1820 3112
197 137 221 181 1
231 134 292 181 16
613 129 847 175 GEORGH
883 127 1241 172 PACHYMERIS

141 262 173 298 1)
195 244 320 297 δόξαν
352 242 578 301 ἀσφαλείας
610 239 853 298 δογμάτων,
891 241 949 296 μὴ
982 239 1099 295 κενὴν
1136 239 1340 296 διαφορὰν
1367 238 1482 295 παρὰ
1503 242 1666 281 πολλῶν

191 315 441 358 ἀποίσεσθαι
470 310 778 366 προνοούμενοι.
851 311 918 352 καὶ
949 309 998 363 δὴ
1025 310 1396 364 παρασπαίρουσαν
1415 306 1470 349 ἔτι
1492 305 1667 360 ὁρῶντες

190 383 267 438 τὴν
290 381 403 438 παρὰ
436 385 509 423 τοῦ
533 379 688 423 Βὲκκου
715 383 774 437 τῷ
796 375 911 436 τόμῳ
931 378 1114 431 μέμψιν,
1153 383 1240 426 τοῖς
1265 375 1554 432 γεγραμμένοις
1576 376 1665 417 ἐπι-

192 450 359 509 φυέντες
379 450 446 491 καὶ
464 443 578 491 οὗτοι
596 449 671 503 τὴν
689 445 898 503 μάχαιραν
921 445 1093 496 ὤξυναν.
1167 443 1315 500 ὁρμαῖς
1336 448 1434 500 γοῦν
1453 460 1666 499 παρακρο-

189 518 386 575 τηθέντες
415 518 570 572 μείζοσι
601 519 668 560 καὶ
701 516 799 565 τοὺς
841 517 1067 564 δοκοῦντας
1101 509 1548 568 προκαταλαμβάνουσι
1582 515 1699 556 ‘cdiv-⁷»

69 612 98 646 p
121 609 165 646 78
191 587 435 645 ἀρχιερέων,
472 579 529 628 ὧν
553 587 619 628 καὶ
649 586 809 639 μείζους
829 585 894 626 καὶ
915 587 1070 638 πρῶτοι
1095 581 1115 624 ὁ
1135 582 1309 637 Ἐφέσου
1339 580 1383 623 τ’
1402 575 1508 634 ἦσαν
1527 575 1667 623 Ἰωάν-

189 674 263 711 νης
285 655 342 698 ἔτι
360 651 501 706 ἀπών,
539 653 561 696 ὅ
585 654 765 706 Κυζίκου
784 652 945 706 Δανιὴλ
965 653 1031 693 καὶ
1052 649 1073 694 ὅ
1099 650 1396 706 Φιλαδελφείας
1414 645 1665 703 Θεόληπτος,

193 725 239 775 ὃς
267 723 318 779 δὴ
346 724 413 766 καὶ
446 722 561 777 παρὰ
588 727 647 781 τῷ
680 719 842 779 μεγάλῳ
878 719 1081 776 λογοθέτῃ
1113 719 1268 773 πολλὴν
1289 719 1355 760 καὶ
1374 715 1553 773 μεγάλην
1588 714 1666 771 εἶχε

192 792 298 836 κατὰ
331 791 616 847 πληροφορίαν
651 790 726 844 τὴν
762 787 1001 843 οἲκειότητα.
1074 787 1118 830 οἳ
1146 787 1196 841 δὴ
1231 788 1296 829 καὶ
1322 786 1440 842 μέχρι
1460 785 1535 840 μέν
1557 801 1667 834 τινος

192 863 259 904 καὶ
289 860 406 903 αὐτοὶ
438 857 687 916 διερχόμενοι
710 857 762 900 τὰ
784 862 857 900 τοῦ
880 855 1010 911 τόμου
1034 855 1081 898 οὗ
1104 855 1459 912 προσαπεδέχοντο
1479 853 1555 908 τὴν
1574 850 1666 908 ἓξῆ-
1677 861 1722 896 10

191 946 322 986 γησιν.
394 927 441 970 τὸ
470 931 568 983 γοῦν
600 928 798 978 ταυτίζειν
820 923 893 979 τήν
918 942 961 968 τε
983 922 1163 980 πρόοδον
1183 922 1257 979 τήν
1276 923 1318 966 τ’
1340 923 1535 980 ἕκφανσιν
1547 954 1560 974 ,
1598 923 1666 964 καὶ

144 1016 174 1050 Β
200 999 263 1041 ἐπὶ
293 993 457 1045 τούτοις
488 996 559 1039 τὸν
593 993 816 1052 γράψαντα
847 994 1192 1050 καταμέμφεσθαι
1213 991 1268 1042 ὥς
1290 991 1423 1034 ταύτὰ
1447 995 1505 1050 τῷ
1523 989 1665 1048 Βέκκῳ

193 1063 446 1117 δοξάζοντα,
499 1065 572 1107 οὐκ
604 1064 760 1120 ἔκρινον
792 1062 955 1113 ξυνετὸν
986 1061 1079 1104 οὐδ’
1115 1061 1250 1110 ἄλλως
1277 1059 1481 1115 εὔσχημον
1514 1060 1581 1101 καὶ
1611 1061 1667 1108 εἷς

192 1133 418 1189 ἀπολογίαν
453 1131 739 1190 εὐπρόσωπον·
793 1133 923 1174 δοκεῖν
953 1130 1032 1185 γὰρ
1065 1136 1150 1180 τοῖς
1181 1133 1348 1178 πολλοῖς
1379 1129 1569 1171 ἐντεῦθεν
1602 1126 1665 1168 ἐπὶ

194 1203 353 1251 κακίαις
381 1198 567 1244 εὐθύνειν
598 1200 670 1243 τὸν
702 1199 857 1242 Βὲκκον
889 1200 955 1241 καὶ
977 1199 1024 1241 οὗ
1049 1198 1117 1241 διὰ
1136 1195 1353 1254 δογμάτων
1381 1195 1662 1253 παραβασίαν,
1677 1209 1720 1245 15

195 1269 257 1321 οἷς
275 1269 338 1314 ὅτι
357 1270 423 1312 καὶ
444 1270 562 1312 αὐτοὶ
582 1269 782 1324 ἀληθείας
802 1266 956 1325 ἀνάγκῃ
976 1265 1316 1321 συνελαυνόμενοι
1334 1264 1386 1308 τὰ
1405 1263 1511 1308 αὐτὰ
1528 1264 1665 1323 ἐκείνῳ

193 1342 439 1395 θεολογοῦσι
453 1369 467 1390 ,
498 1340 564 1380 καὶ
585 1337 606 1381 ὃ
632 1335 791 1396 φεύγειν
822 1336 967 1387 ἔδοξαν
985 1337 1214 1391 βασκανίας
1230 1332 1375 1392 χάριν,
1411 1332 1542 1376 τοῦθ’
1561 1330 1665 1387 ὅμο-

194 1449 247 1485 uti
270 1449 314 1484 ad
339 1460 410 1482 rem
433 1459 474 1482 eo
498 1448 686 1482 faciliorem
710 1451 746 1482 et
767 1457 945 1482 successus
968 1445 1153 1491 pronioris,
1178 1445 1270 1491 quod
1293 1442 1465 1490 plausibili
1482 1444 1665 1488 praetextu

192 1496 444 1530 obtendebatur
476 1494 604 1536 officii,
646 1506 713 1539 quo
745 1494 856 1539 quivis
891 1493 1124 1532 Christianus,
1164 1490 1364 1537 praesertim
1398 1488 1664 1531 ecclesiasticus,

192 1546 329 1576 tenetur
360 1552 509 1583 summo,
544 1541 758 1584 quaerendae
791 1539 879 1573 omni
912 1538 1045 1573 ratione
1076 1537 1270 1572 securitatis
1293 1536 1327 1571 in
1351 1535 1528 1580 dogmate,
1559 1545 1666 1570 eircu-⁴

192 1587 365 1631 tiendique
398 1590 435 1619 et
467 1586 665 1630 explorandi
698 1585 734 1618 in
764 1596 806 1619 eo
839 1596 963 1628 genere
997 1583 1252 1617 accuratissime
1274 1581 1436 1628 quidquid
1459 1579 1578 1625 quovis
1601 1590 1665 1613 no-

195 1632 285 1667 mine
308 1632 498 1675 ambiguum
523 1631 577 1664 vel
601 1631 766 1665 minimam
791 1630 1035 1664 dubitationem
1059 1635 1196 1669 movet,
1227 1629 1290 1662 hoc
1324 1625 1533 1672 praeiudicio
1562 1625 1664 1669 vulgo

193 1682 356 1723 receptae
387 1677 557 1721 opinionis
590 1677 678 1710 haud
711 1677 876 1710 immerito
910 1680 1087 1720 sperantes
1120 1675 1357 1708 lucrifacturos
1380 1685 1418 1707 se
1441 1670 1664 1716 suspicionem

194 1723 356 1758 iracunde
379 1723 546 1756 ruentium
569 1722 602 1756 in
627 1722 786 1756 ultionem
811 1721 906 1756 exosi
929 1721 1067 1766 capitis,
1102 1727 1136 1754 et
1159 1730 1382 1765 persuasurus
1405 1717 1516 1752 studio
1539 1727 1578 1751 se
1600 1726 1665 1760 po-

194 1770 265 1804 tius
296 1768 455 1813 religioso
488 1767 698 1803 orthodoxae
725 1768 899 1802 doctrinae
922 1767 1144 1800 declarandae
1168 1766 1209 1800 ad
1232 1764 1474 1799 discussionem
1498 1773 1664 1796 commen-

195 1815 273 1850 tarii
296 1814 448 1860 suspecti
472 1814 645 1848 accedere.
692 1813 863 1857 flagrante
885 1813 989 1857 igitur
1013 1813 1121 1846 adhuc
1144 1811 1270 1845 invidia
1293 1821 1394 1855 quam
1416 1819 1536 1844 recens
1559 1807 1664 1842 editio

196 1861 322 1907 passim
345 1860 456 1895 lectae
479 1859 721 1893 confutationis
747 1859 852 1893 Vecci
875 1864 965 1892 tomo
990 1857 1206 1903 patriarchae
1233 1856 1463 1898 conflaverat,
1497 1859 1533 1888 et
1554 1852 1664 1898 trepi-

196 1906 355 1941 dantibus
378 1917 454 1940 cum
476 1905 619 1940 maxime
642 1905 762 1950 Cyprii
783 1905 986 1950 sequacibus
1006 1903 1042 1937 in
1067 1904 1157 1937 fama
1179 1903 1252 1936 eius
1268 1902 1438 1936 titubante
1455 1899 1664 1942 sustinenda,

196 1953 414 1996 insurgentes
446 1956 483 1986 et
514 1951 573 1987 isti
604 1951 753 1995 gladium
789 1954 974 1993 acuerunt,
1012 1949 1270 1994 vehementique
1303 1948 1499 1992 ingruentes
1532 1946 1664 1990 impetu

195 2001 492 2043 praeoccuparunt
526 2002 770 2042 traxeruntque
811 1997 846 2030 in
890 2001 1007 2042 partes
1038 1994 1241 2040 praecipuos
1275 2005 1430 2039 quosque
1461 1991 1664 2027 antistitum.

195 2054 282 2088 quos
313 2043 404 2076 inter
435 2043 628 2076 eminebant
654 2042 848 2087 Ephesinus
870 2042 1037 2083 Ioannes,
1070 2041 1180 2074 adhuc
1203 2041 1346 2080 absens,
1379 2039 1439 2073 sed
1463 2041 1664 2084 expectatus

196 2089 508 2133 Constantinopoli,
535 2089 727 2132 Cyzicenus
750 2088 872 2122 Daniel
895 2091 931 2121 et
954 2085 1257 2132 Philadelphiensis
1280 2085 1514 2130 Theoleptus‚
1543 2083 1603 2129 qui
1625 2085 1664 2116 et

195 2135 288 2180 apud
318 2145 473 2178 inagnum
504 2135 709 2179 logothetam
742 2145 870 2168 sumina
902 2138 937 2168 et
967 2133 1080 2177 gratia
1103 2137 1140 2166 et
1163 2131 1368 2166 auctoritate
1402 2131 1564 2176 pollebat.
1608 2127 1663 2162 his

196 2179 329 2214 cunctis
350 2185 408 2213 sat
431 2180 536 2213 multa
558 2181 641 2214 tomi
662 2180 811 2214 lectione
831 2181 1078 2224 introspectam
1101 2178 1220 2223 Cyprii
1244 2176 1447 2211 sententiam
1469 2173 1663 2220 expendere

197 2224 371 2269 aggressis
394 2237 436 2259 ea
459 2225 593 2259 minime
617 2227 791 2271 placebat,
823 2237 887 2260 nec
917 2224 1162 2260 admittendam
1185 2222 1386 2258 Dainasceni
1417 2219 1662 2267 expositionem

198 2270 406 2304 iudicabant.
453 2271 542 2304 haud
574 2276 687 2305 tamen
709 2272 835 2316 alioqui
858 2276 1119 2306 consentaneum
1142 2281 1184 2304 ac
1205 2268 1384 2314 plausibile
1406 2269 1573 2312 putarunt
1594 2264 1663 2298 cri-

198 2315 320 2350 minari
346 2327 386 2349 eo
407 2316 539 2349 nomine
562 2323 732 2350 auctorem
755 2317 857 2358 tomi,
889 2318 981 2363 quod
1015 2317 1102 2350 male
1132 2320 1276 2360 negaret
1302 2313 1388 2347 idem
1416 2312 1518 2358 plane
1545 2310 1663 2345 valere

200 2361 451 2407 processionem
475 2367 510 2395 et
533 2363 901 2407 exsplendescentiam,
931 2374 1005 2396 cum
1032 2374 1074 2395 ex
1096 2361 1171 2407 ipsa
1192 2361 1265 2394 eius
1289 2357 1442 2393 doctrina
1463 2356 1547 2391 satis
1569 2355 1663 2390 clare

200 2413 404 2453 sequeretur
426 2419 607 2450 synonyma
639 2419 779 2452 prorsus
802 2419 878 2441 esse
903 2409 1000 2441 ambo
1024 2407 1093 2441 ista
1117 2407 1301 2447 vocabula;
1332 2404 1422 2437 unde
1442 2405 1561 2448 posset
1583 2401 1663 2436 effi-

200 2453 329 2488 caciter
360 2453 484 2487 involvi
516 2453 711 2498 patriarcha
738 2453 773 2486 in
802 2453 1048 2487 damnationem
1082 2451 1186 2485 Vecci
1215 2451 1303 2484 idem
1331 2449 1442 2494 ipsum
1466 2447 1663 2489 asserentis,

200 2510 265 2533 nec
285 2499 406 2543 sugere
427 2502 544 2543 posset
564 2498 644 2543 quin
667 2498 698 2531 si
721 2499 899 2532 aberraret
923 2498 960 2531 in
982 2499 1047 2531 hoc
1069 2497 1204 2530 Veccus
1226 2507 1248 2530 a
1270 2498 1364 2529 recto
1387 2495 1565 2538 dogmate,
1599 2504 1662 2538 pa-

199 2543 249 2578 ris
272 2547 308 2578 et
331 2545 404 2590 ipse
427 2548 617 2589 compertus
640 2544 768 2578 erroris
799 2548 985 2576 teneretur.
1034 2553 1150 2576 verum
1175 2553 1218 2574 ne
1238 2541 1303 2575 hac
1324 2540 1416 2574 illum
1439 2543 1539 2585 parte
1560 2550 1661 2583 urge-

198 2597 278 2624 rent
303 2601 345 2624 ea
374 2589 506 2623 ratione
537 2590 800 2630 avertebantur,
835 2589 927 2633 quod
957 2588 1052 2622 multi
1084 2587 1279 2621 sentiebant
1310 2586 1456 2620 Veccum
1487 2585 1662 2630 culparum

197 2638 316 2670 contra
346 2634 578 2680 disciplinam,
615 2647 680 2668 non
704 2639 818 2668 autem
840 2634 967 2668 erroris
989 2634 1156 2668 adversus
1179 2632 1281 2666 fidem
1303 2635 1431 2665 rectam
1453 2642 1548 2665 reum
1572 2641 1661 2672 esse,

195 2681 324 2727 quippe
345 2679 405 2736 qui
426 2680 517 2726 quod
539 2680 747 2722 affirmaret,
779 2679 868 2713 idem
895 2679 1085 2713 necessario
1111 2678 1288 2712 dicendum
1315 2682 1407 2711 esset
1431 2676 1538 2710 cuivis
1561 2676 1662 2710 theo-

195 2727 294 2772 logo,
325 2725 489 2761 trinitatis
508 2726 724 2771 mysterium,
748 2725 838 2760 sicut
859 2730 1013 2769 oportet,
1039 2723 1247 2770 explicanti,
1269 2727 1371 2768 prout
1394 2722 1574 2756 manifeste
1596 2733 1660 2768 ap-

195 2772 369 2818 paruisset
397 2783 440 2808 ex
461 2783 504 2808 eo
527 2773 618 2820 quod
641 2772 847 2819 quicumque
877 2770 968 2805 illum
990 2769 1184 2816 pervicacia
1206 2769 1320 2816 potius
1346 2780 1448 2815 quam
1469 2769 1544 2803 zelo
1567 2767 1662 2802 veri-
