1820 3112
390 140 465 182 DE
499 139 829 183 ANDRONICO
864 132 1240 184 PALAEOLOGO
1276 142 1322 184 L.
1356 141 1391 185 I.
1570 141 1634 187 69

166 248 292 307 ἐζήτει
311 251 364 295 τὰ
384 250 596 308 χρήματα,
631 251 657 308 ἢ
684 254 729 295 δὲ
746 254 836 309 περὶ
855 253 928 295 τὸν
950 253 1124 307 βασιλέα
1142 253 1276 309 βουλὴ
1304 254 1347 296 ἔκ
1368 257 1506 309 κοινῆς
1531 270 1631 309 συγ-

164 317 393 376 κροτήσεως
411 322 680 377 συλλέγεσθαι
700 323 892 364 ἐδικαίου.
963 319 990 376 ἦ
1012 321 1055 364 δ’
1087 317 1110 377 ἦ
1115 340 1135 363 ν
1163 322 1210 364 τὸ
1232 327 1305 376 τῆς
1335 324 1528 376 προνοίας
1548 328 1632 366 τῶν

163 387 339 443 ἐχόντων
357 391 551 444 προνοίας
571 390 752 433 δέκατον.
823 388 846 432 ὃ
869 389 922 443 δὴ
945 391 1011 431 καὶ
1034 387 1229 443 συνήγετο
1248 392 1323 443 μὲν
1347 389 1403 438 ὥς
1424 392 1554 446 δῆθεν
1581 393 1624 434 ἐκ
1649 398 1679 432 D

162 461 246 500 τῶν
272 459 438 501 δικαίων
458 463 541 500 τῶν
574 461 802 510 δεσποτῶν,
840 458 887 501 τὸ
919 462 1001 499 πᾶν
1021 459 1046 499 δ
1061 457 1073 473 ’
1103 458 1143 500 oi
1161 464 1448 514 παροικοῦντες
1468 459 1630 502 ἀπετίν-

133 535 265 570 srvos·
293 524 625 570 δυναστευόντων
652 527 825 570 ἐκείνων.
897 525 1186 580 συναχθέντων
1210 528 1285 580 μὲν
1309 525 1495 583 μεγάλων
1523 545 1631 583 χρη-

161 591 306 648 μάτων
333 595 546 647 ἐντεῦθεν,
594 599 727 636 ταῦτα
762 594 903 647 λαβὼν
935 592 957 637 ὃ
990 593 1364 651 πρωτοβεστιάριος
1397 595 1485 649 ἅμα
1517 597 1629 638 πλεί-

162 678 279 712 σταις
309 661 527 717 δυνάμεσιν
559 663 621 705 ἐπὶ
654 661 951 718 Δημητριάδος
978 667 1044 705 καὶ
1065 668 1147 706 τῶν
1169 665 1254 706 ἐκεῖ
1269 664 1425 718 ταχέως
1445 662 1624 719 ἐξώρμα,

162 733 260 787 πεζῇ
277 731 352 781 τὰς
371 729 561 785 δυνάμεις
581 730 702 786 ἄγων.
775 731 900 791 (26)
935 731 982 774 τὸ
1015 732 1060 774 δὲ
1080 732 1271 775 ναυτικὸν
1305 730 1327 774 ὅ
1348 733 1499 775 ἐκείνου
1519 750 1627 788 γαμ-
1651 749 1679 784 p
1700 750 1747 784 43

160 799 265 855 βρὸς
288 797 436 843 Ῥαούλ
456 799 633 850 1422*ng-
654 795 746 855 ἦγε,
786 802 882 856 περί
908 817 988 843 που
1010 799 1086 850 τὰς
1108 798 1356 855 ὀγδοήκοντα
1371 805 1495 850 ναῦς·
1526 817 1628 844 συν-

106 871 212 922 ιοῆν
242 866 285 909 δ’
314 867 427 926 αὐτῷ
455 870 523 911 καὶ
543 866 564 910 ὅ
581 868 707 924 μέγας
732 866 1092 924 στρατοπεδάρχης
1110 867 1362 924 Συναδηνός.
1432 870 1499 911 καὶ
1525 867 1629 924 χρή-

161 951 281 989 σιμον
307 934 434 979 ἐδόκει
454 936 507 979 τὰ
523 937 693 992 μέγιστα
711 935 803 979 τότε
831 936 1021 979 ναυτικὸν
1047 944 1132 987 τοῖς
1149 935 1360 991 Ῥωμαίων
1378 935 1627 993 πράγμασιν,

162 1005 198 1046 εἷ
221 1005 287 1046 καὶ
305 1004 409 1058 μετὰ
427 1005 502 1059 τὴν
531 1002 799 1061 ὑποστροφὴν
818 1004 928 1049 οὕτω
955 1003 1079 1056 δόξαν
1101 1010 1363 1060 κατημελεῖτο
1385 1004 1443 1055 ὥς
1460 1009 1628 1061 ζημιοῦν

161 1072 325 1127 πλέονῆ
350 1080 539 1115 συνοῖσον
565 1074 670 1115 κατὰ
701 1071 879 1129 καιρούς.
949 1071 1153 1116 ὑπενοεῖτο
1183 1075 1260 1131 γὰρ
1286 1076 1527 1126 καὶταῦτα,
1559 1077 1627 1117 καὶ

159 1140 264 1195 πρὸς
278 1141 325 1183 τὸ
347 1139 546 1184 πιστεύειν
566 1137 670 1195 ἦσάν
690 1159 795 1192 τινες
826 1139 887 1191 οἷς
908 1141 1052 1197 ἤρεσκε
1074 1142 1121 1185 τὸ
1142 1142 1251 1185 οὕτω
1273 1147 1538 1197 πεπρᾶχθαι,
1572 1141 1627 1192 ὦς

106 1212 149 1248 15
161 1208 247 1250 ἐπεί
266 1225 308 1264 γε
334 1209 408 1264 τὴν
429 1211 640 1264 ἐκκλησίαν
665 1211 708 1252 ἐν
727 1209 930 1269 ἀταραξίᾳ
962 1216 1215 1266 καταστῆναι
1245 1212 1391 1266 ξυνέβη
1426 1211 1629 1265 βασιλέως

160 1274 436 1330 σπεύσαντος,
468 1282 548 1320 πᾶν
567 1279 756 1321 ἐντεῦθεν
775 1280 966 1333 πολέμιον
987 1284 1241 1334 συσταλῆναι
1275 1278 1367 1323 τότε
1389 1281 1457 1321 καὶ
1487 1279 1624 1336 ἇπρα-
1649 1284 1678 1317 Β

250 1373 285 1408 5.
307 1370 397 1419 μὲν]
423 1374 543 1419 γοῦνί)

160 1452 322 1486 utebatur
351 1452 552 1487 consiliariis
583 1454 691 1488 satius
722 1453 830 1488 visum
862 1465 936 1488 eam
966 1465 1128 1488 summam
1161 1466 1206 1489 ex
1228 1465 1318 1490 nova
1345 1455 1525 1490 collatione
1547 1467 1630 1490 oon-

159 1497 277 1532 ficere.
323 1498 471 1532 edictum
494 1510 576 1544 ergo
608 1504 662 1533 est
691 1503 730 1532 ut
752 1500 952 1545 quicumque
974 1500 1164 1555 pensiones
1187 1512 1316 1535 annuas
1341 1513 1361 1535 e
1383 1501 1468 1535 fisco
1492 1502 1629 1546 accipe-

158 1547 257 1586 rent,
285 1554 400 1578 earum
425 1545 619 1590 pensionum
642 1545 805 1580 decimam
835 1545 870 1579 in
903 1545 1003 1580 buius
1036 1546 1206 1581 exercitus
1228 1553 1395 1592 sumptum
1420 1548 1628 1581 conferrent.

158 1589 249 1633 quod
267 1601 342 1623 cum
364 1591 480 1625 statim
503 1597 597 1624 esset
619 1598 793 1633 exactum,
816 1591 997 1626 videbatur
1020 1592 1154 1637 quidem
1177 1593 1346 1637 parcitum
1370 1593 1478 1638 plebi,
1500 1593 1627 1627 reiecto

157 1634 193 1668 in
216 1646 376 1681 proceres
397 1636 476 1670 talis
498 1636 674 1680 vectigalis
691 1648 804 1671 onere.
850 1644 1023 1671 caeterum
1047 1644 1166 1671 contra
1190 1638 1348 1682 contigit:
1378 1650 1454 1672 nam
1478 1650 1628 1672 summa-

158 1685 231 1714 tum
253 1680 398 1726 quisque
420 1693 483 1726 pro
506 1688 677 1727 potestate
700 1694 721 1716 a
744 1683 810 1716 sibi
833 1683 979 1717 subditis
1001 1684 1170 1728 expressit
1192 1690 1355 1729 quantum
1377 1684 1412 1718 in
1434 1685 1468 1718 id
1493 1685 1627 1718 solven-

157 1725 238 1760 dum
267 1726 343 1763 fuit.
396 1739 551 1771 magnum
582 1728 689 1772 igitur
716 1728 796 1762 inde
824 1732 1036 1763 contractum
1066 1730 1230 1774 pecuniae
1262 1741 1434 1764 numerum
1467 1731 1627 1763 auferens

158 1773 435 1817 protovestiarius
455 1785 528 1807 cum
554 1774 741 1808 numerosis
765 1775 873 1819 copiis
906 1775 1065 1808 celeriter
1089 1775 1132 1808 ad
1155 1776 1384 1810 Demetriadis
1406 1775 1563 1808 viciniam
1587 1785 1627 1808 se

158 1817 323 1858 contulit,
357 1824 452 1853 terra
482 1819 667 1853 exercitum
702 1820 839 1853 ducens.
888 1822 969 1864 (26)
1009 1821 1249 1865 negligebatur
1273 1821 1361 1854 enim
1384 1821 1526 1863 classis,
1557 1832 1627 1864 qua

158 1874 277 1896 cursus
299 1862 333 1896 in
356 1876 416 1898 eas
437 1872 556 1909 partes
579 1865 655 1899 fieri
677 1866 849 1900 commode
871 1871 1043 1911 potuerat.
1091 1871 1250 1911 praeerat
1280 1866 1330 1900 illi
1363 1866 1510 1899 eiusdem
1533 1866 1628 1899 Tar-

157 1908 338 1942 chaniotae
359 1921 464 1953 gener
486 1911 624 1944 Alexius
647 1911 753 1955 Rani,
785 1912 960 1956 octoginta
990 1911 1126 1945 circiter
1149 1923 1256 1945 naves
1278 1911 1420 1946 habens.
1464 1922 1539 1944 cum
1562 1912 1626 1944 boc

158 1959 234 1987 erat
256 1965 397 1998 magnus
428 1968 561 2001 quoque
590 1958 871 2001 stratopedarcha
903 1958 1116 2001 Sjnadenus.
1163 1968 1203 1990 ac
1227 1967 1427 2001 quamquam
1451 1956 1537 1990 satis
1560 1966 1626 2001 ap-

158 1999 305 2044 parebat
327 2002 504 2044 perutilem
529 2002 691 2035 Romanis
722 2004 821 2036 rebus
855 2014 932 2036 esse
953 2002 1152 2036 maritimam
1177 2002 1383 2046 potentiam,
1410 2008 1524 2035 tamen
1545 2006 1626 2046 post

159 2044 412 2078 conversionem
433 2057 545 2080 rerum
570 2058 658 2091 quae
681 2055 882 2092 capessente
904 2047 1038 2092 imperii
1062 2048 1211 2080 habenas
1233 2048 1424 2082 Andronico
1447 2049 1540 2081 saeta
1559 2053 1624 2089 est,

155 2100 203 2123 ea
233 2090 348 2123 curari
380 2090 580 2124 oscitantius
605 2100 787 2136 coeperat,
823 2092 1099 2138 praevalentibus
1128 2092 1278 2126 consiliis
1298 2093 1507 2139 opinantium
1530 2098 1626 2127 recte

158 2134 322 2169 lucrifieri
345 2141 510 2180 sumptum
533 2137 634 2170 istum
658 2149 776 2182 posse,
800 2139 891 2182 quod
914 2139 989 2182 plus
1012 2138 1143 2179 damni,
1166 2144 1206 2171 ut
1229 2139 1383 2179 aiebant,
1406 2149 1507 2184 quam
1531 2149 1624 2172 oom-

158 2181 250 2215 modi
271 2192 314 2214 ex
336 2181 514 2215 instructis
535 2182 686 2226 impensa
705 2183 849 2217 maxima
872 2183 1036 2216 classibus
1057 2183 1263 2228 reipublicae
1285 2186 1490 2230 proveniret.
1510 2190 1518 2198 ‘
1538 2184 1623 2218 alle-

158 2227 288 2270 gabant
310 2227 353 2260 ad
377 2227 440 2260 boc
463 2228 730 2272 persuadendum
752 2240 818 2261 non
841 2234 1039 2272 argumenta
1062 2228 1111 2261 illi
1143 2229 1279 2274 quidem
1301 2230 1388 2264 satis
1409 2230 1546 2271 valida,
1580 2242 1623 2263 ac

158 2283 203 2306 ne
232 2272 434 2306 verisimiles
464 2272 599 2317 quidem
630 2273 860 2315 coniecturas,
892 2274 952 2307 sed
986 2273 1195 2319 suspiciones
1225 2276 1299 2309 fere
1330 2287 1452 2310 meras.
1507 2282 1622 2310 tamen

158 2317 245 2351 haec
268 2318 382 2363 pronis
405 2318 657 2362 accipiebantur
687 2320 845 2360 auribus,
877 2325 913 2352 et
944 2320 1035 2364 quod
1064 2320 1184 2354 deerat
1211 2321 1490 2356 verisimilitudini
1514 2321 1622 2355 ratio-

160 2374 249 2402 num,
272 2364 384 2398 studia
406 2365 628 2407 gratiosorum
650 2365 740 2408 apud
763 2366 950 2408 Augustum
972 2371 1010 2398 et
1033 2365 1224 2401 voluntates
1246 2368 1386 2412 proprio
1407 2367 1519 2401 isthuc
1541 2378 1621 2412 pro-

159 2408 346 2452 pendentes
366 2409 493 2454 impetu
516 2410 730 2454 supplebant.
778 2422 918 2456 quorum
950 2411 1050 2444 etiam
1073 2412 1275 2446 audiebatur
1297 2413 1426 2454 oratio,
1458 2423 1501 2446 ex
1532 2412 1622 2446 actis

158 2454 385 2498 imperatoris,
408 2459 444 2488 et
467 2455 683 2488 contentione
706 2466 773 2500 qua
796 2456 838 2489 ad
865 2467 922 2489 res
944 2456 1110 2491 ecclesiae
1132 2459 1378 2503 componendas
1400 2458 1621 2498 incumberet,

159 2500 396 2542 augurantium
428 2501 578 2534 inutilem
609 2501 766 2546 deinceps
790 2502 930 2535 classem
955 2503 1049 2544 fore,
1080 2503 1144 2537 deo
1173 2504 1224 2537 sic
1246 2503 1405 2538 videlicet
1427 2515 1622 2537 remunera-

158 2548 238 2577 turo
259 2545 366 2579 zelum
387 2546 455 2579 sibi
477 2550 611 2590 gratum
635 2547 813 2591 principis,
845 2547 1075 2582 restituendae
1107 2548 1144 2582 in
1173 2550 1345 2593 integrum
1373 2549 1528 2593 religioni
1550 2555 1622 2582 tam

160 2588 291 2623 solicite
312 2590 454 2633 intenti,
477 2598 516 2626 ut
537 2598 621 2626 nutu
644 2592 718 2626 eius
740 2593 975 2626 disiicerentur
995 2605 1110 2628 omnes
1129 2595 1282 2629 infensae
1305 2595 1493 2629 molitiones
1515 2605 1624 2638 oppo-

160 2633 300 2669 sitarum
332 2642 473 2671 nostrae
505 2637 689 2671 continenti
718 2637 888 2681 gentium,
919 2643 955 2672 et
984 2639 1075 2673 nulla
1104 2639 1148 2674 de
1170 2647 1307 2675 caetero
1329 2640 1382 2675 vis
1404 2641 1448 2674 ab
1471 2640 1515 2673 iis
1534 2640 1624 2673 foret

160 2679 358 2723 inferenda,
390 2693 491 2727 quam
521 2682 565 2716 ad
597 2683 857 2728 propulsandam
888 2695 985 2718 usum
1016 2685 1144 2720 habere
1174 2691 1315 2732 possent
1335 2686 1480 2730 aliquem
1504 2684 1625 2728 copiae

161 2726 312 2760 navales.
355 2726 417 2761 bis‘
430 2727 539 2773 primo
561 2729 668 2772 magis
691 2740 757 2762 non
779 2729 992 2774 reprehensis
1014 2742 1116 2776 quam
1138 2731 1314 2777 probatis,
1335 2731 1458 2765 deinde
1479 2729 1625 2775 quodam

164 2769 259 2814 quasi
281 2782 438 2807 successu
459 2773 667 2820 impunitatis
687 2773 1028 2821 increbrescentibus,
1041 2777 1150 2812 fiebat
1171 2781 1211 2812 ut
1234 2778 1300 2812 etsi
1321 2777 1466 2823 nondum
1489 2774 1624 2822 publico
