1858 3126
286 205 384 250 536
698 199 934 246 GEORGII
961 201 1310 247 PACHYMERIS

286 315 384 361 εἶναι
403 315 448 358 δὲ
476 315 542 357 καὶ
562 317 603 357 Γ
599 315 802 364 εννουΐτας
830 310 1077 364 ἐνσπόνδους
1107 313 1268 371 σφίσιν,
1305 312 1362 364 ὥς
1387 314 1432 358 ἐκ
1460 319 1620 360 πολλῶν
1642 313 1728 359 ἔστι

285 380 531 439 μανθάνειν,
570 384 604 425 εἲ
624 380 838 436 βούλοιντο
853 396 862 406 ·
900 384 1060 433 ἐκείνοις
1083 384 1128 426 δὲ
1147 384 1213 425 καὶ
1243 382 1414 436 βασιλέα
1431 387 1561 438 χολᾶν
1578 386 1646 427 καὶ
1665 384 1724 427 δι’

287 452 409 508 ὀργῆς
445 449 545 506 ἔχειν
571 452 759 506 μεγίστης
789 452 856 493 καὶ
888 450 1021 494 ἄλλων
1053 451 1126 506 μὲν
1147 451 1342 494 πλείστων
1363 451 1498 503 ἕνεκα,
1534 450 1638 494 ἀλλὰ
1660 453 1729 495 καὶ

285 521 464 577 φρερίοις
488 523 753 574 βοηθοῖντας
783 520 1017 562 ἐκπίπτουσι
1041 523 1115 574 τῆς
1143 518 1246 562 κατὰ
1274 518 1349 575 τὴν
1380 516 1497 562 πόλιν
1523 518 1729 576 καθέδρας

237 600 268 635 c
292 587 427 630 αὐτῶν
439 620 452 639 ,
487 585 561 629 ὑπ’
584 586 706 643 ὀργὴν
725 588 840 644 σφίσι
858 587 1047 643 γενέσθαι
1072 590 1297 642 ξυμβῆναι,
1334 589 1402 630 καὶ
1423 585 1760 643 ἀπηρτημένωςᾶ

284 654 383 699 εἶναι
403 655 450 698 τὸ
468 652 662 711 παράπαν
679 659 736 713 τῷ
753 660 936 710 βασιλεῖ,
974 654 1076 699 ὥστε
1105 657 1172 697 καὶ
1202 656 1494 698 ἔπικεκλεῖσθαι
1522 655 1638 712 σφίσι
1655 655 1731 705 τὰς

285 721 418 773 πύλας
442 728 514 778 τῆς
531 721 684 772 πόλεως
700 726 767 766 καὶ
794 723 868 778 τὴν
895 724 996 779 πρὸς
1021 724 1191 776 βασιλέα
1211 721 1374 778 συνήθη
1393 720 1598 779 πρόσοδον
1619 722 1731 780 ἀφῃ-

286 796 456 847 ρῆσθαι.
526 796 659 834 ταῦτα
681 794 747 834 καὶ
769 791 874 834 ἄλλα
897 792 1028 835 πολλὰ
1049 795 1339 848 ξυμφοροῦντα
1356 791 1426 834 τὸν
1447 791 1729 848 Μπυριγέριον

280 859 358 909 τὰς
377 863 459 902 τῶν
480 861 520 901 Γ
517 864 728 902 ιννουϊτῶν
759 857 924 915 γνώμας
949 858 1169 913 μαλάττειν
1191 864 1414 916 πειρᾶσθαι
1436 858 1506 916 ἐφ’
1527 853 1635 918 ᾧπερ
1660 859 1730 902 καὶ

280 927 376 982 μετ’
402 925 560 983 εἷρήνης
577 927 857 983 ἀπαλλαγεῖεν.
925 927 1020 971 ἀλλ’
1043 928 1181 971 ἐκεῖνοι
1198 925 1431 984 σοφώτερόν
1453 944 1493 970 τι
1519 931 1727 978 ποιοῦντες
1739 940 1783 975 10

231 1003 265 1039 D
288 998 354 1039 καὶ
376 995 426 1038 τὰ
444 995 552 1038 καθ’
571 994 722 1046 αὖτοὺς
748 996 1009 1053 ἀπαρτῶντες
1035 996 1179 1046 νυκτὸς
1201 997 1243 1046 ἐξ
1261 996 1388 1051 αὐτῆς
1406 994 1609 1049 πέμπουσι
1627 995 1731 1051 πρὸς

280 1062 396 1107 πόλιν
423 1063 468 1106 τὸ
502 1068 582 1107 πᾶν
609 1064 721 1119 παρὰ
754 1069 836 1107 τῶν
865 1066 1020 1107 οῖκείων
1046 1064 1283 1117 πυθέσθαι,
1329 1066 1396 1106 καὶ
1425 1062 1534 1113 ὅπως
1564 1062 1650 1106 ἔστι
1679 1063 1727 1107 τὸ

279 1132 381 1187 μετὰ
406 1136 478 1175 τοῦ
499 1132 699 1185 βασιλέως
722 1132 862 1181 αὐτοῖς
887 1134 1064 1187 θέλημα.
1132 1134 1199 1174 καὶ
1222 1133 1296 1186 μία
1322 1132 1396 1185 μὲν
1416 1129 1584 1186 τριήρης
1601 1147 1729 1185 ταχυ-

281 1205 488 1243 ναυτοῦσα
520 1199 622 1243 εὐθὺ
651 1204 723 1255 τῆς
749 1198 903 1250 πόλεως
931 1200 1061 1253 ἔπλει,
1098 1200 1201 1243 κατὰ
1224 1197 1368 1242 πύστιν
1396 1201 1591 1252 βεβαίαν,
1626 1199 1730 1255 πρὸς

140 1274 167 1309 Ρ
193 1275 260 1311 373
284 1268 381 1318 τοὺς
407 1268 511 1311 κατὰ
541 1266 658 1311 πόλιν
683 1272 724 1311 Γ
720 1272 924 1318 εννουΐτας
939 1281 949 1293 ·
1019 1267 1142 1324 (28)
1177 1266 1272 1323 ἡμῖν
1294 1267 1340 1310 δ’
1372 1267 1421 1310 οὗ
1436 1273 1573 1323 χεῖρον
1594 1267 1636 1309 ἐν
1654 1284 1726 1310 το·
1739 1278 1781 1314 15

280 1335 416 1395 σούτῳ
436 1337 483 1379 τὸ
518 1339 607 1393 περὶ
635 1341 717 1380 τῶν
737 1338 914 1394 φρερίων
936 1338 1203 1393 διασαφῆσαι.
1272 1333 1557 1385 τόποςᾶνεῒτο
1576 1339 1635 1394 τῷ
1653 1336 1729 1390 δη-

279 1407 411 1463 μοσίῳ
439 1404 543 1447 κατὰ
563 1405 639 1460 τὴν
671 1403 823 1461 ἀγοράν
832 1437 846 1458 ,
897 1403 944 1447 ὃν
966 1406 1032 1447 καὶ
1062 1402 1305 1454 ἀξιώσαντες
1331 1406 1552 1454 ἔξωνοῦντο
1572 1403 1730 1459 φρέριοι

278 1473 478 1527 βασιλέως
497 1470 816 1529 προστάξαντος.
885 1472 934 1515 τὸ
955 1473 999 1515 δὲ
1019 1471 1148 1515 αἶ’τιον
1157 1504 1171 1526 ,
1205 1471 1276 1529 ἐφ’
1299 1466 1332 1532 ᾧ
1347 1469 1452 1527 μονή
1473 1487 1535 1522 τις
1554 1473 1727 1526 συσταίη

369 1564 425 1603 14.
446 1567 568 1602 πίστιν
589 1568 630 1601 Ρ.

278 1655 371 1703 passi
394 1660 519 1691 essent.
566 1657 601 1691 in
625 1668 691 1702 quo
714 1657 806 1703 ipsos
828 1655 1053 1692 contendebat
1074 1656 1229 1691 adiuvari
1250 1668 1313 1702 pro
1335 1657 1423 1692 virili
1445 1668 1467 1692 a
1489 1657 1728 1692 Genuensibus

278 1703 422 1746 debere,
445 1707 515 1736 tum
538 1703 712 1748 quoniam,
743 1708 782 1737 ut
813 1715 855 1737 ex
878 1702 990 1738 multis
1011 1707 1128 1748 posset
1149 1703 1311 1747 intelligi,
1343 1703 1522 1737 earundem
1544 1704 1641 1737 ambo
1660 1714 1729 1757 po*

278 1748 348 1794 puli
371 1748 517 1793 partium
552 1753 588 1782 et
610 1749 707 1793 quasi
730 1748 868 1782 foedere
899 1748 986 1782 inter
1016 1760 1053 1782 se
1083 1749 1228 1782 devincti
1251 1752 1382 1791 essent,
1413 1754 1484 1782 tum
1507 1748 1561 1783 vel
1585 1759 1728 1782 maxime

277 1794 360 1839 quia
383 1794 523 1827 eundem
553 1795 688 1839 utrique
711 1794 940 1828 adversarium
968 1794 1098 1839 pariter
1129 1793 1322 1828 iniuriosum
1342 1799 1378 1828 et
1398 1793 1553 1828 infestum
1579 1794 1729 1840 impera-

277 1844 385 1874 torem
409 1839 652 1884 experirentur.
700 1840 763 1874 hoc
786 1840 870 1873 enim
894 1850 931 1874 se
952 1839 1039 1885 ipsis
1061 1840 1267 1873 verissimum
1290 1839 1458 1882 nuntiare,
1479 1841 1509 1873 ai
1532 1841 1622 1874 sorte
1642 1850 1727 1874 nou-

275 1885 355 1919 dum
378 1890 517 1930 propter
546 1885 731 1920 absentiam
765 1886 809 1919 ab
832 1886 917 1919 urbe
939 1885 1178 1930 cognoverint,
1210 1885 1357 1929 flagrare
1379 1897 1467 1920 nunc
1489 1896 1564 1919 cum
1586 1885 1729 1920 maximo

276 1930 501 1965 Andronicum
524 1931 558 1965 in
581 1933 780 1965 Genuenses
802 1931 855 1964 ira
879 1931 1043 1973 maxima,
1071 1942 1144 1965 cum
1167 1930 1241 1964 aliis
1264 1931 1374 1965 causis
1396 1931 1546 1976 plurimis
1569 1941 1726 1974 accensa,

276 1980 347 2010 tum
372 1977 570 2021 praesertim
593 1977 681 2022 quod
705 1988 801 2022 opem
823 1988 922 2011 manu
955 1976 1096 2011 tulerint
1130 1976 1275 2020 Freriis,
1309 1977 1442 2021 quando
1462 1976 1509 2010 illi
1531 1976 1612 2010 aede
1633 1976 1728 2022 ipto-

276 2033 349 2055 rum
374 2027 410 2056 et
433 2022 593 2056 cathedra
615 2022 650 2056 in
673 2024 757 2056 urbe
778 2033 840 2067 per
862 2021 928 2056 vim
952 2022 1224 2068 expellebantur3
1247 2022 1342 2056 cuius
1355 2021 1429 2056 ausi
1445 2022 1607 2056 atrocitas
1629 2020 1748 2056 tanta'

276 2066 490 2111 imperatoris
513 2068 743 2102 aestimatione
765 2068 911 2102 iudicata
934 2068 1001 2110 sit,
1031 2073 1070 2102 ut
1103 2068 1146 2101 ab
1168 2067 1226 2101 illo
1256 2068 1287 2102 is
1309 2072 1459 2113 tempora
1480 2079 1518 2101 se
1540 2067 1650 2113 palam
1673 2071 1729 2101 at-

276 2123 344 2156 que
374 2112 642 2148 irrevocabiliter
670 2114 835 2148 infensum
875 2115 1157 2158 vehementerque
1197 2113 1318 2148 iratum
1349 2113 1548 2158 degentibus
1580 2113 1728 2147 Galatae

277 2158 512 2192 Genuensibus
534 2160 740 2200 ostenderit,
763 2159 847 2194 adeo
869 2160 1001 2204 quidem
1025 2166 1064 2194 ut
1084 2158 1220 2193 iusserit
1251 2159 1293 2193 iis
1315 2159 1447 2193 occludi
1468 2165 1583 2204 portas
1604 2158 1727 2192 civita*

276 2201 343 2243 tis,
366 2203 483 2248 sicque
506 2205 634 2238 auferri
657 2206 852 2240 facultatem
875 2205 1039 2239 interdum
1072 2204 1236 2245 adeundi,
1265 2205 1318 2238 uti
1341 2209 1440 2238 antea
1469 2206 1726 2244 consueverant,

276 2247 500 2293 imperatoris.
548 2250 598 2283 bis
614 2251 758 2296 aliisque
779 2251 815 2285 id
838 2262 942 2296 genus
964 2251 1075 2285 multis
1094 2251 1136 2284 ad
1154 2262 1290 2297 scopum
1314 2262 1380 2295 quo
1399 2249 1576 2294 aspirabat
1592 2257 1724 2281 accom-

274 2292 416 2326 modatis
448 2294 675 2339 Mpyrigerius
707 2296 927 2331 memorandis
957 2296 1098 2330 delinire
1130 2299 1233 2340 atque
1254 2296 1426 2329 inflectere
1448 2295 1483 2328 iu
1505 2304 1584 2327 suas
1606 2297 1724 2337 partes

275 2337 404 2372 animos
437 2340 666 2375 Genuensium
700 2342 905 2384 conabatur,
941 2354 982 2376 eo
1014 2341 1152 2376 consilio
1190 2346 1228 2374 ut
1257 2343 1374 2374 saltem
1398 2341 1441 2373 ab
1463 2339 1505 2372 iis
1527 2338 1726 2382 impetraret

276 2394 319 2417 ne
341 2383 407 2416 vim
429 2389 532 2429 atque
565 2397 656 2419 arma
689 2387 725 2420 in
748 2398 827 2421 suos
854 2391 1041 2422 verterent.
1062 2420 1071 2427 χ
1086 2397 1201 2420 verum
1231 2385 1278 2419 illi
1309 2385 1396 2419 haud
1419 2384 1518 2428 paulo
1538 2382 1724 2427 sapientius

275 2428 432 2463 arbitrati
457 2430 585 2463 minime
608 2431 672 2464 sibi
693 2432 916 2465 festinandum
939 2433 971 2466 in
986 2444 1023 2465 re
1047 2436 1146 2465 tanta
1168 2442 1254 2473 esse,
1277 2431 1377 2463 dilato
1397 2428 1530 2463 interim
1549 2439 1724 2472 responso,

274 2473 350 2519 ipsa
369 2478 468 2507 nocte
491 2475 576 2508 fidos
599 2476 798 2510 submittunt
820 2477 855 2510 in
877 2478 993 2510 urbem
1017 2477 1184 2518 homines,
1205 2475 1377 2509 audituros
1393 2487 1413 2508 e
1436 2474 1504 2507 suis
1527 2477 1564 2507 et
1587 2479 1725 2507 strenue

275 2519 359 2564 quid
383 2521 624 2564 comperissent
645 2522 834 2563 relaturos,
857 2534 923 2566 quo
946 2527 1037 2555 esset
1055 2524 1227 2566 Augustus
1248 2520 1284 2553 in
1305 2520 1396 2564 ipsos
1417 2519 1536 2553 animo.
1583 2530 1725 2563 praecu-

276 2564 384 2598 currit
408 2576 488 2609 ergo
513 2566 670 2600 Galatam
694 2578 767 2600 cum
792 2567 843 2600 his
865 2568 1029 2600 mandatis
1050 2578 1116 2600 una
1140 2565 1340 2606 triremium,
1373 2576 1460 2609 quae
1482 2568 1607 2597 certam
1630 2567 1725 2608 poet·

275 2610 407 2644 modum
430 2611 473 2644 de
495 2621 576 2644 vero
600 2622 711 2644 rerum
740 2615 854 2652 statu,
879 2612 1040 2645 consultis
1063 2611 1205 2655 propriis
1226 2610 1293 2643 illic
1315 2610 1562 2644 diversantibus
1583 2609 1724 2650 civibus,

275 2656 376 2690 fidem
398 2659 600 2700 reportaret.
647 2657 738 2700 (28)
769 2656 902 2690 interea
925 2668 991 2690 non
1013 2656 1081 2689 erit
1102 2656 1220 2700 opinor
1242 2656 1304 2688 abs
1324 2667 1363 2689 re
1384 2655 1623 2689 distinctiorem
1646 2654 1724 2688 huic

274 2701 349 2735 loco
371 2701 631 2745 declarationem
654 2703 802 2736 inserere
823 2702 949 2746 negotii
975 2702 1186 2745 Freriomm,
1218 2700 1313 2734 cuius
1342 2702 1464 2735 factam
1497 2700 1608 2734 obiter
1629 2711 1724 2734 men-

275 2746 399 2781 tionem
421 2747 456 2781 in
479 2747 630 2782 oratione
651 2747 854 2792 Mpyrigerii
875 2747 972 2781 modo
1003 2746 1155 2780 vidimus.
1200 2745 1293 2779 locus
1315 2750 1389 2780 erat
1410 2757 1536 2781 vacuus
1549 2771 1560 2788 ,
1581 2745 1674 2779 iuris*
1687 2748 1726 2778 et

265 2801 350 2825 usus
381 2792 509 2837 publici
542 2804 649 2838 prope
678 2794 810 2836 forum,
844 2804 944 2838 quem
978 2804 1052 2827 cum
1075 2791 1139 2825 sibi
1169 2792 1268 2825 vendi
1291 2791 1405 2826 Frarii
1427 2791 1543 2825 Latini
1569 2789 1724 2825 monachi

271 2837 467 2884 petiissent,
491 2843 657 2874 annuente
689 2839 913 2885 imperatore,
934 2838 1044 2874 soluto
1067 2836 1176 2884 pretio
1200 2841 1360 2882 quantum
1381 2842 1606 2879 convenerat,
1633 2835 1727 2871 obti-
