1858 3126
289 153 386 200 678
690 150 999 194 OBSERVAT.
1031 150 1340 196 PACRYMER.

149 268 176 302 P
198 268 267 305 476
400 254 657 301 ἕνικανόω
684 271 726 310 Ρ.
749 260 829 300 103
854 261 978 300 v.13.
1034 256 1153 296 huius
1178 258 1290 296 verbi
1315 258 1411 300 satis
1435 259 1495 298 in
1506 259 1618 299 libris
1641 273 1740 311 quos

291 316 455 356 viderim
472 313 554 354 rari
572 314 775 352 notionem
791 327 812 352 e
827 313 1083 379 paraphraste
1097 313 1289 352 Vaticano
1303 314 1479 384 sumpsi,
1482 321 1613 354 totum
1630 315 1740 354 hunc

288 373 422 411 locum
441 370 497 409 sic
515 369 726 409 reddente.
756 369 895 411 ἑκατόν
922 365 1170 421 πεντήκοντα
1194 370 1405 423 χρυσίνους
1428 366 1562 419 αὐτοῖς
1607 368 1741 425 δωρή-

289 441 396 470 σατο
451 426 509 464 sic
526 426 594 464 ille
612 426 853 478 coniungens
871 439 968 477 quae
985 433 1125 465 auctor
1144 425 1394 476 discreverat,
1423 431 1515 464 cent
1625 441 1741 466 ureos

289 483 442 532 vacco,
481 482 765 534 quinquaginta
796 483 1058 521 Meliteniotae
1087 482 1361 534 suppeditatos
1391 495 1624 524 memorans.
1677 483 1741 522 cui

289 546 482 592 quatenus
513 538 745 590 simpliciter
776 538 951 577 donandi
986 537 1248 589 significatum
1285 538 1477 577 vocabulo
1511 537 1742 580 ἐνικανοῦτο

289 595 457 643 subiicit,
486 593 676 633 adhaereo
696 594 851 633 defectu
867 594 1038 633 melioris
1061 595 1258 642 auctoris3
1287 593 1444 632 interim
1465 600 1596 632 tamen
1613 593 1743 646 suspi-

290 665 383 690 cans
404 650 704 700 assignationem
724 665 875 690 annuae
896 651 1085 703 pecuniae
1108 650 1203 689 istas
1223 663 1394 689 summas
1410 650 1623 701 aequantis,
1641 649 1743 689 duo-

289 708 363 747 bus
383 707 562 744 exulibus
583 707 626 744 in
651 707 833 745 alimenta
861 714 900 745 et
922 720 1018 745 usus
1037 707 1143 744 vitae
1172 712 1343 744 caeteros
1370 706 1634 758 praebendae,
1662 706 1744 744 isto

288 762 482 802 vocabulo
505 762 714 800 indicatam
741 777 762 800 a
782 763 1040 815 Pachymere3
1075 768 1122 800 ut
1143 762 1273 800 dicere
1297 762 1492 811 voluerit,
1520 775 1612 800 cum
1636 768 1744 800 eate-

289 832 367 859 nus
391 817 493 856 nihil
518 819 785 857 constituisset
808 819 1022 871 imperator
1044 818 1092 856 de
1109 817 1220 856 victu
1241 818 1405 870 captivis
1431 818 1584 856 duobus
1605 830 1744 869 sugge-

288 874 437 923 rendo,
467 880 566 912 tunc
595 888 665 926 per
685 875 995 913 Alexandrinum
1026 873 1287 926 patriarcham
1316 881 1356 912 et
1377 873 1616 924 logothetam
1643 873 1743 926 ipsis

291 930 481 981 assignari
510 943 530 968 e
559 930 655 969 fisco
676 931 873 969 curavisse
893 943 1042 968 annuas
1069 931 1295 996 pensiones,
1328 930 1453 968 vecoo
1480 929 1638 982 quidem
1662 943 1744 969 au-

289 999 449 1026 reorum
467 991 646 1037 centum,
675 987 939 1025 Meliteniotae
955 1000 1048 1025 vero
1069 986 1361 1037 quinquaginta.

403 1041 689 1090 ἔννατίζειν
725 1056 764 1096 Ρ.
793 1044 874 1085 519
908 1056 943 1082 v-
972 1045 1010 1084 7.
1067 1041 1192 1080 codex
1223 1041 1396 1094 optimus
1425 1040 1662 1080 Barbetium
1696 1039 1744 1079 in

290 1102 486 1136 contextu
502 1097 622 1136 habet
638 1097 886 1146 ἐννεατίζεινε
917 1098 985 1136 sed
1006 1098 1219 1147 meliorem,
1241 1104 1286 1135 ut
1305 1098 1460 1149 opinor,
1480 1097 1585 1135 idem
1602 1096 1744 1135 lectio-

290 1167 383 1193 nem
405 1151 448 1191 in
469 1154 644 1205 margine
663 1152 1090 1205 sugge1it,.÷vngew,
1119 1167 1193 1205 pro
1218 1167 1294 1205 quo
1312 1154 1526 1191 Vaticanus
1545 1149 1744 1201 ἒννεᾶζειν

289 1209 466 1250 exhibet.
521 1223 594 1248 nos
615 1210 666 1248 ad
692 1210 942 1261 marginalem
979 1209 1188 1253 lectionem
1211 1209 1374 1261 probam
1395 1209 1500 1247 illud
1520 1222 1570 1247 ex
1591 1207 1744 1247 duabus

290 1265 380 1304 aliis
410 1266 673 1315 contulimus,
701 1272 747 1304 ut
765 1264 808 1307 τὸ
825 1281 850 1306 ν
868 1265 1164 1317 geminaremuS.
1222 1279 1311 1303 cum
1338 1265 1442 1303 enim
1462 1264 1543 1303 hoc
1562 1264 1743 1314 verbum,

288 1327 338 1369 ut
354 1334 449 1365 mox
470 1322 741 1372 ostendemus,
769 1322 981 1371 formetur,
1011 1321 1059 1359 ab
1085 1317 1250 1376 ἐννάτη,
1279 1321 1383 1372 quod
1409 1320 1653 1372 siequentius
1670 1333 1742 1377 per

290 1366 441 1428 duplex
467 1393 492 1418 ν
520 1378 730 1428 scribitur,
759 1378 903 1416 rectius
929 1377 1152 1430 putavimus
1174 1362 1387 1424 ἐννατίζειν
1407 1389 1526 1428 quam
1554 1370 1744 1424 ἐνατίζειύ

290 1433 386 1472 dici.
445 1433 517 1471 etsi
545 1447 617 1473 nos
644 1448 726 1472 non
754 1434 855 1484 sugit
882 1434 1135 1485 scriptionem
1155 1435 1228 1474 τοῦ
1253 1431 1371 1483 ἐνάτη
1394 1446 1468 1484 pro
1490 1427 1636 1484 ἕννᾶτη
1658 1445 1744 1470 non

289 1489 411 1526 modo
431 1495 474 1526 ut
495 1491 658 1541 probam
682 1490 838 1529 defendi
858 1490 906 1528 ab
924 1488 1128 1528 Eustathio
1148 1489 1197 1526 ad
1211 1488 1325 1527 Iliad.
1344 1490 1415 1542 βΡ
1419 1491 1528 1530 ,223
1552 1487 1612 1530 ed.
1630 1489 1743 1526 Rom.

290 1543 361 1581 sed
383 1544 497 1581 etiam
521 1546 570 1582 ad
588 1545 698 1583 Iliad.
718 1550 751 1585 θ
769 1560 811 1597 p.
831 1549 914 1588 712
934 1545 1198 1583 commendari
1220 1550 1416 1595 tamquam
1435 1544 1585 1597 λογίοις
1601 1542 1744 1581 erudi-

294 1598 348 1636 tis
379 1606 627 1650 usurpatam,
664 1607 710 1638 ut
739 1602 833 1638 dent
861 1601 996 1638 locum
1025 1600 1246 1650 ingeniosae
1277 1599 1498 1638 traiectioni
1526 1599 1745 1644 literarum,

292 1667 372 1704 qua
393 1653 531 1695 ἔνατον
555 1655 597 1692 in
626 1654 765 1695 νέατον
791 1662 987 1695 mutetur:
1015 1669 1163 1692 nonum
1188 1656 1331 1707 quippe
1351 1668 1423 1707 per
1449 1654 1588 1694 ἔνατον
1607 1654 1743 1705 signa-

289 1716 391 1759 tum,
423 1723 513 1748 cum
532 1711 583 1749 sit
602 1711 787 1748 ultimum
807 1711 848 1748 in
873 1710 1046 1749 numeris
1068 1710 1323 1762 simplicibus,
1351 1708 1491 1750 νέατον
1511 1709 1615 1748 idem
1634 1723 1743 1761 quo-

291 1778 372 1817 que
390 1772 464 1805 est:
492 1765 589 1805 haec
607 1767 710 1805 enim
726 1780 809 1805 vox
825 1773 939 1805 sonat
956 1767 1233 1804 novissimum.
1294 1772 1333 1804 at
1349 1765 1446 1804 mihi
1461 1765 1619 1817 quidem
1631 1764 1742 1804 haud

290 1822 424 1874 placet
447 1821 544 1860 haec
565 1823 738 1873 argutia,
766 1836 864 1874 quae
888 1822 1123 1860 vocabulum
1144 1822 1191 1859 ab
1216 1821 1364 1872 origine
1386 1835 1453 1860 sua
1482 1821 1650 1862 divellit.
1705 1821 1742 1860 si

290 1877 398 1915 enim
418 1876 557 1918 ἔνατον
577 1879 688 1929 quasi
708 1877 847 1918 νέατον
869 1878 1019 1915 dictum
1039 1883 1118 1928 est,
1147 1878 1223 1916 iam
1246 1877 1323 1916 hoc
1338 1877 1538 1916 numerale
1554 1889 1698 1916 nomen
1716 1891 1742 1916 a

290 1946 364 1971 suo
385 1946 546 1972 numero
571 1933 685 1975 ἐννέα
708 1948 788 1973 non
810 1933 1069 1983 derivabitur5
1099 1934 1205 1984 quod
1226 1933 1436 1972 absurdum
1457 1933 1632 1974 videtur.
1672 1938 1742 1971 ut..

289 1995 339 2027 ut
365 1989 435 2039 sit,
464 1991 656 2041 scriptum
676 2005 700 2028 a
717 1989 953 2041 Pachymere
973 1989 1183 2037 ἐννατίζειν
1204 2003 1293 2028 cum
1310 2005 1335 2030 ν
1357 1989 1529 2042 duplici,
1557 2002 1609 2028 ex
1636 1988 1741 2027 scri-

290 2050 410 2096 ptura
433 2052 642 2084 contextus
660 2052 699 2084 et
719 2045 898 2085 Vaticani
919 2045 1065 2084 codicis
1085 2058 1165 2084 non
1181 2051 1339 2094 temere,
1359 2051 1405 2083 ut
1421 2051 1532 2097 puto,
1547 2057 1741 2095 auguror3

293 2099 552 2152 existimoque
571 2102 761 2140 usitatum
787 2102 830 2140 in
856 2100 1103 2140 monasteriis
1124 2100 1202 2139 hoc
1227 2101 1390 2140 verbum
1411 2101 1461 2139 ad
1486 2099 1740 2139 indicandam

292 2155 547 2194 refectionem
574 2158 751 2210 corporis
780 2158 900 2196 semel
925 2158 967 2195 in
993 2157 1055 2195 die
1081 2157 1308 2205 dumtaxat,
1334 2170 1407 2195 nec
1434 2156 1542 2208 prius
1564 2155 1663 2194 hora
1687 2154 1736 2192 ab

294 2216 388 2248 ortu
414 2212 507 2250 solis
528 2227 653 2260 nona,
682 2219 931 2266 usurpatam3
960 2213 1067 2264 quod
1089 2212 1223 2251 diebus
1242 2212 1427 2263 religioso
1443 2211 1588 2254 ieiunio
1604 2223 1737 2248 sacra-

291 2265 346 2302 tis
365 2272 519 2305 tantum
538 2269 632 2307 olim
648 2268 776 2309 fiebat.
831 2282 938 2307 nunc
963 2282 1057 2307 vero
1074 2267 1308 2307 Athanasius
1328 2266 1550 2334 patriarcha
1563 2266 1618 2303 ita
1636 2277 1738 2316 quo-

293 2320 390 2358 tidie
413 2321 499 2360 fieri
514 2323 670 2362 iubebat
693 2326 946 2377 μονοφαγίαν
967 2320 1016 2364 δι’
1037 2324 1147 2371 ε’τους
1167 2320 1506 2376 ἕξακριβούμενος.
1547 2320 1736 2359 nimirum

295 2375 366 2427 qui
387 2377 436 2414 ad
452 2380 706 2417 necessariam
723 2380 1010 2419 observantiam
1031 2379 1237 2417 monastici
1255 2379 1424 2416 instituti
1442 2375 1636 2429 pertinere
1654 2375 1737 2414 du·-

294 2436 403 2469 ceret
428 2437 514 2470 toto
541 2447 642 2471 anno
664 2435 822 2473 nonnisi
840 2435 958 2473 semel
986 2435 1027 2472 in
1049 2435 1112 2472 die
1139 2434 1362 2482 comedere,
1390 2432 1508 2482 idque
1535 2444 1617 2468 non
1645 2437 1737 2469 ante

293 2485 434 2524 horam
461 2501 482 2524 a
499 2488 659 2527 meridie
677 2490 847 2539 tertiam,
876 2504 897 2528 a
918 2490 1011 2527 solis
1031 2495 1122 2528 ortu
1143 2502 1283 2529 nonam
1295 2517 1306 2535 ,
1336 2488 1392 2526 sic
1410 2500 1484 2538 per
1501 2486 1737 2525 monasteria

294 2541 382 2594 fieri
401 2542 576 2594 quotidie
593 2543 766 2586 iubebat.
822 2544 878 2592 αἷς
895 2543 962 2584 καὶ
980 2545 1190 2591 ἔννατίζειν
1213 2540 1277 2584 ἀεί
1291 2543 1369 2580 1ιοο
1388 2548 1445 2580 est
1456 2556 1468 2591 5
1496 2541 1552 2579 ita
1573 2547 1621 2580 ut
1641 2541 1736 2581 inde

295 2604 525 2648 sequeretur
550 2611 701 2650 semper
723 2599 934 2639 monachos
958 2598 1057 2639 hora
1085 2599 1289 2636 dumtaxat
1312 2611 1416 2636 nona
1442 2597 1631 2636 ieiunium
1655 2597 1737 2635 sol·

294 2665 410 2704 vere,
443 2653 558 2693 etiam
582 2654 692 2693 festis
724 2654 874 2693 domini
906 2660 946 2692 et
972 2653 1229 2692 Paschalibus.
1283 2653 1456 2703 legitima
1482 2653 1668 2692 videlicet
1691 2652 1736 2690 in

296 2708 496 2748 coenobiis
521 2710 599 2750 iam
629 2709 744 2760 olim,
774 2723 852 2761 quo
881 2709 943 2748 die
967 2708 1230 2759 ieiunabatur‚
1258 2708 1479 2748 resectionis
1507 2708 1604 2747 hora
1630 2721 1737 2747 nona

295 2771 402 2815 erat3
431 2771 551 2818 prout
569 2765 836 2806 demonstrare
849 2778 1006 2819 possem
1024 2764 1159 2805 multis
1179 2764 1410 2804 testimoniis
1431 2770 1629 2814 veterum,
1657 2761 1735 2802 nisi
