1820 3112
387 177 464 222 DE
495 175 825 221 ANDRONICO
859 177 1230 223 PALAEOLOGO
1263 179 1313 223 L.
1345 177 1382 223 1.
1556 179 1621 224 35

160 291 231 337 καὶ
249 286 460 350 πράγμασι
480 293 645 347 ζητοῦσι
663 292 732 334 καὶ
749 294 906 345 ταῦτα,
945 290 1081 342 ἄλλως
1099 290 1126 348 ἢ
1148 289 1205 342 ὥς
1222 291 1268 334 τὸ
1286 291 1418 349 παρὸν
1442 290 1619 349 ἔχουσιν,

161 355 220 404 ὧν
244 361 600 416 μετακινηθέντων
622 356 800 416 ἀνάγκην
818 357 919 403 εἶναι
938 362 1005 402 καὶ
1025 360 1076 403 τὰ
1098 358 1337 417 γραφόμενα
1359 368 1619 417 προσαργεῖν.

158 429 295 480 atriae,-
311 429 390 486 γὰρ
412 426 512 472 εἶναι
530 427 607 478 τὰς
627 427 863 485 ἀναγκαίας,
898 427 956 470 δι’
980 427 1030 478 ἃς
1053 430 1120 470 καὶ
1139 427 1405 486 γεγράφεσαν,
1441 429 1619 484 μηδενὸς

159 495 339 540 αῧτὸθεν
378 494 648 553 ὁρμήσαντος.
715 496 765 540 τὸ
795 500 895 552 γοῦν
924 503 1043 539 κινεῖν
1075 494 1222 552 λόγους
1251 502 1333 540 τῶν
1364 496 1618 553 πραγμάτων

127 562 347 609 5ἀπόντων
365 565 435 621 ἐφ’
457 562 518 615 οἶς
533 564 775 620 ἐλέχθησαν,
811 563 947 621 ὥσπερ
962 571 1050 614 τοῖς
1067 565 1272 620 ἐρωτῶσιν
1293 565 1395 619 ἔχειν
1412 565 1458 608 τὸ
1480 583 1619 622 παρα-

158 634 330 691 καίριον,
351 631 462 676 οὕτω
481 639 567 683 τοῖς
585 632 927 688 ἀπολογουμένοις
945 632 991 676 τὸ
1014 631 1204 686 μάταιον.
1252 632 1470 688 ἀναγκαῖον
1492 633 1535 676 δ’
1560 632 1620 677 εἷ-

157 719 226 746 ναι
249 703 316 745 καὶ
344 698 472 756 μόνον
500 701 576 757 τὴν
605 698 781 744 σύνοδον
797 700 1102 758 ἀποφαίνεσθαι
1124 703 1158 744 εἰ
1176 700 1222 744 ὃν
1243 703 1300 751 εἷς
1314 700 1619 758 ἀρχιερωσύνην

157 770 507 826 προσεκαλέσαντο
528 767 631 824 μήτε
648 769 732 824 μὴν
750 767 886 812 εἰδότα
907 766 1010 825 μήτε
1029 769 1112 825 μὴν
1131 769 1340 822 ἀξιοῦντα,
1377 769 1617 825 ἇργήσαντα

157 838 259 888 τέως
289 837 500 882 λυθέντων
529 838 688 881 ἐκείνων
715 839 782 880 καὶ
804 842 880 881 τοῦ
899 839 1065 894 γνησίου
1084 837 1389 893 ἀνακληθέντος
1407 838 1610 892 ποιμένος,
1636 848 1670 883 D

105 914 149 948 10
160 903 273 957 ἄξιόν
305 903 390 950 ἔστι
402 939 416 959 ,
450 907 519 949 καὶ
545 905 663 949 αὐτοὶ
687 907 893 963 κρίνουσι,
928 906 1004 962 τὴν
1021 906 1145 961 τιμὴν
1161 908 1228 949 καὶ
1252 906 1309 949 ἔτι
1329 908 1478 950 ἐκεῖνον
1494 908 1619 950 κατέ-

155 991 240 1029 χειν
266 973 318 1030 ἢν
348 974 461 1030 ἴσχεν
488 974 673 1031 ἀρχῆθεν
690 973 979 1031 ψηφιζομένων
1003 976 1070 1017 καὶ
1094 972 1439 1031 προσκαλούντων
1463 975 1618 1020 αὐτῶν.

157 1042 206 1086 τὸ
238 1042 283 1086 δ’
313 1037 365 1098 ἦν
396 1042 478 1099 ἄρα
507 1041 691 1093 εἶπόντος
720 1043 869 1086 ἐκείνου
887 1049 974 1093 τοῖς
994 1046 1160 1094 πολλοῖς
1180 1037 1277 1098 ἧλος
1300 1044 1406 1086 κατὰ
1429 1045 1616 1099 καρδίας,

157 1112 226 1154 καὶ
263 1115 387 1154 Ηποῦ
407 1128 451 1167 γε
470 1110 588 1169 ἅρα”
623 1112 750 1169 φασίν
776 1109 1137 1167 *(ἀρχιερατεῦσεις
1151 1114 1318 1167 γνησίου
1340 1112 1441 1162 τέως
1459 1110 1619 1168 παρόν-

156 1196 229 1230 τος
258 1178 496 1236 ἀρχιερέως,
534 1178 637 1236 ἀνὴρ
665 1182 733 1223 καὶ
755 1182 941 1233 λίβελλον
961 1180 1026 1222 ἐπὶ
1047 1181 1176 1223 πίστει
1198 1182 1353 1230 δίκαιος
1375 1181 1619 1223 ἐκτίθεσθαι

103 1257 148 1292 15
157 1249 224 1291 καὶ
243 1251 517 1305 πληροφορεῖν
542 1248 584 1299 ἐξ
613 1247 791 1304 ἀνάγκης
809 1248 857 1291 ‘td
877 1247 1010 1303 ὀρθὸν
1028 1253 1103 1291 τοῦ
1121 1246 1383 1302 σεβάσματος
1395 1249 1446 1303 ,·”
1481 1249 1520 1291 οἶ
1543 1251 1618 1301 μὲν

84 1354 90 1357 ,
157 1311 231 1359 οὖν
250 1314 360 1359 οὕτω
385 1313 769 1373 παρακρουσάμενοι
791 1316 868 1372 τὴν
887 1316 1052 1367 ἀξίωσιν
1071 1317 1306 1370 ἓμβριθῶς,
1342 1316 1517 1371 εὐμενῶς
1540 1317 1616 1359 ἄλ·
1639 1325 1673 1360 Ε

155 1388 239 1436 λως
257 1382 456 1439 λαβόντες
478 1382 607 1430 αὐτόν
615 1418 632 1440 ,
666 1384 812 1444 ἄγουσι
830 1384 944 1444 παρὰ
965 1384 1037 1429 τὸν
1058 1384 1210 1442 Ἰωσὴφ
1227 1387 1295 1428 καὶ
1318 1386 1514 1447 μετανοίᾳ
1536 1385 1618 1437 ἕξι-

245 1516 282 1553 8.
303 1511 546 1563 syndonem?
679 1517 736 1554 11.
746 1513 877 1555 ἀὐτόν
897 1516 939 1554 Ρ.

153 1633 229 1675 set,
260 1629 295 1666 ei
324 1631 433 1666 fuisse
461 1630 607 1677 tempori
636 1631 760 1667 affixas
792 1631 884 1679 quod
914 1642 1002 1668 nunc
1036 1631 1260 1678 praeteriisse
1291 1631 1479 1667 fatebatur.
1524 1631 1616 1667 scire

153 1687 251 1718 sese,
281 1687 350 1722 qua
380 1681 584 1725 tempestate
614 1677 672 1712 illa
702 1679 897 1725 scripsisset
925 1688 1015 1725 quae
1046 1679 1145 1713 modo
1178 1678 1212 1712 in
1244 1677 1370 1712 crimen
1393 1678 1615 1720 vocabantur,

152 1722 308 1767 exegisse
338 1735 360 1758 a
388 1735 428 1758 se
458 1728 540 1757 tunc
567 1730 780 1768 praesentem
809 1736 922 1759 rerum
951 1729 1076 1758 statum
1107 1728 1146 1758 ut
1167 1723 1249 1758 talia
1272 1725 1451 1758 scriberet.
1496 1723 1615 1769 inique

152 1779 268 1804 secum
289 1768 347 1814 agi
368 1769 399 1804 si
418 1774 498 1814 post
518 1770 769 1804 conversionem
800 1782 912 1805 rerum
943 1775 1074 1804 tantam
1095 1775 1273 1815 praestare
1295 1781 1383 1804 nunc
1404 1773 1548 1814 cogatur
1570 1780 1615 1804 ea

153 1817 251 1849 recta
272 1813 369 1857 esse,
427 1826 492 1849 use
513 1826 588 1849 cum
611 1826 707 1849 suam
729 1817 773 1850 ab
796 1817 1051 1862 opportunitate
1072 1815 1306 1849 rectitudinem
1329 1816 1514 1857 ducerent,
1537 1826 1613 1847 mn-

152 1860 286 1894 tatione
306 1871 397 1906 quae
417 1860 538 1896 mcidit
558 1866 745 1906 temporum
769 1874 862 1896 suam
885 1862 983 1907 quasi
1006 1861 1235 1896 defensionem
1266 1861 1463 1895 amiserunt.
1511 1860 1612 1893 omit-

151 1909 261 1940 tatur
277 1917 360 1950 ergo
392 1906 518 1940 crimen
544 1906 642 1942 modo
671 1907 965 1953 intempestivum,
999 1912 1060 1942 aut
1088 1907 1123 1940 in
1157 1913 1290 1951 tempus
1322 1906 1502 1939 differatur
1534 1905 1611 1938 eius

152 1951 243 1997 qnod
273 1962 383 1997 nuper
411 1952 528 1986 extitit
558 1953 675 1988 simile.
720 1964 778 1987 res
799 1965 889 1999 quae
910 1961 992 1988 tunc
1014 1954 1222 1997 gerebantur
1240 1951 1439 1996 imposuisse
1461 1949 1527 1984 sibi
1549 1962 1614 1984 ne-

152 1996 345 2031 cessitatem
375 1997 544 2032 scribendi
574 2009 663 2043 quae
693 1999 890 2045 scripserit,
923 1997 1055 2033 nemine
1077 1998 1144 2032 alio
1167 1997 1209 2031 ad
1231 1997 1268 2029 id
1291 1997 1457 2040 agendum
1489 2007 1614 2030 occur-

152 2048 252 2076 rente
287 2042 379 2087 quod
411 2043 546 2088 publice
573 2043 742 2078 intererat
758 2046 817 2078 ‘ab
849 2044 963 2090 aliquo
993 2044 1080 2077 fieri.
1126 2052 1254 2076 vocare
1276 2047 1390 2086 autem
1410 2043 1446 2075 in
1468 2052 1611 2076 examen

152 2097 326 2122 sermones
356 2088 445 2122 bene
474 2089 509 2122 in
539 2093 695 2133 tempore
725 2091 900 2135 prolatos,
934 2089 1073 2124 remotis
1102 2088 1170 2121 iam
1201 2087 1463 2121 circumstantiis
1484 2088 1611 2133 quihus

150 2134 284 2167 illorum
306 2134 544 2179 opportunitas
567 2136 676 2179 palam
698 2136 971 2175 monstrabatur,
1004 2139 1044 2168 ut
1073 2134 1107 2167 in
1136 2133 1300 2167 rationem
1322 2133 1533 2177 exigentibus
1557 2133 1611 2167 in-

149 2178 364 2224 quisitionem
386 2179 493 2214 habet
515 2179 785 2224 intempestivam
798 2206 808 2221 ‚
842 2181 894 2214 sic
914 2179 1197 2225 respondentibus
1219 2178 1442 2213 conditionem
1464 2178 1611 2222 iniungit

150 2224 415 2270 iniquissimam,
448 2235 574 2259 causae
595 2225 674 2259 talis
695 2226 857 2260 dicendae
879 2226 973 2259 cuius
994 2225 1103 2258 omnis
1124 2225 1358 2259 defendendae
1386 2228 1525 2258 conatus
1548 2237 1609 2258 va-

104 2294 111 2306 ,
151 2281 217 2304 nus
243 2281 287 2304 ac
316 2271 438 2305 stultus
471 2271 592 2305 merito
621 2271 841 2306 existimetur.
885 2271 967 2304 illud
1000 2271 1107 2304 solum
1131 2270 1289 2304 decidere
1310 2276 1469 2315 oportere
1491 2275 1608 2315 patres

151 2316 273 2359 synodi
301 2316 513 2360 praesentis,
548 2328 594 2350 an
626 2327 692 2350 non
724 2327 799 2350 eum
828 2328 927 2362 quem
958 2327 1022 2350 uec
1050 2316 1255 2361 cogitantem
1277 2327 1340 2350 nec
1362 2316 1528 2350 volentem
1562 2315 1606 2348 ad

151 2362 416 2407 patriarchatum
445 2362 513 2407 ipsi
542 2367 768 2404 vocaverunt,
798 2363 896 2396 modo
924 2362 1100 2396 redactum
1122 2362 1158 2395 in
1180 2362 1330 2395 ordinem
1360 2372 1423 2406 per
1443 2361 1539 2403 illos,
1569 2366 1607 2394 et

151 2406 267 2451 priore
287 2406 323 2441 in
345 2408 518 2452 proprium
540 2408 695 2442 thronum
716 2413 875 2442 revocato
897 2414 1053 2452 pastore,
1087 2418 1230 2453 aequum
1251 2407 1317 2448 sit,
1348 2406 1433 2451 ipsis
1453 2407 1607 2440 iudican-

150 2453 262 2493 tibus,
291 2454 442 2488 retinere
470 2453 650 2488 etiamnum
680 2455 840 2488 honorem
870 2465 970 2499 quem
998 2453 1130 2487 illorum
1160 2459 1260 2487 antea
1286 2453 1481 2496 eligentium
1503 2455 1538 2485 et
1560 2451 1605 2485 ad

149 2498 415 2573 gatriarchatum
434 2499 624 2534 vocantium
654 2499 827 2544 suffragiis
849 2504 1040 2545 acceperat.
1085 2500 1171 2532 haec
1202 2502 1372 2542 postrema
1403 2498 1606 2542 praesertim

185 2543 256 2577 ecci
290 2544 475 2588 propositio
502 2545 738 2591 plerorumque
763 2545 920 2579 cordibus
949 2545 1064 2578 infixit
1095 2543 1279 2589 spiculum3
1313 2542 1604 2587 audiebanturquc

150 2587 392 2632 indignantium
420 2601 542 2624 voces:
576 2594 648 2625 “tu
678 2591 810 2625 scilicet
837 2590 1091 2636 patriarchatus
1122 2592 1248 2623 honore
1279 2588 1465 2633 gaudebis,
1499 2599 1604 2633 prae-

150 2639 248 2668 sente
270 2634 335 2668 iam
358 2635 507 2679 legitimo
530 2637 750 2680 patriarcba?
795 2639 852 2678 tu,
877 2636 1033 2680 inquam,
1056 2638 1233 2679 suspectus
1256 2634 1458 2675 haereseos,
1489 2644 1511 2666 a
1535 2643 1602 2676 quo

149 2677 227 2712 iure
247 2680 377 2724 scripto
399 2681 495 2714 edita
518 2681 601 2716 fidei
622 2681 788 2727 professio
809 2682 987 2725 exigatur,
1012 2681 1134 2724 cuique
1155 2680 1267 2714 multis
1288 2678 1493 2719 argumentis
1517 2685 1603 2721 opus

151 2725 201 2758 sit
221 2724 263 2758 ad
286 2726 552 2768 persuadendum
574 2732 611 2761 te
632 2733 728 2762 recte
750 2738 791 2760 ac
814 2727 979 2761 catholice
1001 2726 1186 2759 senfireff
1232 2725 1283 2758 sic
1305 2725 1355 2757 illi
1378 2723 1512 2767 repulsa
1533 2722 1604 2756 ira-

151 2769 260 2802 cunde
282 2771 387 2805 veoci
408 2772 633 2816 postulatione
654 2773 766 2806 mitius
788 2772 910 2807 deinde
931 2783 1005 2806 cum
1026 2772 1085 2804 ino
1107 2776 1266 2814 agentes,
1299 2769 1422 2803 blande
1443 2767 1603 2812 perpule-

150 2819 231 2849 runt
254 2819 291 2850 ut
312 2816 435 2851 sistere
457 2828 496 2852 se
518 2828 633 2853 coram
656 2818 802 2865 Iosepho
823 2818 937 2854 vellet.
981 2827 1047 2863 quo
1070 2817 1144 2861 ipso
1170 2816 1336 2856 adducto,
1368 2817 1403 2848 0²
1437 2824 1600 2859 P0¹⁸¹¹²²⁵⁰
