1858 3126
276 170 373 217 652
410 169 614 214 GEORG.
634 169 871 212 PACHYM.
901 169 975 211 DE
1002 171 1170 216 AND'Rss
1201 173 1458 220 PALAEOL.
1491 176 1653 225 L.V11.

272 284 411 327 ἐκεῖνοι
431 282 474 324 δὲ
488 278 719 337 ἀπάραντες
736 279 817 324 ἀπὸ
835 285 909 337 τῆς
926 281 1076 336 Αἴνου,
1097 281 1376 342 Ῥομοφόρτος
1392 287 1467 330 σὺν
1482 294 1569 339 τοῖς
1583 285 1720 345 Τοῦρ-

270 367 377 402 καις,
421 350 701 406 Μπυριγέριος
727 349 803 393 σὺν
832 349 1022 410 Φαρὲντᾳ
1052 354 1184 409 Τζιμῇ
1214 354 1280 395 καὶ
1308 357 1350 396 Γ
1346 354 1462 407 ίδας,
1497 355 1653 413 ἔχθραν
1674 358 1719 399 δὲ

274 418 378 474 πρὸς
405 415 607 472 ἀλλήλους
635 417 814 473 ἔχοντες,
851 417 943 461 ἀλλ’
977 417 1085 462 οὕτω
1104 421 1178 473 μὲν
1197 419 1445 472 ἀπελθόντες
1463 422 1718 480 κατήντησαν

271 488 327 536 εἷς
359 483 669 542 Κασάνδρειαν,
714 486 829 528 κάκεῖ
850 486 953 543 πρὸς
979 485 1182 542 ἀλλήλους
1206 487 1515 543 διετεχνᾶζοντο.
1591 489 1613 534 ὅ
1631 492 1718 549 Δγὰρ

266 551 542 611 Ῥομοφόρτος
565 553 640 597 σῦν
660 560 746 604 τοῖς
765 556 854 611 περὶ
873 554 998 597 αὐτὸν
1016 554 1215 611 Τούρκοις
1234 558 1464 613 ἓχθραίνων
1478 553 1529 614 ἦν
1545 561 1750 615 Μπυρι-5

221 633 254 668 D
278 621 408 678 γε’ριον
420 654 434 674 ,
468 621 656 677 Φαρέντα
672 623 826 677 Τζιμῆν
853 624 919 665 καὶ
939 627 980 666 Γ
976 625 1068 667 ίδαν
1075 657 1088 677 ,
1125 624 1296 668 κάκεῖνοι
1322 623 1556 679 σύμπαντες
1573 625 1720 685 τούτῳ.

267 688 291 733 ὅ
309 687 644 747 δὲῬομοφόρτος
674 692 805 740 συνεὶς
833 690 908 746 τὴν
936 692 1153 747 ἐπιβουλὴν
1176 693 1353 746 ἐνέδραις
1372 693 1446 748 τὴν
1475 692 1611 749 μάχην
1633 695 1722 736 ἐπί-

267 774 433 801 στευσεν
444 790 458 810 ,
495 760 562 801 καὶ
590 755 765 812 πόλεμον
793 757 1055 815 προσαράξας
1075 760 1181 803 κατὰ
1198 759 1347 816 κράτος
1364 765 1454 821 νικᾷ
1467 793 1480 814 ,
1511 760 1568 811 ὥς
1587 767 1719 805 πεσεῖν

268 826 342 880 μὲν
362 825 644 881 Μπυριγέριον
656 858 669 878 ,
705 826 776 868 τὸν
795 826 843 868 δέ
868 843 909 881 γε
938 828 1127 882 Φαρέντα
1157 828 1310 878 ἀκλεῶς
1323 827 1505 881 ἁλῶναι,
1544 828 1620 872 εἶτ’
1642 825 1720 872 αὗ-

267 898 340 943 θις
355 893 616 947 ἀπολυθῆναι
642 893 754 949 παρὰ
777 898 852 936 τοῦ
868 892 1160 952 Ῥομοφόρτου.
1234 894 1254 939 ὃ
1288 898 1332 939 δὲ
1355 897 1546 951 Φαρέντα
1566 900 1721 952 Τζιμῆς
1731 909 1775 944 10

270 961 472 1017 ἀπογνοὺς
487 968 571 1011 τοῖς
589 960 722 1014 ὅλοις,
754 960 887 1015 ὥσπερ
908 979 969 1012 τις
991 962 1199 1019 πλανήτης
1228 966 1294 1006 καὶ
1315 963 1572 1019 αἰχμάλωτος
1590 965 1720 1008 αὖτο-

269 1034 388 1083 μολεΐ
405 1034 463 1088 τῷ
482 1030 704 1088 δομεστίκῳ
725 1030 827 1085 πρὸς
856 1028 1065 1076 Ξάνθειαν
1081 1045 1091 1056 ·
1127 1031 1148 1075 ὃ
1169 1034 1236 1074 καὶ
1255 1030 1372 1086 μόλις
1393 1034 1578 1087 γνωσθὲν
1607 1050 1721 1088 περι-

219 1102 253 1137 E
275 1095 455 1149 σώζεται.
490 1098 528 1139 οἲ
546 1097 681 1151 μέντοι
697 1114 738 1151 γε
752 1097 862 1153 παρὰ
883 1098 980 1148 τοὺς
991 1101 1033 1142 ἓν
1051 1103 1110 1158 τῷ
1130 1099 1292 1157 πολέμῳ
1307 1098 1504 1150 πεσόντας
1522 1100 1720 1155 προσέπε-

269 1182 345 1209 σον
358 1162 636 1223 Ῥομοφόρτῳ,
672 1168 737 1208 καὶ
760 1164 867 1208 οὕτω
884 1166 985 1222 πρὸς
1007 1169 1234 1210 Θετταλίαν
1255 1167 1421 1224 ἀπῇρεν.
1461 1167 1567 1210 ἀλλὰ
1587 1172 1719 1210 ταῦτα

269 1233 366 1288 με’ν,
398 1232 476 1290 ὅπῃ
495 1238 581 1291 θεῷ
600 1234 733 1289 φίλον,
771 1232 950 1288 ἀγέσθω.
999 1234 1136 1290 ἄγοιτο
1158 1236 1202 1277 δὲ
1225 1235 1317 1277 κατ’
1337 1237 1502 1285 ἐλπίδας
1519 1233 1716 1291 χρηστάς,
1731 1247 1773 1283 15

269 1303 337 1344 καὶ
357 1299 457 1356 ὦςῆ
487 1305 561 1343 τοῦ
593 1305 840 1356 κρατοῦντος
867 1301 944 1356 ἔχει
972 1305 1228 1358 πεποίθησις.
1291 1301 1316 1357 ἦ
1343 1302 1478 1356 μέντοι
1500 1320 1542 1358 γε
1569 1302 1719 1357 συνόλη

270 1370 430 1424 ἱστορία
459 1373 541 1412 τῶν
575 1370 794 1422 δεκατριῶν
823 1368 951 1425 λόγων
983 1371 1150 1426 περιέχει
1189 1368 1363 1425 χρόνους
1404 1371 1566 1420 δέοντος
1589 1369 1718 1423 μόνου

267 1435 517 1492 πεντήκοντα
530 1469 542 1488 ,
580 1437 684 1478 καθ’
707 1437 752 1480 ὃν
770 1438 910 1492 καιρὸν
930 1441 995 1480 καὶ
1013 1436 1034 1481 ὅ
1060 1439 1251 1493 βασιλεὺς
1266 1435 1520 1495 Ἀνδρόνικος
1549 1439 1620 1482 τὸν
1641 1438 1719 1482 αὖ-

267 1505 340 1548 τόν
358 1509 432 1558 τῆς
450 1502 605 1557 ἡλικίας
627 1506 847 1561 παρίππευε
867 1504 1032 1563 χρόνον.

359 1589 413 1622 13.
436 1586 666 1632 μένουντοιγε
690 1589 729 1624 Ρ.

267 1656 481 1699 contingeret
503 1656 676 1699 angustias
698 1656 843 1690 faucium
866 1667 928 1700 per
950 1667 1034 1701 quas
1056 1655 1132 1689 illuc
1154 1657 1382 1691 necessarium
1401 1659 1454 1691 est
1474 1656 1552 1690 iter.
1598 1667 1640 1689 ac
1663 1658 1718 1690 ta-

266 1702 314 1736 lia
337 1701 470 1746 quidem
493 1702 582 1734 fama
605 1702 811 1735 ferebantur.
859 1705 1026 1735 caeterum
1050 1701 1096 1734 illi
1120 1702 1218 1735 motis
1241 1703 1283 1736 ab
1309 1705 1402 1736 Aeno
1426 1702 1568 1742 castris,
1591 1701 1717 1735 Romo-

266 1749 379 1782 fortus
404 1757 477 1780 cum
500 1745 646 1789 Turcis,
671 1746 898 1791 Mpyrigerius
923 1758 995 1780 cum
1019 1747 1196 1781 Pharenda
1222 1747 1357 1790 Tzime,
1383 1752 1418 1781 et
1441 1747 1572 1788 Gidas,
1595 1745 1718 1780 infensi

266 1793 351 1828 licet
374 1792 541 1835 invicem,
562 1792 685 1826 iunctis
709 1792 917 1826 nihilominus
941 1792 1067 1836 copiis,
1099 1793 1262 1826 communi
1285 1793 1443 1827 comitatu
1470 1792 1716 1826 Cassandream

268 1841 507 1883 pervenerunt.
554 1837 611 1871 ubi
648 1838 878 1879 considentes,
910 1849 971 1882 pro
995 1849 1034 1870 eo
1058 1848 1125 1881 quo
1157 1838 1241 1871 clam
1266 1837 1299 1871 in
1322 1849 1398 1872 sese
1420 1841 1533 1872 mutuo
1554 1837 1717 1871 ardebant

231 1904 239 1913 ›
268 1883 372 1925 odio,
402 1882 616 1916 intenderunt
648 1883 772 1917 animos
803 1883 1028 1916 machinandis
1058 1882 1093 1916 in
1127 1883 1190 1916 sibi
1222 1888 1397 1927 suspectos
1419 1883 1524 1925 dolis,
1546 1883 1656 1927 quoad
1680 1882 1718 1915 in

268 1929 335 1964 vim
358 1935 510 1973 apertam
539 1928 711 1962 discidium
745 1929 877 1973 erupit,
902 1929 1082 1961 commissis
1107 1929 1215 1973 palam
1238 1929 1448 1963 factionibus.
1495 1939 1570 1961 nam
1592 1928 1718 1962 Romo—

269 1975 379 2008 fortus
403 1985 475 2007 cum
499 1973 567 2007 suis
591 1974 713 2007 'rurcis
743 1974 826 2007 iram
859 1974 1010 2008 hostilem
1027 1998 1036 2016 ,
1068 1985 1129 2007 nec
1151 1974 1256 2018 ipsam
1273 1975 1359 2007 bene
1380 1972 1637 2014 dissimulatam,
1659 1985 1718 2007 co-

270 2020 398 2063 quebat
421 2019 580 2052 adversus
605 2019 868 2064 Mpyrigerium,
902 2019 1110 2052 Pharendam
1133 2020 1283 2053 Tzimem
1314 2023 1349 2052 et
1371 2019 1519 2060 Gidam3
1543 2018 1642 2062 hique
1663 2018 1717 2051 vi-

269 2064 381 2097 cissim
405 2064 492 2097 haud
515 2065 599 2098 satis
626 2066 786 2107 tegebant
808 2066 1009 2098 voluntatem
1039 2065 1269 2099 Romofortum
1291 2065 1422 2098 insidiis
1454 2064 1717 2098 circumventum

269 2108 488 2152 opprimendi.
535 2109 623 2154 quod
647 2110 701 2143 hic
723 2110 932 2154 intelligens,
957 2110 1051 2143 aleae
1074 2110 1195 2144 Martis
1219 2122 1311 2154 spem
1336 2110 1475 2143 credere
1497 2113 1599 2154 atque
1622 2107 1715 2142 anci-

268 2153 332 2198 piti
356 2153 544 2187 discrimine
566 2155 720 2189 fraudum
742 2158 944 2189 occultarum
965 2155 1152 2189 invadendo
1177 2156 1284 2199 palam
1307 2155 1434 2199 praelio
1454 2155 1557 2188 semel
1579 2152 1715 2196 defungi

270 2198 366 2232 duxit
389 2199 582 2233 consultius.
627 2201 716 2244 quod
747 2204 781 2234 et
811 2201 859 2235 illi
891 2213 910 2234 e
933 2202 1099 2235 sententia
1125 2201 1304 2234 successit:
1327 2201 1458 2244 plenam
1481 2199 1565 2233 enim
1588 2199 1630 2232 de
1653 2199 1715 2231 ad-

269 2244 450 2283 versariis,
483 2244 516 2277 in
540 2256 598 2278 eos
620 2245 769 2286 irruens,
798 2247 969 2281 victoriam
991 2247 1127 2285 retulit,
1162 2247 1245 2280 adeo
1272 2250 1309 2278 ut
1333 2245 1560 2289 Mpyrigerius
1581 2243 1713 2288 quidem

269 2300 311 2321 ea
334 2299 445 2332 pugna
475 2290 650 2333 ceciderit,
683 2292 859 2325 Pharenda
892 2303 974 2325 vero
1004 2292 1138 2325 Tzimes
1169 2291 1308 2336 primum
1338 2289 1554 2334 ignominiose
1582 2292 1713 2331 captus,

270 2337 349 2378 post
380 2345 401 2367 a
434 2334 629 2368 Romosorto
662 2336 747 2370 liber
773 2337 947 2379 dimissus,
981 2337 1158 2380 desperata
1189 2347 1313 2370 summa
1347 2345 1476 2374 rerum,
1511 2336 1548 2367 ut
1577 2343 1654 2365 erro
1677 2336 1714 2365 et

271 2378 424 2422 captivus
457 2379 643 2424 quispiam,
676 2381 718 2414 ad
751 2381 964 2416 domesticum
996 2393 1102 2426 prope
1125 2381 1312 2414 Xantheam
1335 2378 1572 2422 transfugerit;
1600 2389 1621 2410 a
1643 2388 1711 2422 quo

270 2434 374 2467 aegre
406 2424 538 2466 agnitus
567 2430 733 2458 servatur.
787 2427 843 2471 qui
874 2427 990 2470 praelii
1021 2425 1236 2460 carnificinae
1263 2425 1480 2468 superfuere,
1522 2423 1566 2456 ad
1599 2429 1713 2466 partes

270 2468 458 2502 Romoforti
489 2480 526 2501 se
559 2469 793 2504 adiunxerunt.
838 2471 954 2515 sicque
982 2471 1038 2504 ille
1071 2475 1208 2505 cunctos
1238 2471 1300 2503 sub
1323 2480 1360 2502 se
1390 2469 1516 2502 habeus
1539 2479 1622 2501 unus
1645 2469 1712 2502 iam

272 2514 341 2547 dux
362 2514 396 2546 in
418 2514 632 2547 Thessaliam
654 2515 770 2547 movit.
814 2526 929 2549 verum
951 2517 1034 2550 haec
1055 2527 1122 2560 qua
1144 2516 1206 2548 deo
1222 2513 1314 2548 cordi
1335 2513 1437 2547 fuerit
1458 2514 1622 2546 serantur.
1644 2513 1713 2546 uti-

273 2570 348 2593 nam
372 2564 480 2592 autem
504 2558 551 2591 illi
574 2559 706 2603 placeat
721 2560 899 2594 secundum
923 2572 1000 2605 spes
1024 2565 1157 2594 nostras
1171 2559 1308 2593 meliora
1319 2558 1380 2591 sibi
1395 2558 1603 2601 despondere
1618 2569 1713 2592 orsas

273 2608 392 2638 cuncta
415 2603 571 2647 dirigere,
595 2615 636 2637 ac
658 2615 723 2648 quo
746 2609 826 2638 vota
849 2610 884 2638 et
900 2606 1024 2639 fiducia
1046 2610 1200 2638 constans
1218 2603 1377 2648 principis
1399 2602 1504 2636 nostri
1522 2603 1643 2636 dudum
1662 2603 1713 2636 in·-

272 2650 442 2683 cumbunt.
486 2649 627 2682 historia
659 2650 742 2682 haec
773 2649 929 2683 universa
951 2649 1113 2683 tredecim
1144 2650 1324 2688 librorum,
1355 2659 1459 2681 annos
1483 2649 1712 2693 complectitur

270 2706 337 2728 uno
362 2694 467 2728 minus
482 2694 734 2739 quinquaginta,
759 2706 930 2740 aequaeva
946 2699 1065 2728 exacte
1083 2693 1267 2728 Andronico
1285 2692 1490 2736 imperatori:
1513 2705 1587 2727 nam
1601 2693 1631 2727 is
1643 2705 1709 2738 quo

270 2739 330 2774 illa
352 2739 474 2775 desinit
494 2743 654 2786 tempore,
677 2739 805 2786 pariter
826 2739 1223 2785 undequinquagesimum
1245 2738 1369 2774 aetatis
1390 2739 1514 2783 agebat
1535 2750 1663 2774 annum.
