1858 3126
383 172 458 216 DE
491 170 816 215 ANDRONICO
851 165 1216 214 PALAEOLOGO
1251 169 1298 212 L.
1330 167 1408 212 VI.
1506 166 1605 213 539

162 281 407 342 χρήσαιντο,
452 283 556 340 πρὸς
581 283 652 326 τὸν
681 279 898 325 ἐπιστάντα
931 279 979 323 τὸ
1013 285 1095 323 πᾶν
1124 285 1199 335 τῆς
1227 278 1350 335 ὀργῆς
1380 278 1602 333 ἔξεκένουν,

165 355 233 397 καὶ
258 351 467 396 ἐνεκάλουν
506 351 607 406 πρὸς
634 354 675 393 Γ
672 353 874 399 εννουΐτας
897 347 1001 391 κατὰ
1029 348 1104 402 τὴν
1132 349 1324 403 περαίαν,
1370 349 1436 390 καὶ
1465 348 1603 403 ἠξίουν

163 420 236 463 τὸν
256 419 568 475 καταφρονητὴν
589 416 840 472 ἀμύνασθαι.
907 418 973 458 καὶ
997 413 1018 458 ὅ
1042 416 1303 470 ἓξουσιαστὴς
1325 416 1495 468 ἐκείνων,
1530 415 1604 471 τὴν
1625 430 1653 465 Β

163 488 230 530 ἐπὶ
257 486 418 536 τούτοις
452 487 612 540 ἄμυναν
642 490 724 528 τῶν
758 487 890 526 καλῶν
918 481 1168 539 ἡγησάμενος
1188 515 1202 536 ,
1248 482 1433 536 ἶκπέμπει
1467 482 1606 540 κρύφα

132 554 261 604 ὅτοὺς
287 555 433 597 ἐκεῖνον
464 553 576 610 ἔγγὺς
606 551 791 595 θανάτου
818 549 1082 605 ποιήσοντας·
1125 557 1283 593 κτανεῖν
1310 551 1388 606 γὰρ
1420 551 1494 593 οὐκ
1522 552 1607 594 {dc-

163 623 326 674 καίουν,
364 621 466 664 ἀλλὰ
498 619 681 670 σπάθαις
710 622 850 671 στίζειν
881 617 1074 674 ἐσχάτως.
1142 616 1445 673 ἐνεδρείσαντες
1469 621 1605 662 τοίνυν

162 686 406 744 ἐξεπλήρουν
431 688 484 731 τοὶ
514 693 588 731 τοῦ
609 685 912 741 βουλεύματος,
958 688 1025 729 καὶ
1065 690 1234 735 πολλαῖς
1274 685 1345 728 τὸν
1380 686 1605 742 ἄνθρωπον

161 754 457 805 ἐπεισπεσόντες
476 757 519 798 ἔκ
546 761 621 799 τοῦ
648 755 846 811 αι’φνηὸὂν
864 754 1056 811 ᾐκίσαντο
1070 787 1082 808 ,
1118 752 1174 804 ὥς
1192 751 1380 810 φοράδην
1401 754 1503 796 οἴκοι
1524 753 1605 808 μό-

162 828 223 874 λις
251 822 536 877 πιστευόμενον
564 826 634 878 ζῆν
655 823 908 876 ἀπαχθῆναι.
984 827 1108 865 τοῦτο
1145 822 1335 875 βασιλεὺς
1369 824 1424 871 εἷς
1459 820 1604 866 ἑαυτὸν

107 904 152 938 10
162 891 375 948 ἀναφέρων
397 891 478 934 ἀπὸ
498 889 718 946 προσώπου
737 890 777 933 τ’
802 891 924 932 ἐποίει
943 890 1015 933 τὸν
1036 894 1118 932 τῶν
1139 893 1179 932 Γ
1176 893 1387 932 εννουϊτῶν
1406 889 1601 946 ἄρχοντα,

160 960 233 1002 καί
250 976 347 1016 σφιν
365 959 435 1015 ἐφ’
455 957 624 1015 ἡμέραις
641 960 929 1013 ἐπιζυγοῦσθαι
945 958 1019 1007 τὰς
1038 962 1112 1012 τῆς
1133 956 1286 1007 πόλεως
1303 955 1431 1007 πύλας
1450 959 1598 1015 προσέ-
1621 963 1652 996 C

159 1043 326 1079 ταττεν,
362 1027 549 1082 ἀναρτῶν
580 1027 626 1069 τὸ
656 1027 840 1081 πραχθὲν
867 1028 922 1074 εἷς
951 1027 1081 1079 κρίσιν
1108 1030 1181 1067 τοῦ
1201 1027 1467 1077 κουμουνίου,
1502 1028 1600 1080 με’λ-

158 1098 302 1144 zanoe,-
319 1092 456 1148 ἑτέρου
477 1094 582 1136 κατὰ
604 1093 746 1136 πύστιν
766 1093 861 1136 ὅσον
881 1093 953 1136 οὐκ
973 1094 1052 1148 ἤδη
1083 1093 1158 1147 τὴν
1179 1093 1306 1147 ἀρχὴν
1325 1094 1598 1148 διαδέχεσθαι.

299 1166 442 1205 Ταῦτα
470 1162 749 1217 Μπυριγέριος
778 1159 870 1204 τότε
902 1160 957 1210 ὡς
978 1161 1110 1215 λαβὴν
1132 1160 1336 1215 προύτεινε
1356 1161 1598 1218 σκανδάλου,

105 1236 148 1272 15
160 1231 227 1272 καὶ
247 1228 486 1286 ἀλλοτριοῦν
504 1235 577 1272 τοῦ
594 1230 792 1283 βασιλέως
809 1229 884 1278 τὰς
902 1231 1058 1271 ἐκείνων
1078 1227 1239 1283 γνώμας
1261 1230 1419 1285 ἐπείρα,
1453 1230 1512 1284 μὴ
1541 1232 1600 1273 εἰ.

158 1294 240 1348 daig
250 1329 265 1350 ,
298 1296 324 1352 ἢ
345 1299 410 1340 καὶ
433 1296 532 1340 ἑκὼν
551 1299 822 1355 παραλείπων,
859 1294 915 1347 ὥς
931 1297 1123 1351 βασιλεὺς
1138 1294 1309 1354 φθάσας
1328 1298 1466 1354 σφίσιν
1488 1300 1598 1350 ε’ξευ-

249 1394 303 1429 10.
325 1393 390 1428 τὸν
411 1392 539 1427 deerat.

155 1493 221 1517 nec
241 1482 321 1537 quid
347 1487 486 1528 agerent
507 1483 599 1518 aliud
621 1483 804 1525 habentes,
833 1486 938 1517 totam
970 1482 1053 1518 iram
1085 1483 1119 1518 in
1149 1484 1327 1519 exarchum
1359 1483 1517 1519 Pisanum
1540 1485 1600 1530 qui

155 1531 291 1573 negotio
314 1530 509 1574 praefuerat
538 1529 740 1563 effuderunt.
786 1529 873 1562 hunc
906 1529 1010 1573 igitur
1042 1531 1163 1563 acerbe
1194 1536 1436 1576 conquerentes
1458 1541 1600 1565 accusa·

154 1577 235 1608 runt
258 1574 348 1620 apud
371 1576 568 1609 Genuenses
589 1575 777 1608 habitantes
798 1575 834 1607 in
856 1575 1007 1618 Peraea,
1043 1580 1179 1609 orantes
1205 1583 1243 1610 nt
1271 1578 1304 1610 in
1337 1580 1600 1621 contemptorem

156 1619 335 1653 communis
358 1620 527 1664 religionis
549 1620 746 1664 sacrilegum
779 1631 842 1665 pro
865 1620 994 1654 meritis
1025 1621 1222 1655 vindicaret.
1267 1622 1470 1655 existimavit
1492 1622 1601 1666 magi-

155 1668 286 1699 stratus
314 1666 540 1699 Genuensium
571 1677 710 1710 aequam
742 1676 763 1698 a
795 1677 833 1699 se
855 1677 925 1699 rein
949 1666 1041 1710 peti,
1063 1667 1339 1712 praeclarumque
1361 1667 1424 1701 sibi
1448 1668 1520 1700 fore
1542 1670 1597 1701 ra-

154 1708 251 1743 dnus
279 1709 433 1744 ultionem
463 1711 506 1744 de
537 1711 658 1744 Pisano
691 1721 828 1754 gravem
859 1722 1002 1745 sumere.
1046 1713 1198 1746 submisit
1231 1714 1334 1757 igitur
1355 1711 1516 1752 sicarios,
1538 1712 1599 1757 qui

154 1754 240 1789 elam
262 1755 521 1790 circumventum
544 1756 650 1801 plagis
672 1757 842 1790 atrocibus
866 1757 1034 1790 caedendo
1055 1759 1207 1802 proxime
1231 1769 1344 1791 necem
1368 1757 1596 1791 adducerent:

155 1809 221 1834 uon
244 1801 332 1834 enim
355 1802 455 1835 certis
477 1801 520 1835 de
542 1802 650 1835 causis
681 1802 779 1846 plane
810 1802 958 1835 interfici
980 1803 1140 1844 volebat,
1175 1803 1234 1837 sed
1257 1803 1369 1846 gladio
1394 1802 1480 1834 citra
1502 1813 1598 1835 mor-

154 1848 223 1878 tem
243 1846 436 1880 vulneribus
459 1846 592 1880 exarari
613 1847 798 1882 luculentis.
843 1848 996 1881 fecerunt
1024 1848 1186 1882 emissarii
1216 1849 1303 1892 quod
1332 1846 1413 1880 iussi
1447 1847 1594 1890 fuerant,

155 1893 194 1922 et
211 1889 376 1923 irruentes
396 1902 440 1924 ex
464 1891 596 1925 insidiis
617 1892 652 1925 in
676 1892 756 1925 nihil
779 1892 886 1926 minus
909 1893 1096 1937 opinantem
1121 1894 1299 1927 exarchum
1321 1892 1519 1925 pisanorum
1541 1896 1595 1926 tot

155 1943 232 1966 eum
264 1940 471 1969 cruentatum
502 1937 629 1969 ensium
661 1935 782 1970 ictibus
804 1937 1033 1982 reliquerunt,
1066 1944 1104 1971 ut
1126 1939 1227 1972 miser
1249 1950 1268 1971 a
1291 1938 1360 1971 suis
1383 1949 1403 1970 e
1426 1937 1594 1971 carnifici-

155 1989 220 2012 nae
242 1977 318 2012 loco
340 1991 413 2013 cum
435 1981 564 2014 modica
585 1992 646 2024 spe
667 1982 762 2015 vitae
783 1983 931 2016 manibus
954 1983 1086 2016 domum
1108 1985 1302 2016 referretur.
1349 1983 1423 2023 boc,
1445 1986 1484 2015 ut
1505 1988 1592 2026 erat,

153 2023 190 2057 in
212 2023 266 2057 sui
287 2025 516 2058 contumeliam
547 2025 786 2059 intolerabilem
817 2028 940 2060 factum
964 2028 1202 2072 interpretatus
1233 2028 1414 2072 imperator
1435 2027 1591 2062 continuo

179 2072 343 2102 raetorem
366 2070 618 2112 Gahtensium,
652 2070 685 2102 in
708 2071 866 2104 comitatu
889 2072 931 2105 ad
955 2084 1010 2106 res
1031 2073 1175 2117 ipsorum
1199 2073 1365 2106 curandas
1386 2073 1514 2108 versari
1535 2085 1594 2108 so-

180 2118 268 2155 tum,
292 2125 456 2158 apparere
479 2115 635 2159 deinceps
658 2126 767 2148 coram
791 2127 829 2149 se
850 2117 979 2158 vetuit,
1002 2117 1150 2161 ipsisque
1176 2119 1219 2151 ad
1242 2118 1316 2151 dies
1338 2118 1466 2171 aliquot
1477 2129 1591 2163 >prae-

152 2158 248 2204 cepit
271 2159 421 2192 obserari
444 2164 560 2204 portas
582 2159 686 2200 urbis,
709 2171 771 2194 nec
791 2161 824 2194 iu
848 2173 919 2194 eam
944 2162 998 2195 ulli
1017 2173 1128 2195 eorum
1152 2162 1278 2197 aditum
1301 2163 1459 2208 permitti.
1503 2165 1590 2200 baec

154 2203 204 2239 sic
225 2205 396 2248 Augustus
418 2205 507 2248 egit,
545 2216 676 2238 sensum
706 2206 839 2250 quidem
862 2206 1003 2240 iniuriae
1026 2207 1241 2250 significans,
1263 2208 1334 2242 eius
1355 2215 1466 2243 tamen
1488 2210 1590 2244 ultio·-

152 2260 228 2283 nem
255 2250 396 2283 nondum
430 2261 619 2295 exequens3
649 2249 743 2284 cuius
766 2251 981 2295 cognitionem
1003 2254 1238 2287 reservandam
1270 2254 1433 2298 integram
1455 2255 1589 2300 putavit

151 2294 247 2328 novis
269 2295 521 2338 magistratibus
543 2296 782 2331 Galateusium.
829 2308 905 2330 nam
930 2297 1117 2341 respublica
1137 2298 1265 2333 illorum
1289 2300 1427 2335 concilio
1446 2301 1589 2346 quodam

152 2339 288 2384 publico
319 2340 478 2374 lectorum
511 2351 532 2374 e
559 2346 661 2384 gente
691 2353 865 2386 procerum
899 2343 1170 2386 gubernabatur,
1203 2345 1297 2379 cuius
1328 2351 1402 2380 erat
1433 2346 1589 2390 regimini

152 2389 279 2418 certum
301 2385 461 2429 temporis
483 2387 628 2432 spatium
650 2387 902 2431 praescriptum.
949 2388 1012 2421 hoc
1033 2394 1152 2422 exacto
1172 2389 1262 2423 aliud
1284 2393 1502 2426 communem
1523 2393 1590 2435 (sic

151 2429 239 2462 enim
261 2429 296 2463 id
318 2431 491 2475 collegium
521 2443 577 2465 res
608 2433 718 2475 gentis
748 2432 1045 2466 administrantium
1068 2435 1270 2479 vocabatur)
1301 2436 1404 2481 priori
1426 2439 1589 2472 succede-

145 2474 223 2508 bat.
268 2486 340 2508 cum
363 2476 468 2520 igitur
489 2478 639 2511 audisset
658 2477 838 2521 imperator
859 2478 983 2512 instare
1006 2478 1102 2512 istius
1125 2481 1316 2515 mutationis
1335 2483 1434 2526 diem,
1458 2491 1494 2517 et
1510 2495 1587 2517 mox

152 2529 258 2554 novos
279 2521 452 2564 delegatos
473 2523 637 2566 abrogato
668 2524 841 2556 veteribus
872 2524 1012 2569 imperio
1034 2526 1180 2559 habenas
1210 2537 1319 2561 rerum
1341 2534 1531 2573 sumpturos
1554 2529 1588 2562 in

143 2573 289 2606 naum,
322 2567 410 2610 apud
441 2567 519 2610 bos,
558 2568 616 2602 ubi
657 2569 887 2612 magistratum
925 2569 1116 2612 inivisoent,
1158 2573 1372 2617 expostulare
1400 2575 1444 2607 do
1473 2573 1588 2608 Pisani

152 2610 289 2643 mrchi
310 2612 525 2655 oppressione
546 2613 755 2647 decreverat.

243 2654 345 2689 Talia
376 2667 477 2701 porro
509 2657 737 2702 Mpyrigerius
766 2658 802 2693 in
833 2671 874 2693 ea
904 2671 1001 2705 qaam
1031 2660 1134 2694 retuli
1155 2661 1198 2696 ad
1221 2665 1420 2698 Genuenses
1442 2674 1588 2708 peregre

153 2696 375 2734 advo-tante·
405 2702 558 2736 eratione
591 2704 712 2748 cupide
741 2708 781 2738 ut
809 2716 922 2739 ansam
952 2714 1170 2750 opportunam
1193 2710 1381 2754 arripuerat
1404 2708 1588 2743 alienandis

154 2741 383 2795 alr-obsequio
409 2746 623 2791 imperatoris
649 2749 776 2783 illorum
809 2751 928 2784 animis
960 2751 1136 2797 atrocique
1167 2753 1210 2788 iis
1230 2755 1404 2789 inserendo
1426 2754 1459 2787 in
1482 2756 1588 2798 ipsum

154 2785 243 2821 odio.
286 2799 404 2836 nempe
423 2796 484 2826 aut
505 2793 698 2836 nesciebat,
726 2802 786 2829 aut
807 2795 915 2830 sciens
945 2795 1197 2844 dissimulabat,
1219 2801 1388 2845 placatum
1408 2800 1497 2835 ultro
1518 2799 1586 2834 iam
