1820 3112
199 149 297 194 210
619 143 858 188 GEORGII
890 143 1245 187 PACHYMERIS

150 275 177 309 Β
338 259 383 304 9.
459 260 555 300 Τῶν
573 260 671 312 γοῦν
690 255 826 314 ἄκρῶν
846 255 1122 312 κακουμένων,
1160 254 1217 307 ὥς
1236 256 1295 312 μὴ
1316 253 1443 311 μόνον
1461 261 1545 302 τῶν
1563 257 1669 301 κατὰ

201 329 450 384 Μαίανδρον
471 328 538 368 καὶ
556 326 609 368 τὰ
629 329 689 383 τῷ
709 328 813 385 ζυγῷ
833 327 968 384 ἐκείνῳ
989 322 1250 383 προσήκοντα
1273 325 1370 368 ἀλλ’
1395 325 1476 382 ἤδη
1498 328 1565 370 καὶ
1587 330 1670 370 τῶν

200 397 310 446 ἐντὸς
331 394 681 451 ἕξαφανιζομὲνων
707 396 749 446 ἐξ
768 395 1000 452 ἐπιδρομῶν
1022 399 1182 449 συχνῶν
1213 398 1294 438 τῶν
1310 397 1515 452 Περσῶν,
1551 393 1573 439 ὅ
1595 399 1668 438 τοῦ

197 464 509 523 προρρηθέντος
526 464 902 521 πρωτοβεστιαρίου
919 468 993 507 τοῦ
1017 460 1333 519 Ταρχανειώτου
1351 460 1538 518 δεύτερος
1557 470 1668 516 παῖς,

200 534 220 578 ὃ
259 532 619 589 Φιλανθρωηηνός
649 533 692 575 ἐκ
731 537 805 575 τοῦ
834 533 938 590 πρὸς
965 532 1123 589 μητρὸς
1159 531 1329 575 πάππου
1354 531 1553 584 Ἀλέξιος,
1594 536 1669 576 τοῦ
1680 541 1702 576 5

198 602 399 659 προτέρου
434 603 490 651 εἷς
523 601 870 658 πρωτοσεβαστόν
899 601 1146 657 τιμηθέντος
1176 601 1485 660 πιγκέρνης-τῷ
1510 605 1677 655 βασιλεῖ

154 683 183 718 c
210 671 420 726 τιμηθείς,
457 674 540 713 τῶν
573 671 668 726 περί
691 688 734 713 τε
763 670 839 725 τὴν
860 670 998 714 Ἀσίαν
1031 670 1107 726 τὴν
1128 670 1278 726 μικρὰν
1297 668 1576 726 καλουμένην,
1613 669 1673 713 ἔτι

200 742 245 784 δὲ
261 741 431 784 Λυδίαν
454 741 522 781 καὶ
543 739 774 793 Κελβιανὸν
801 739 920 796 μέχρι
939 741 1006 782 καὶ
1027 739 1155 794 αὐτῆς
1172 739 1223 795 δὴ
1245 742 1319 794 τῆς
1337 735 1559 794 θαλάσσης
1578 736 1673 794 ἦγε-

197 809 287 864 μών
321 808 625 860 ἀναδείκνυται,
672 811 747 851 τοῦ
779 809 1179 865 πρωτοβεστιαρίτου
1214 807 1272 851 ἔτι
1299 808 1570 865 Λιβαδαρίου
1589 811 1672 850 τῶν

199 879 290 934 περὶ
327 877 380 920 τὰ
406 874 654 933 Νεόκαστρα
687 875 1104 933 καθηγεμονεύοντος.
1188 875 1209 920 ὅ
1237 882 1337 933 γοῦν
1366 875 1580 934 πιγκέρνης
1606 876 1672 919 ἐπὶ
1684 883 1728 919 10

196 943 361 1003 χρόνοις
391 945 466 1000 τὴν
498 943 717 1000 ἡγεμονίαν
752 945 877 1000 ἔχων,
914 945 1014 1001 ἔχων
1043 947 1087 989 δὲ
1111 947 1178 988 καὶ
1207 946 1255 990 τὸ
1283 945 1492 1003 Κρητικὸν
1511 943 1675 995 καὶτὰς

202 1014 299 1057 κατ’
326 1013 530 1069 ἀνατολὴν
553 1011 718 1065 ἁπάσας
742 1013 933 1070 δυνάμεις
953 1011 1267 1071 ἐπιφερόμενος,
1306 1011 1470 1071 φύσεώς
1492 1030 1536 1056 τε
1560 1011 1674 1068 τάχει

145 1086 177 1121 D
202 1085 268 1127 καὶ
289 1085 452 1140 σπουδῇ
471 1082 697 1144 στρατηγία
719 1081 931 1141 πρεπούσῃ
950 1083 1244 1139 συναιρομένης
1265 1085 1332 1126 καὶ
1350 1087 1424 1138 τῆς
1443 1082 1554 1140 παρὰ
1570 1085 1674 1125 πολ-

201 1157 288 1202 λοῖς
316 1151 531 1208 λεγομένης
559 1149 684 1206 τύχης
719 1152 934 1210 (λεγέσθω
950 1153 1028 1210 γὰρ
1063 1153 1129 1195 καὶ
1150 1157 1300 1205 τοῦτο,
1331 1150 1673 1206 καθωμιλημὲνον

199 1228 286 1271 τοῖς
305 1226 509 1273 παλαιοῖς,
527 1219 647 1263 ’καθ’
675 1219 722 1275 ἢν
742 1221 978 1276 Σκηπίωνές
998 1238 1041 1264 τε
1060 1222 1128 1263 καὶ
1148 1218 1338 1278 Κράσσοι
1357 1221 1425 1263 καὶ
1443 1220 1669 1278 Καίσαρες,
1684 1228 1728 1264 15

200 1289 260 1332 ἔτι
281 1307 324 1333 τε
345 1292 634 1344 Θεμιστοκλεῖς
656 1291 724 1332 καὶ
747 1289 950 1343 Τιμόθεοι
970 1291 1038 1332 καὶ
1057 1289 1245 1339 Κλέων-ες
1262 1286 1572 1346 ἦνόραγάθουν,
1606 1289 1675 1332 καὶ

199 1357 327 1414 τύχης
361 1357 416 1408 ὥς
448 1360 515 1400 καὶ
543 1361 654 1401 θεῶν
691 1356 829 1402 ἄλλων
858 1359 946 1415 ἱερὰ
975 1356 1237 1415 ἀνιδρύοντο)
1269 1358 1323 1402 τὰ
1351 1357 1447 1401 κατ’
1468 1356 1673 1412 ἀνατολὴν

200 1428 382 1470 καθίστα
412 1444 455 1469 τε
485 1428 552 1470 καὶ
582 1429 963 1484 προσησφαλίζετο,
1008 1427 1061 1470 τὰ
1102 1427 1176 1482 μὲν
1207 1428 1275 1470 καὶ
1301 1423 1455 1482 μάχαις
1486 1425 1591 1469 καθ’
1624 1423 1676 1476 ἃς

61 1504 89 1538 Ρ
117 1499 182 1538 144
206 1497 342 1547 ἐνίκα,
395 1495 448 1537 τὰ
474 1498 643 1537 πλεῖστα
682 1497 726 1537 δὲ
752 1497 909 1539 συνέσει
937 1496 1007 1538 καί
1035 1513 1077 1551 γε
1107 1497 1336 1556 φιλοδωρίᾳ
1373 1492 1476 1552 πρός
1503 1512 1547 1538 τε
1577 1493 1675 1544 τοῦς

203 1563 381 1622 ἐχθροὺς
413 1561 500 1618 ἅμα
530 1565 598 1606 καὶ
626 1563 730 1620 πρὸς
755 1564 854 1614 τοὺς
883 1565 1051 1622 φίλους,
1096 1571 1183 1614 τοῖς
1214 1565 1290 1620 μὲν
1324 1561 1569 1607 ὖποκόπτων
1597 1562 1731 1618 τὴνὲο

293 1697 330 1731 9.
378 1695 463 1730 Cum
485 1696 591 1741 igitur
624 1698 668 1732 ob
693 1708 752 1732 eas
776 1709 861 1744 quas
884 1697 1026 1733 diximus
1054 1708 1175 1733 causas
1200 1697 1292 1733 nulla
1314 1700 1374 1733 aut
1397 1697 1592 1744 perinfirma
1614 1706 1676 1732 es·

203 1746 281 1778 sent
303 1741 429 1776 arcium
453 1743 625 1788 praesidia
647 1743 911 1786 limitanearum,
942 1745 1027 1778 adeo
1060 1749 1100 1778 ut
1129 1756 1195 1778 non
1217 1745 1325 1778 solum
1355 1756 1444 1790 quae
1467 1744 1512 1779 ad
1534 1745 1676 1779 Maean-

203 1789 300 1822 drum
323 1788 437 1822 iacent
460 1789 534 1823 loca
556 1800 710 1835 quaeque
733 1790 813 1835 iugo
839 1790 886 1824 illi
909 1791 1073 1835 contigua
1095 1794 1186 1831 sunt,
1203 1790 1264 1824 sed
1287 1790 1469 1825 interiores
1492 1789 1596 1825 etiam
1618 1799 1677 1823 re-

203 1835 319 1879 giones
343 1834 474 1868 crebris
498 1835 678 1870 Persarum
709 1835 958 1871 incursionibus
981 1840 1138 1871 vastatae
1161 1836 1409 1878 desolarentur,
1431 1835 1528 1882 prius
1549 1845 1678 1870 memo-

203 1880 273 1915 rati
295 1880 549 1925 protovestiarii
571 1882 822 1916 Tarchaniotae
849 1882 1017 1916 secundus
1040 1887 1123 1917 natu
1156 1882 1267 1924 filius,
1297 1882 1438 1917 Alexius
1459 1881 1677 1916 Philanthro-

202 1938 310 1972 penus
343 1926 453 1961 dictus
485 1939 528 1961 ex
559 1939 624 1961 avo
654 1933 825 1970 materno,
854 1928 912 1962 illo
945 1928 1088 1963 omnium
1119 1929 1227 1982 primo
1257 1928 1487 1975 protosebasti
1509 1927 1676 1972 dignitate

203 1975 388 2015 honorato,
412 1973 594 2018 pincernae
615 1973 690 2019 ipse
711 1973 924 2019 imperatoris
946 1974 1044 2009 titulo
1067 1974 1231 2019 insignis,
1265 1974 1368 2008 Asiae
1391 1985 1492 2020 quam
1515 1975 1676 2008 minorem

204 2024 331 2051 vocant
353 2018 501 2064 itemque
524 2019 651 2063 Lydiae
674 2032 715 2055 ac
739 2020 894 2055 Celbiani
916 2032 1026 2066 usque
1059 2021 1103 2055 ad
1124 2020 1237 2066 ipsum
1259 2031 1353 2055 mare
1376 2020 1445 2055 dux
1466 2020 1675 2063 declaratur,

205 2064 480 2108 protovestiarita
503 2065 687 2101 Libadario
717 2067 820 2101 terris
854 2078 895 2100 ac
917 2067 1081 2100 tractibus
1113 2067 1206 2100 circa
1228 2066 1423 2102 Neocastra
1442 2065 1520 2101 sitis
1543 2064 1676 2112 praesi-

205 2109 319 2142 dente.
365 2109 527 2154 pincerna
550 2123 651 2156 porro
675 2113 779 2147 multo
795 2112 862 2146 iam
885 2116 1038 2157 tempore
1059 2113 1163 2147 talem
1186 2113 1435 2158 praefecturam
1457 2122 1593 2157 gerens,
1613 2111 1677 2145 ha-

205 2155 289 2189 bens
312 2154 412 2189 etiam
435 2156 469 2189 in
493 2162 662 2201 potestate
687 2158 859 2193 Creticam
891 2158 1046 2193 militiam
1077 2162 1112 2193 et
1147 2158 1324 2193 universas
1346 2161 1478 2193 tractus
1500 2155 1677 2193 orientalis

207 2200 323 2245 copias
347 2212 556 2247 quocumque
578 2204 646 2238 iret
661 2204 926 2247 circumducens,
945 2206 1070 2250 coepit,
1092 2209 1132 2239 ut
1154 2205 1206 2245 fit,
1231 2205 1369 2250 placere
1389 2204 1456 2238 sibi
1477 2214 1583 2248 seque
1605 2201 1677 2237 cir-

207 2245 415 2300 cumspicere
440 2249 647 2284 conscientia
668 2250 828 2285 iuvenilis
850 2250 972 2285 indolis
994 2250 1275 2296 strenuitatisque
1296 2249 1474 2290 militaris,
1496 2249 1551 2283 cui
1572 2247 1675 2283 etiam

206 2291 266 2325 illa
296 2295 432 2326 taveret
464 2295 635 2339 prosperis
668 2297 822 2331 arridens
855 2296 1067 2331 successibus
1100 2297 1272 2331 celebrata
1302 2295 1474 2330 veteribus
1504 2294 1674 2328 Fortuna.

206 2337 383 2382 loquamur
405 2337 458 2371 hic
481 2351 615 2385 quoque
637 2353 711 2376 cum
734 2343 859 2386 vulg03
890 2348 926 2377 et
956 2343 1048 2376 illam
1071 2342 1127 2376 cui
1149 2342 1325 2387 Scipiones
1348 2340 1468 2375 Crassi
1493 2340 1676 2384 Caesares,

209 2383 263 2416 cui
285 2383 531 2419 Themistocles
553 2387 723 2422 Timothei
749 2389 896 2422 Cicones
931 2394 1075 2433 accepta
1105 2399 1168 2422 sua
1200 2387 1380 2431 praeclara
1410 2385 1566 2421 facinora
1587 2386 1677 2420 tule-

209 2431 312 2471 runt,
357 2441 513 2474 quaeque
543 2443 608 2466 non
641 2433 750 2467 minus
784 2445 884 2479 quam
913 2433 962 2467 dii
997 2433 1125 2467 caeteri
1154 2432 1288 2477 templis
1319 2431 1456 2477 arisque
1485 2433 1676 2475 colebatur,

208 2473 321 2516 istam,
344 2473 501 2520 inquam,
526 2488 768 2525 quamcumque
792 2480 858 2513 vim
882 2479 950 2512 dici
971 2480 1025 2513 fas
1049 2482 1121 2521 est,
1144 2478 1367 2523 suffragatum
1389 2478 1676 2523 Philanthropeno

208 2520 388 2562 fateamur,
413 2521 490 2554 dum
512 2524 634 2567 partim
657 2524 796 2570 praeliis
817 2524 972 2558 secundis
995 2528 1100 2568 atque
1122 2523 1274 2557 victoriis
1287 2547 1298 2565 ,
1320 2523 1457 2569 partim,
1479 2524 1582 2578 idque
1604 2524 1678 2558 fre-

209 2565 380 2611 quentius,
396 2567 539 2611 quadam
563 2569 770 2605 dexteritate
792 2570 969 2616 prudentis
990 2568 1188 2610 industriae,
1210 2569 1511 2615 largitionibusque
1532 2581 1567 2603 1n
1589 2571 1677 2604 tem-

211 2622 295 2655 pore
318 2611 352 2646 in
376 2612 491 2646 hostes
513 2613 608 2648 iuxta
631 2620 667 2650 et
697 2616 824 2650 amicos
850 2615 1112 2661 profundendis,
1144 2626 1216 2649 rem
1238 2626 1322 2649 sane
1341 2615 1374 2650 is
1400 2616 1586 2650 Romanam
1613 2626 1678 2661 per

210 2656 287 2691 illos
307 2657 502 2693 orientales
524 2662 654 2695 tractus
676 2662 828 2696 restituit
850 2661 1161 2708 quadamtenusque
1181 2671 1334 2695 securam
1359 2661 1522 2703 reddidit,
1545 2665 1679 2696 nostro-

209 2713 282 2736 rum
304 2703 451 2749 impetus
473 2705 569 2739 rabie
592 2706 737 2750 quadam
760 2707 829 2742 odii
852 2719 935 2753 erga
949 2707 1136 2742 Romanum
1157 2706 1306 2750 regimen
1328 2707 1371 2741 ad
1395 2706 1590 2742 excutiendi
1611 2707 1678 2742 ob-

212 2748 323 2794 sequii
343 2749 487 2784 subinde
508 2756 662 2786 conatum
686 2757 899 2799 erumpentes
919 2752 1126 2798 infringens,
1161 2752 1382 2787 barbarorum
1406 2765 1507 2796 vero,
1533 2764 1602 2799 qua
1623 2752 1677 2788 sui

212 2798 302 2829 metu
323 2806 392 2841 qua
414 2795 495 2832 fidei
517 2808 558 2832 ac
579 2797 758 2833 civilitatis
778 2799 1010 2841 exhibitione,
1042 2802 1212 2845 partaque
1234 2809 1279 2834 ex
1301 2797 1355 2833 his
1377 2799 1470 2846 apud
1493 2809 1554 2835 eos
1576 2810 1676 2834 reve·
