1898 3126
245 157 345 206 286
675 155 913 201 GEORGH
947 155 1303 202 PACHYMERIS

107 280 135 314 P
160 280 225 317 197
248 269 420 329 σύζυγον
440 270 515 325 τὴν
535 273 611 313 τοῦ
628 269 832 325 βασιλέως
850 269 1167 327 καθυπεδέχετο.
1235 271 1286 316 οὗ
1305 271 1384 330 γὰρ
1403 271 1460 325 ὥς
1479 270 1581 330 εἶχεν
1600 270 1722 332 ἔφιπ-

245 358 323 392 πος
356 339 534 397 ἠνείχετο
572 336 880 395 ὗποδέχεσθαι,
929 339 1030 383 ἀλλ’
1059 337 1338 392 ὖποπτῶσεως
1363 339 1565 398 σχήματι,
1611 344 1727 386 αἰδοῖ

243 415 302 470 τῷ
323 409 427 467 πρὸς
445 407 642 463 βασιλέα,
679 408 844 465 ἀποβὰς
861 412 938 452 τοῦ
957 410 1087 453 ἰ’ππου
1109 409 1460 467 προσερχομένην,
1498 409 1555 462 ὥς
1569 409 1722 455 δεσπό-

244 496 370 523 συνον
402 479 534 533 δῆθεν
569 479 639 521 καὶ
664 477 741 534 οὐχ
766 476 823 529 ὥς
846 476 1043 535 σύζυγον,
1082 477 1464 537 φιλοφρονούμενος
1489 477 1722 536 ὖπεδέχετο.

194 556 223 591 Β
248 547 337 609 (5)
369 544 462 591 τότε
490 548 558 590 καὶ
587 547 785 601 βασιλεῦς
811 547 918 591 κατὰ
945 546 1021 603 τήν
1049 546 1166 592 πόλιν
1203 550 1533 606 Θεσσαλονίκην,
1569 549 1754 594 ἔκεΐνονδ

242 621 564 675 μεγαλοπρεπῶς
591 614 840 674 ἐθεράπευεν
867 617 935 659 καὶ
971 614 1120 674 δώροις
1162 618 1231 661 καὶ
1270 623 1409 672 τιμαῖς
1439 617 1511 676 ἐφ’
1552 615 1725 676 ἦμέραις

241 687 393 745 ἥγαλλε
404 719 418 741 ,
457 687 527 730 καὶ
545 685 643 736 τοὺς
666 685 797 730 αὐτοῦ
813 690 1060 742 μεγιστᾶνας
1075 691 1300 742 βασιλικῶς
1320 688 1510 745 ἐδωρεῖτο
1526 693 1613 738 τοῖς
1632 687 1724 743 μεί-

245 759 370 810 ζοσιν.
439 753 518 799 εἶτ’
558 750 688 805 αὖθις
728 756 795 798 καὶ
830 754 1059 810 ἀποπέμπει
1103 753 1439 808 πολυταλάντους
1477 755 1619 812 ἐκχέας
1648 755 1725 806 τὰς

245 823 403 879 δόσεις,
442 823 816 881 παρακεκινημένου
845 824 1056 882 τάδελφοῦ
1086 823 1305 883 Στεφάνου
1337 822 1529 882 (ὖπενὸει
1546 824 1626 883 γὰρ
1647 823 1726 868 κά-

246 901 383 945 κεῖνος
396 893 478 951 ἤδη
503 893 579 949 τὴν
599 894 708 937 ἲδιάν
728 891 1097 950 παρακινδύνευσιν
1120 893 1176 945 ὥς
1195 894 1343 938 αὐτίκα
1361 893 1571 953 τάδελφοῦ
1587 895 1724 949 μεῖζον
1736 902 1781 938 10

194 976 225 1011 c
247 964 273 1021 ἢ
303 961 504 1022 πρότερον
529 963 634 1006 κατὰ
669 962 717 1006 τὸ
749 962 855 1014 εῗκός
885 961 1192 1020 φρονήσαντος,
1231 966 1298 1007 καὶ
1323 964 1393 1007 διὰ
1411 967 1536 1008 τοῦτο
1557 962 1725 1007 ἔσπευδε

249 1036 540 1092 προκαθιστᾶν
572 1029 629 1082 ὥς
659 1030 738 1087 εἶχε
758 1031 810 1076 τὰ
844 1031 951 1075 καθ’
975 1030 1150 1090 ἑαυτὸν)
1178 1033 1348 1088 πέμπων
1365 1031 1624 1088 συμμαχικὸν
1642 1036 1726 1088 βα-

251 1100 387 1154 σιλεύς
398 1135 412 1155 ,
446 1100 502 1153 ὥς
521 1098 608 1144 οἷόν
630 1100 672 1144 τ’
692 1096 767 1157 ἦν,
795 1098 1010 1159 ὖπέθραυε
1030 1101 1108 1152 τὰς
1127 1100 1261 1159 ὁρμὰς
1278 1106 1338 1162 τῷ
1359 1099 1574 1162 Στεφάνῳ.

199 1183 232 1219 D
396 1172 441 1218 6.
515 1167 623 1214 Τότε
650 1171 718 1213 καὶ
748 1172 954 1214 Βενετικοὶ
982 1171 1027 1213 ἐκ
1047 1175 1120 1214 τοῦ
1141 1169 1404 1230 παρασχεδὸν
1430 1170 1537 1229 πρὸς
1551 1167 1727 1226 βασιλέα

252 1237 612 1299 διεπρεσβεύοντο,
658 1240 728 1283 καὶ
751 1239 828 1295 τὴν
855 1239 961 1295 μετὰ
990 1237 1203 1296 Ῥωμαίων
1235 1238 1399 1297 εἰρήνην
1426 1238 1595 1296 ἐζήτουν
1621 1237 1781 1282 ἀνα-’15

252 1314 385 1356 νεοῦν.
454 1308 581 1366 ἤθελε
598 1308 738 1364 με’ντοι
757 1309 826 1352 καὶ
851 1308 1046 1364 βασιλεὺς
1061 1308 1216 1361 αὐτοὺς
1238 1310 1456 1364 δέχεσθαι,
1493 1307 1590 1351 ἀλλ’
1613 1305 1727 1363 ὅμως

250 1378 404 1435 μεταξὺ
423 1378 580 1436 ἀμφοῖν
611 1378 881 1434 βουλομένων
901 1379 1179 1435 προσίσταντο
1210 1378 1264 1422 τὰ
1290 1378 1460 1437 ἐνέχυρα
1481 1376 1585 1436 ἅπερ
1607 1372 1728 1434 φθά-

251 1465 328 1499 σας
349 1447 545 1502 βασιλεῦς
562 1447 605 1489 ἐκ
626 1450 852 1490 Βενετικῶν
884 1451 960 1502 τῆς
987 1445 1283 1503 πυρπολήσεως
1311 1438 1724 1504 ἵνεκαπροσαφῄρει,

197 1523 231 1559 Ε
259 1515 285 1560 ἃ
304 1518 445 1560 ἕκεΐνοι
473 1517 549 1571 μὲν
572 1513 758 1580 ἀπῄτουν
783 1517 852 1559 καὶ
883 1514 1015 1566 οὕτως
1040 1516 1196 1572 ἤθελον
1219 1518 1438 1572 δέχεσθαι,
1471 1514 1666 1571 βασιλεὺς
1683 1513 1730 1556 δὲ

252 1583 455 1645 περιεώρα
472 1585 540 1628 καὶ
561 1581 617 1634 ὥς
640 1585 809 1628 δικαίων
830 1587 914 1628 τῶν
942 1583 1255 1644 ἀφαιρεθέντων
1274 1585 1492 1641 ἀντείχετο.
1563 1587 1727 1628 Βενετι-
1737 1596 1784 1631 20

341 1706 376 1741 9.
399 1707 480 1752 post
502 1703 627 1748 δόσεις
650 1705 740 1741 adde
761 1705 825 1743 καὶ
846 1707 902 1742 vel
925 1706 990 1743 καί
1012 1719 1064 1753 γε.

252 1812 490 1846 occurrentem
513 1808 677 1852 salutare,
698 1809 759 1845 sed
783 1809 827 1844 ad
850 1810 995 1856 primum
1018 1809 1092 1845 eius
1114 1812 1331 1856 conspectum
1354 1809 1512 1845 desiliens
1535 1812 1572 1844 et
1590 1808 1626 1844 in
1648 1819 1729 1855 spe-

252 1856 338 1891 ciem
369 1855 599 1891 venerationis
629 1855 767 1891 infimae
796 1857 1000 1901 submissus,
1031 1856 1239 1902 ,imperatori
1278 1856 1429 1891 debitum
1461 1856 1621 1891 honorem
1653 1856 1729 1890 eius

252 1902 360 1948 proli,
385 1902 603 1948 quantumvis
625 1914 708 1938 snae
730 1914 897 1949 sponsae,
920 1902 1138 1938 deferendum
1162 1907 1283 1945 ratus,
1305 1903 1487 1949 potiusque
1510 1901 1730 1937 consideran-

251 1949 333 1983 dum
366 1954 587 1994 augustorum
618 1949 782 1984 natalium
810 1949 1023 1995 splendorem
1053 1961 1155 1995 quam
1179 1949 1404 1984 conditionem
1425 1948 1565 1991 uxoris,
1594 1946 1730 1982 ratione

256 1995 354 2029 cuius
379 1995 444 2029 sibi
467 2000 569 2038 esset,
592 2000 633 2030 ut
654 1995 741 2038 viro,
763 1995 839 2030 iure
861 1995 1025 2030 subiecta.
1071 1995 1130 2040 (5)
1152 2000 1234 2030 tunc
1256 1995 1360 2030 etiam
1394 1995 1581 2042 imperator
1603 1993 1728 2028 etalem

254 2041 290 2074 in
314 2040 485 2076 civitatem
500 2041 777 2077 Thessalonicam
800 2042 979 2088 splendide
999 2042 1168 2076 invectum
1191 2041 1367 2088 exquisitis
1387 2041 1509 2076 affecit
1531 2039 1731 2083 honoribus,

257 2087 354 2121 donis
379 2092 415 2121 et
437 2088 526 2122 omni
548 2088 798 2133 significatione
819 2088 1079 2124 benevolentiae
1110 2099 1172 2134 per
1195 2089 1268 2123 dies
1289 2088 1421 2135 aliquot
1442 2088 1619 2133 dignatus,
1647 2096 1731 2131 pro-

257 2144 356 2167 ceres
389 2145 523 2179 quoque
555 2134 735 2170 comitatus
765 2135 856 2170 illius
889 2139 1086 2170 muneratus
1120 2135 1222 2180 plane
1254 2134 1359 2179 regie.
1423 2134 1552 2168 dimisit
1585 2131 1729 2167 eundem

257 2184 378 2224 postea
399 2182 506 2215 multa
529 2181 673 2235 pecunia
694 2181 865 2216 donatum.
913 2181 994 2228 quin
1017 2184 1053 2215 et
1081 2181 1215 2215 auxiliis
1242 2181 1353 2227 ipsum
1382 2183 1583 2226 prosecutus
1602 2176 1730 2212 milita-

258 2225 354 2258 ribus
379 2230 450 2267 est,
481 2228 605 2272 quibus
628 2228 719 2262 tueri
749 2238 787 2262 se
816 2239 838 2262 a
870 2227 905 2262 vi
935 2232 972 2262 et
994 2227 1127 2263 insidiis
1148 2227 1268 2262 fratris
1289 2225 1456 2273 Stephani
1476 2226 1606 2271 posset.
1650 2233 1730 2257 nam

260 2270 455 2315 Stephanus
477 2284 671 2317 germanum
695 2273 837 2309 audiens
858 2274 997 2309 firmare
1019 2284 1076 2309 res
1099 2285 1179 2309 suas
1201 2273 1372 2308 affinitate
1401 2269 1639 2317 imperatoris,
1669 2279 1730 2303 su-

257 2316 411 2362 spicatus
433 2317 468 2351 id
492 2319 582 2364 quod
606 2324 702 2362 erat,
737 2332 779 2355 ea
811 2321 986 2366 praesidia
1008 2325 1129 2355 contra
1155 2331 1194 2355 se
1216 2318 1352 2366 parari,
1382 2322 1420 2352 et
1441 2321 1603 2362 reputans
1624 2315 1730 2350 multo

257 2362 380 2396 deinde
402 2362 619 2399 infirmiorem
642 2369 768 2401 statum
791 2378 887 2401 suum
911 2371 947 2401 et
969 2377 1048 2412 spes
1069 2366 1215 2401 filiorum
1237 2367 1332 2407 fore,
1354 2363 1413 2398 ubi
1435 2363 1575 2397 foedere
1597 2361 1665 2395 isto
1687 2371 1730 2396 ac

256 2408 383 2454 nuptiis
405 2409 512 2443 frater
535 2411 606 2444 eius
628 2411 869 2458 imperatorias
895 2412 958 2446 sibi
982 2423 1065 2459 opes
1095 2411 1325 2452 adiunxisset,
1358 2409 1511 2444 delectus
1538 2408 1666 2443 habere
1689 2417 1732 2442 ae

256 2465 390 2509 manum
414 2466 538 2500 cogere
560 2463 742 2503 coeperat,
773 2458 862 2493 haud
895 2457 998 2492 dubie
1019 2458 1243 2504 irruptionem
1265 2456 1412 2500 minans,
1444 2454 1510 2490 nisi
1533 2459 1626 2489 metu
1649 2464 1732 2500 snp-

256 2507 367 2547 petias
390 2502 636 2537 accurrentium
659 2504 792 2550 imperii
813 2503 986 2549 copiarum
1009 2507 1238 2539 coerceretur.
1719 2542 1731 2552 ·

348 2547 381 2582 6.
430 2548 485 2581 Ea
507 2547 582 2582 vice
604 2561 739 2594 rerum,
771 2550 950 2585 occasione
972 2549 1210 2584 commorantis
1233 2548 1269 2583 in
1290 2546 1415 2583 vicinia
1435 2543 1657 2592 imperatoris
1676 2554 1733 2579 us!

258 2592 385 2627 Veneti
418 2592 586 2638 legatione
618 2596 662 2629 ad
686 2608 762 2631 eum
785 2596 957 2631 destinata
977 2596 1134 2630 renovari
1164 2606 1283 2642 pacem
1306 2605 1380 2629 cum
1404 2593 1565 2628 Romanis
1587 2591 1732 2638 petiere.

258 2649 322 2672 nec
345 2638 553 2674 abhorrebat
576 2652 597 2674 a
620 2643 843 2678 conventione
864 2645 1057 2687 Augustus,
1088 2641 1152 2676 nisi
1183 2640 1431 2675 conditionibus
1453 2638 1626 2684 utrimque
1649 2647 1732 2683 pro-

255 2684 378 2764 plositis
402 2696 528 2720 moram
550 2688 687 2732 negotio
709 2688 870 2723 iniiceret
891 2687 1141 2735 oppigneretio,
1165 2687 1209 2722 de
1230 2698 1300 2732 qua
1321 2685 1476 2728 diximus,
1498 2685 1663 2719 bonorum
1686 2681 1732 2729 nd

289 2734 409 2766 enetos
430 2731 525 2766 urbis
541 2732 854 2780 Constantinopolis
878 2733 1060 2781 inquilinos
1081 2733 1336 2780 pertinentium,
1360 2731 1467 2766 donec
1489 2731 1593 2765 multe
1619 2730 1732 2764 solve-

255 2781 355 2810 retur
375 2777 520 2813 Venetis
540 2778 686 2814 incendii
708 2781 858 2816 Galatae
881 2780 1078 2816 auctoribus
1099 2779 1238 2815 indicta.
1282 2779 1350 2813 ista
1371 2778 1517 2824 pignora
1539 2775 1613 2811 suis
1633 2772 1734 2809 reddi

257 2824 463 2869 multamque
484 2825 615 2861 remitti
638 2826 760 2863 Veneti
794 2828 1002 2873 poscebant,
1036 2838 1101 2862 nec
1122 2825 1220 2862 aliter
1242 2825 1278 2860 in
1299 2825 1422 2860 foedus
1447 2825 1671 2859 conventuros
1690 2830 1733 2855 se
