1858 3126
499 183 601 226 LIB.
619 181 690 227 111.
748 177 1224 223 CHRONOLOGICUS.
1482 174 1576 220 841

171 289 251 351 ἓξὲξ
288 289 451 350 ssgfflffi‘l’l
475 286 637 348 ωιξιῐζῃῧο·
681 288 894 327 deductore
920 285 1117 325 curiosius
1147 297 1264 335 quam
1287 295 1378 322 suae
1402 282 1580 333 dignitati

684 343 932 389 conveniret,
959 341 1167 392 Atramytii
1197 346 1318 378 noctu
1348 353 1368 376 a
1394 339 1582 376 comitatu

681 413 721 438 se
749 399 959 449 abiungens
985 397 1085 447 fugit
1111 397 1160 434 ad
1187 397 1342 442 Persas,
1370 400 1410 431 et
1439 393 1581 431 horum

681 455 829 493 auxilio
844 454 1046 492 Amurium
1063 456 1275 504 oppugnat.
1329 450 1356 490 l.
1375 448 1401 489 4
1421 463 1456 487 c.
1476 448 1541 490 25.

734 521 834 560 Filia
865 520 947 558 eius
978 519 1021 557 iu
1056 518 1153 556 urbe
1182 518 1293 556 obses
1320 522 1470 556 retenta
1498 514 1584 552 illic

682 577 882 616 educatur.
936 575 966 614 l.
981 579 1007 616 7
1025 588 1057 613 c.
1077 577 1146 615 22.

733 709 819 748 Hoc
838 721 940 746 anno
960 706 1209 745 Andronicus
1224 705 1435 756 imperator
1451 709 1582 741 natam
1605 706 1632 740 P
1654 706 1722 739 610

681 764 756 803 sibi
781 763 900 802 filiam
913 793 925 812 ,
954 769 1129 800 metuens
1150 775 1199 799 ne
1218 774 1300 798 non
1322 760 1452 798 vitalis
1473 765 1583 808 esset,

680 819 786 871 quod
803 825 884 857 erat
902 817 1102 869 aliquoties
1121 822 1305 868 expertus
1325 815 1522 853 infelicem
1542 814 1584 852 in

678 875 835 915 seminis
857 873 992 912 uxoris
1016 879 1193 924 partum,
1222 871 1487 922 superstitiosa
1515 884 1583 907 ce-

677 930 844 970 rimonia
874 928 1121 981 praemunire
1145 927 1292 965 studuit
1321 927 1368 963 ab
1398 925 1583 964 eiusmodi

679 985 874 1038 periculo,
903 983 1140 1021 Simonidem
1172 996 1254 1020 eam
1279 995 1423 1019 vocans
1441 995 1490 1019 ex
1506 994 1583 1019 oc—

681 1042 835 1080 casione
853 1039 980 1078 eventi
998 1038 1157 1076 narrati.
1212 1038 1241 1076 l.
1260 1040 1285 1078 3
1309 1050 1342 1076 c.
1361 1040 1428 1078 32.

733 1106 916 1146 Nicolaus
935 1105 991 1143 IV
1014 1106 1209 1143 Romanus
1239 1103 1417 1152 pontifex
1440 1103 1583 1140 Romae

679 1162 846 1201 moritur
865 1160 968 1199 circa
986 1161 1128 1199 festum
1147 1158 1328 1207 Paschae,
1357 1158 1461 1209 quod
1478 1157 1582 1195 inci-

680 1219 739 1256 dit
763 1218 834 1256 illo
867 1230 969 1254 anno
1001 1215 1208 1261 bissextili,
1257 1213 1359 1264 cycli
1390 1213 1483 1250 solis
1518 1216 1582 1262 13,

678 1275 794 1311 lunae
824 1276 874 1320 1,
919 1272 963 1308 in
1002 1278 1154 1308 sextum
1190 1269 1356 1320 Aprilis,
1401 1282 1489 1306 cum
1517 1268 1583 1304 in-

681 1329 856 1366 choasset
883 1340 1025 1364 annum
1063 1324 1316 1376 pontificatus
1351 1323 1528 1374 quintum
1562 1337 1584 1360 a

680 1387 735 1425 22
756 1382 975 1427 Februarii,
1007 1381 1163 1418 circiter
1183 1393 1253 1431 per
1273 1378 1582 1430 sesquimensem.

678 1438 833 1477 vacavit
849 1437 957 1475 sedes
972 1437 1088 1486 longo
1110 1442 1296 1486 tempore.

734 1503 985 1542 Andronicus
1009 1503 1222 1553 imperator
1254 1499 1588 1551 Constantinopo-

680 1560 750 1598 lim
775 1559 899 1606 redit‚
937 1558 1098 1595 fratrem
1130 1555 1427 1594 Constantinum
1457 1555 1501 1592 in
1529 1555 1586 1592 le.-

681 1616 781 1653 ctica
806 1613 993 1652 clathrata
1017 1625 1149 1650 secum
1183 1612 1355 1656 ducens,
1384 1616 1421 1647 et
1440 1610 1496 1647 sic
1514 1624 1586 1647 ur-

679 1670 765 1708 bem
784 1669 1002 1720 ingreditur
1019 1667 1080 1705 die
1101 1669 1155 1709 28
1173 1667 1287 1707 Iunii.
1343 1666 1371 1703 1.
1387 1668 1414 1705 2
1436 1678 1471 1705 c.
1492 1669 1558 1706 20.

733 1726 871 1774 Magna
888 1723 1192 1762 exardescente
1180 1736 1222 1759 in
1242 1719 1495 1758 Athanasium
1513 1733 1584 1769 pa—

680 1779 891 1818 triarcham
919 1778 1067 1816 invidia
1096 1777 1145 1814 ob
1174 1778 1298 1814 ferum
1318 1775 1400 1812 eius
1416 1773 1582 1823 rigorem

682 1841 722 1873 et
739 1835 963 1872 immanium
987 1833 1067 1870 eius
1089 1832 1355 1868 ministrorum
1380 1841 1512 1866 saevas
1540 1828 1583 1864 in

681 1889 840 1940 quosvis
857 1887 1123 1937 grassationes,
1145 1883 1412 1922 ecclesiasticis
1431 1895 1474 1920 ea
1491 1896 1581 1920 cau-

680 1957 722 1981 sa
740 1956 781 1981 se
798 1942 845 1980 ab
862 1942 932 1978 illo
953 1940 1266 1978 abscindentibus
1292 1938 1464 1988 graviter
1491 1950 1581 1975 suc-

681 2004 822 2037 censet.
877 1995 973 2033 ibid.

735 2051 939 2089 Theodoro
970 2047 1166 2086 Muzaloni
1191 2048 1307 2097 longo
1343 2046 1478 2083 morbo
1506 2046 1581 2084 de-

682 2106 877 2145 cumbenti
899 2104 1129 2142 substituere
1147 2103 1359 2152 imperator
1377 2100 1515 2151 incipit
1539 2101 1582 2138 in

683 2175 776 2199 cura
806 2159 989 2210 primaria
1023 2158 1301 2209 principalium
1337 2156 1580 2206 negotiorum

683 2215 944 2266 Nicephorum
963 2213 1191 2251 Chumnum.
1248 2211 1341 2251 ibid.

738 2272 953 2322 Imperator
977 2268 1096 2305 filiam
1125 2266 1340 2305 Muzalonis
1369 2263 1481 2302 fratri
1510 2277 1582 2302 suo

685 2326 890 2364 Theodoro
926 2322 1157 2374 despondet;
1198 2328 1236 2359 et
1267 2321 1314 2358 iis
1340 2319 1584 2371 sponsalibus

687 2381 822 2419 solutis
851 2379 899 2416 ob
929 2377 1206 2429 deprehensum
1229 2376 1271 2413 in
1295 2376 1424 2427 puella
1447 2387 1496 2412 ex
1513 2375 1586 2411 in-

688 2442 799 2474 cestu
823 2439 1056 2486 praegnante
1083 2431 1225 2469 vitium
1252 2431 1411 2468 eandem
1437 2429 1584 2467 nihilo-

687 2490 814 2529 minus
838 2489 1092 2527 Constantino
1117 2485 1278 2538 proprio
1297 2485 1380 2524 filio
1403 2497 1586 2536 sponsam

689 2546 869 2587 destinat.
922 2543 951 2583 l.
969 2546 996 2583 2
1017 2555 1050 2580 c.
1066 2544 1133 2583 26.

742 2601 849 2639 Idem
890 2599 967 2648 Sop
970 2596 1126 2635 honiam
1164 2592 1508 2633 hieromonachum
1543 2591 1585 2628 in

689 2655 867 2708 Apuliam
895 2653 1051 2691 mittens
1081 2651 1132 2688 ad
1162 2650 1215 2687 ibi
1242 2648 1487 2687 tractandum
1515 2646 1585 2683 filii

690 2712 751 2749 sui
785 2708 981 2749 Michaelis
1015 2705 1304 2744 matrimonium
1346 2716 1434 2740 cum
1470 2707 1586 2752 nepte

689 2764 871 2805 Balduini
895 2763 990 2801 olim
1016 2759 1283 2813 imperatoris,
1315 2764 1403 2795 nata
1431 2769 1479 2796 ex
1505 2756 1584 2794 filia
