<?xml version="1.0" encoding="UTF-8"?>
<!DOCTYPE html PUBLIC "-//W3C//DTD XHTML 1.0 Transitional//EN"
    "http://www.w3.org/TR/xhtml1/DTD/xhtml1-transitional.dtd">
<html xmlns="http://www.w3.org/1999/xhtml" xml:lang="en" lang="en">
 <head>
  <title>
</title>
<meta http-equiv="Content-Type" content="text/html;charset=utf-8" />
  <meta name='ocr-system' content='tesseract 3.04.00' />
  <meta name='ocr-capabilities' content='ocr_page ocr_carea ocr_par ocr_line ocrx_word'/>
</head>
<body>
  <div class='ocr_page' id='page_1' title='image "./corpusscriptorum18niebuoft_0660.png"; bbox 0 0 1858 3126; ppageno 0'>
   <div class='ocr_carea' id='block_1_1' title="bbox 316 169 1347 219">
    <p class='ocr_par' dir='ltr' id='par_1_1' title="bbox 316 169 1347 219">
     <span class='ocr_line' id='line_1_1' title="bbox 316 169 1347 219; baseline -0.005 0"><span class='ocrx_word' id='word_1_1' title='bbox 316 170 415 219; x_wconf 82' lang='lat'>644</span> <span class='ocrx_word' id='word_1_2' title='bbox 734 169 968 213; x_wconf 92' lang='lat' dir='ltr'>GEORGII</span> <span class='ocrx_word' id='word_1_3' title='bbox 1000 169 1347 214; x_wconf 80' lang='lat' dir='ltr'><strong>PACHYMERIS</strong></span> 
     </span>
    </p>
   </div>
   <div class='ocr_carea' id='block_1_2' title="bbox 268 279 1829 2748">
    <p class='ocr_par' dir='ltr' id='par_1_2' title="bbox 268 279 1829 2748">
     <span class='ocr_line' id='line_1_2' title="bbox 318 279 1760 340; baseline -0.001 -14"><span class='ocrx_word' id='word_1_4' title='bbox 318 284 343 340; x_wconf 77' lang='grc' dir='ltr'><em>ἦ</em></span> <span class='ocrx_word' id='word_1_5' title='bbox 363 280 474 334; x_wconf 81' lang='grc' dir='ltr'><strong><em>τάξις</em></strong></span> <span class='ocrx_word' id='word_1_6' title='bbox 494 285 566 337; x_wconf 85' lang='grc' dir='ltr'>τῆς</span> <span class='ocrx_word' id='word_1_7' title='bbox 597 282 808 338; x_wconf 73' lang='grc' dir='ltr'><strong><em>ἐκκλησίας</em></strong></span> <span class='ocrx_word' id='word_1_8' title='bbox 834 283 900 325; x_wconf 79' lang='grc' dir='ltr'><strong><em>καὶ</em></strong></span> <span class='ocrx_word' id='word_1_9' title='bbox 929 286 1003 325; x_wconf 81' lang='grc' dir='ltr'>τοῦ</span> <span class='ocrx_word' id='word_1_10' title='bbox 1037 279 1187 339; x_wconf 79' lang='grc' dir='ltr'><strong><em>κλήρου</em></strong></span> <span class='ocrx_word' id='word_1_11' title='bbox 1202 315 1214 334; x_wconf 94' lang='grc'><strong><em>,</em></strong></span> <span class='ocrx_word' id='word_1_12' title='bbox 1248 280 1299 337; x_wconf 74' lang='grc' dir='ltr'>ἣν</span> <span class='ocrx_word' id='word_1_13' title='bbox 1319 279 1432 335; x_wconf 73' lang='grc' dir='ltr'><strong><em>ἡμεῖς</em></strong></span> <span class='ocrx_word' id='word_1_14' title='bbox 1456 283 1512 333; x_wconf 82' lang='grc' dir='ltr'>εἲς</span> <span class='ocrx_word' id='word_1_15' title='bbox 1529 283 1577 327; x_wconf 79' lang='grc' dir='ltr'>τὸ</span> <span class='ocrx_word' id='word_1_16' title='bbox 1599 281 1760 340; x_wconf 67' lang='grc' dir='ltr'><strong><em>ἀκριβὲς</em></strong></span> 
     </span>
     <span class='ocr_line' id='line_1_3' title="bbox 321 347 1761 407; baseline -0.001 -13"><span class='ocrx_word' id='word_1_17' title='bbox 321 349 493 402; x_wconf 79' lang='grc' dir='ltr'><strong><em>εῗδότες,</em></strong></span> <span class='ocrx_word' id='word_1_18' title='bbox 526 348 655 407; x_wconf 81' lang='grc' dir='ltr'><strong><em>ταύτῃ</em></strong></span> <span class='ocrx_word' id='word_1_19' title='bbox 676 349 981 406; x_wconf 74' lang='grc' dir='ltr'><strong><em>ἐνιγηράσαμεν.</em></strong></span> <span class='ocrx_word' id='word_1_20' title='bbox 1051 352 1118 393; x_wconf 82' lang='grc' dir='ltr'><strong><em>καὶ</em></strong></span> <span class='ocrx_word' id='word_1_21' title='bbox 1137 349 1241 392; x_wconf 79' lang='grc' dir='ltr'><strong><em>καθ’</em></strong></span> <span class='ocrx_word' id='word_1_22' title='bbox 1266 347 1440 404; x_wconf 72' lang='grc' dir='ltr'><strong><em>ἑκάστην</em></strong></span> <span class='ocrx_word' id='word_1_23' title='bbox 1458 347 1573 393; x_wconf 73' lang='grc' dir='ltr'><strong><em>ἄλλοι</em></strong></span> <span class='ocrx_word' id='word_1_24' title='bbox 1599 351 1761 394; x_wconf 72' lang='grc' dir='ltr'><strong><em>καῖἇλ-</em></strong></span> 
     </span>
     <span class='ocr_line' id='line_1_4' title="bbox 319 415 1761 475; baseline -0.001 -13"><span class='ocrx_word' id='word_1_25' title='bbox 319 425 383 462; x_wconf 90' lang='grc' dir='ltr'>λοι</span> <span class='ocrx_word' id='word_1_26' title='bbox 402 416 679 475; x_wconf 81' lang='grc' dir='ltr'><strong><em>προσήρχοντο</em></strong></span> <span class='ocrx_word' id='word_1_27' title='bbox 701 421 767 461; x_wconf 77' lang='grc' dir='ltr'><strong><em>καὶ</em></strong></span> <span class='ocrx_word' id='word_1_28' title='bbox 784 419 1088 474; x_wconf 73' lang='grc' dir='ltr'><strong><em>προσεδέχοντο,</em></strong></span> <span class='ocrx_word' id='word_1_29' title='bbox 1126 418 1173 462; x_wconf 84' lang='grc' dir='ltr'>οὗ</span> <span class='ocrx_word' id='word_1_30' title='bbox 1193 415 1359 471; x_wconf 75' lang='grc' dir='ltr'><strong><em>μάταιοι</em></strong></span> <span class='ocrx_word' id='word_1_31' title='bbox 1380 417 1491 467; x_wconf 69' lang='grc' dir='ltr'><strong><em>ὄντες</em></strong></span> <span class='ocrx_word' id='word_1_32' title='bbox 1511 419 1575 459; x_wconf 76' lang='grc' dir='ltr'><strong><em>καὶ</em></strong></span> <span class='ocrx_word' id='word_1_33' title='bbox 1597 423 1761 474; x_wconf 78' lang='grc' dir='ltr'><strong><em>φαῦλοι,</em></strong></span> 
     </span>
     <span class='ocr_line' id='line_1_5' title="bbox 268 483 1763 540; baseline 0.001 -14"><span class='ocrx_word' id='word_1_34' title='bbox 268 494 295 526; x_wconf 86' lang='grc' dir='ltr'>Β</span> <span class='ocrx_word' id='word_1_35' title='bbox 320 486 382 531; x_wconf 78' lang='grc' dir='ltr'>ὅτι</span> <span class='ocrx_word' id='word_1_36' title='bbox 411 485 456 536; x_wconf 70' lang='grc' dir='ltr'>ἳξ</span> <span class='ocrx_word' id='word_1_37' title='bbox 478 484 736 540; x_wconf 80' lang='grc' dir='ltr'><strong><em>νομισμάτων</em></strong></span> <span class='ocrx_word' id='word_1_38' title='bbox 767 486 863 529; x_wconf 75' lang='grc' dir='ltr'><strong><em>κατ’</em></strong></span> <span class='ocrx_word' id='word_1_39' title='bbox 897 485 1078 528; x_wconf 80' lang='grc' dir='ltr'><strong><em>ἐνιαυτὸν</em></strong></span> <span class='ocrx_word' id='word_1_40' title='bbox 1104 484 1306 528; x_wconf 63' lang='grc' dir='ltr'><strong><em>δουλεύειν</em></strong></span> <span class='ocrx_word' id='word_1_41' title='bbox 1332 485 1564 540; x_wconf 73' lang='grc' dir='ltr'><strong><em>ἀπέστησαν</em></strong></span> <span class='ocrx_word' id='word_1_42' title='bbox 1574 517 1588 538; x_wconf 85' lang='grc'><strong><em>,</em></strong></span> <span class='ocrx_word' id='word_1_43' title='bbox 1626 483 1763 540; x_wconf 77' lang='grc' dir='ltr'><strong><em>οὔ’μᾶ</em></strong></span> 
     </span>
     <span class='ocr_line' id='line_1_6' title="bbox 318 545 1794 609; baseline -0.003 -10"><span class='ocrx_word' id='word_1_44' title='bbox 318 555 415 604; x_wconf 81' lang='grc' dir='ltr'><strong><em>τοὺς</em></strong></span> <span class='ocrx_word' id='word_1_45' title='bbox 437 554 567 609; x_wconf 76' lang='grc' dir='ltr'><strong><em>ἷερούς</em></strong></span> <span class='ocrx_word' id='word_1_46' title='bbox 586 551 788 608; x_wconf 76' lang='grc' dir='ltr'><strong><em>θεσμοῦς,</em></strong></span> <span class='ocrx_word' id='word_1_47' title='bbox 826 553 897 604; x_wconf 67' lang='grc' dir='ltr'>οὓς</span> <span class='ocrx_word' id='word_1_48' title='bbox 916 554 954 596; x_wconf 77' lang='grc' dir='ltr'>οἳ</span> <span class='ocrx_word' id='word_1_49' title='bbox 970 553 1137 608; x_wconf 73' lang='grc' dir='ltr'><strong><em>πατέρες</em></strong></span> <span class='ocrx_word' id='word_1_50' title='bbox 1158 554 1412 609; x_wconf 71' lang='grc' dir='ltr'><strong><em>παρέδοσαν*</em></strong></span> <span class='ocrx_word' id='word_1_51' title='bbox 1447 552 1550 594; x_wconf 77' lang='grc' dir='ltr'><strong><em>ἀλλὰ</em></strong></span> <span class='ocrx_word' id='word_1_52' title='bbox 1576 556 1627 609; x_wconf 84' lang='grc' dir='ltr'>τῇ</span> <span class='ocrx_word' id='word_1_53' title='bbox 1644 545 1794 608; x_wconf 60' lang='grc' dir='ltr'><strong><em>χάρι-ἐό</em></strong></span> 
     </span>
     <span class='ocr_line' id='line_1_7' title="bbox 319 616 1764 679; baseline -0.003 -13"><span class='ocrx_word' id='word_1_54' title='bbox 319 639 390 671; x_wconf 88' lang='grc' dir='ltr'>τος</span> <span class='ocrx_word' id='word_1_55' title='bbox 409 620 705 679; x_wconf 75' lang='grc' dir='ltr'><strong><em>φυλαττόμενοι</em></strong></span> <span class='ocrx_word' id='word_1_56' title='bbox 725 619 890 675; x_wconf 74' lang='grc' dir='ltr'><strong><em>δυνάμει</em></strong></span> <span class='ocrx_word' id='word_1_57' title='bbox 915 619 1060 671; x_wconf 82' lang='grc' dir='ltr'><strong><em>πάντες</em></strong></span> <span class='ocrx_word' id='word_1_58' title='bbox 1088 622 1225 664; x_wconf 85' lang='grc' dir='ltr'><strong><em>ἐκεῖνοι</em></strong></span> <span class='ocrx_word' id='word_1_59' title='bbox 1250 622 1315 663; x_wconf 82' lang='grc' dir='ltr'><strong><em>καὶ</em></strong></span> <span class='ocrx_word' id='word_1_60' title='bbox 1335 616 1580 676; x_wconf 77' lang='grc' dir='ltr'><strong><em>πατριάρχαι</em></strong></span> <span class='ocrx_word' id='word_1_61' title='bbox 1602 622 1668 662; x_wconf 81' lang='grc' dir='ltr'><strong><em>καὶ</em></strong></span> <span class='ocrx_word' id='word_1_62' title='bbox 1687 619 1764 676; x_wconf 80' lang='grc' dir='ltr'><strong><em>ἀρ-</em></strong></span> 
     </span>
     <span class='ocr_line' id='line_1_8' title="bbox 316 685 1764 747; baseline -0.003 -14"><span class='ocrx_word' id='word_1_63' title='bbox 316 696 459 747; x_wconf 83' lang='grc' dir='ltr'><strong><em>χιερεῖς</em></strong></span> <span class='ocrx_word' id='word_1_64' title='bbox 478 685 583 744; x_wconf 74' lang='grc' dir='ltr'><strong><em>ἦσαν</em></strong></span> <span class='ocrx_word' id='word_1_65' title='bbox 593 722 606 741; x_wconf 91' lang='grc'><strong><em>,</em></strong></span> <span class='ocrx_word' id='word_1_66' title='bbox 639 692 704 731; x_wconf 84' lang='grc' dir='ltr'><strong><em>καὶ</em></strong></span> <span class='ocrx_word' id='word_1_67' title='bbox 727 687 964 732; x_wconf 76' lang='grc' dir='ltr'><strong><em>διδάσκαλοι</em></strong></span> <span class='ocrx_word' id='word_1_68' title='bbox 991 691 1113 731; x_wconf 83' lang='grc' dir='ltr'><strong><em>κοινοὶ</em></strong></span> <span class='ocrx_word' id='word_1_69' title='bbox 1135 691 1200 731; x_wconf 81' lang='grc' dir='ltr'><strong><em>καὶ</em></strong></span> <span class='ocrx_word' id='word_1_70' title='bbox 1218 693 1431 745; x_wconf 81' lang='grc' dir='ltr'><strong><em>φωστῆρες</em></strong></span> <span class='ocrx_word' id='word_1_71' title='bbox 1447 695 1533 738; x_wconf 84' lang='grc' dir='ltr'><strong><em>τοῖς</em></strong></span> <span class='ocrx_word' id='word_1_72' title='bbox 1552 686 1764 743; x_wconf 77' lang='grc' dir='ltr'><strong><em>ἐκκλησια-</em></strong></span> 
     </span>
     <span class='ocr_line' id='line_1_9' title="bbox 318 755 1766 812; baseline -0.002 -11"><span class='ocrx_word' id='word_1_73' title='bbox 318 764 468 806; x_wconf 84' lang='grc' dir='ltr'><strong><em>στικοΐς</em></strong></span> <span class='ocrx_word' id='word_1_74' title='bbox 497 756 764 812; x_wconf 73' lang='grc' dir='ltr'><strong><em>ἐμπρέποντες</em></strong></span> <span class='ocrx_word' id='word_1_75' title='bbox 793 755 1016 811; x_wconf 80' lang='grc' dir='ltr'><strong><em>ἀξιώμασι,</em></strong></span> <span class='ocrx_word' id='word_1_76' title='bbox 1061 758 1183 809; x_wconf 81' lang='grc' dir='ltr'><strong><em>τίμιοι</em></strong></span> <span class='ocrx_word' id='word_1_77' title='bbox 1215 758 1279 798; x_wconf 79' lang='grc' dir='ltr'><strong><em>καὶ</em></strong></span> <span class='ocrx_word' id='word_1_78' title='bbox 1297 760 1506 809; x_wconf 84' lang='grc' dir='ltr'><strong><em>βασιλεῦσι</em></strong></span> <span class='ocrx_word' id='word_1_79' title='bbox 1526 757 1591 798; x_wconf 79' lang='grc' dir='ltr'><strong><em>καὶ</em></strong></span> <span class='ocrx_word' id='word_1_80' title='bbox 1613 755 1766 811; x_wconf 76' lang='grc' dir='ltr'><strong><em>ἄρχου-</em></strong></span> 
     </span>
     <span class='ocr_line' id='line_1_10' title="bbox 319 822 1769 880; baseline 0.001 -12"><span class='ocrx_word' id='word_1_81' title='bbox 319 843 406 877; x_wconf 89' lang='grc' dir='ltr'><strong><em>σιν,</em></strong></span> <span class='ocrx_word' id='word_1_82' title='bbox 442 825 596 879; x_wconf 67' lang='grc' dir='ltr'><strong><em>ἔχοντες</em></strong></span> <span class='ocrx_word' id='word_1_83' title='bbox 620 826 854 880; x_wconf 73' lang='grc' dir='ltr'><strong><em>ἐλευθερίαν</em></strong></span> <span class='ocrx_word' id='word_1_84' title='bbox 884 825 1216 880; x_wconf 77' lang='grc' dir='ltr'><strong><em>προηγουμένως,</em></strong></span> <span class='ocrx_word' id='word_1_85' title='bbox 1253 822 1307 873; x_wconf 82' lang='grc' dir='ltr'><strong><em>ὦς</em></strong></span> <span class='ocrx_word' id='word_1_86' title='bbox 1325 824 1374 878; x_wconf 81' lang='grc' dir='ltr'>δὴ</span> <span class='ocrx_word' id='word_1_87' title='bbox 1395 824 1529 867; x_wconf 79' lang='grc' dir='ltr'><strong><em>αὐτῶν</em></strong></span> <span class='ocrx_word' id='word_1_88' title='bbox 1549 823 1769 879; x_wconf 74' lang='grc' dir='ltr'><strong><em>γινομένων,</em></strong></span> 
     </span>
     <span class='ocr_line' id='line_1_11' title="bbox 318 891 1821 947; baseline -0.003 -10"><span class='ocrx_word' id='word_1_89' title='bbox 318 898 401 937; x_wconf 83' lang='grc' dir='ltr'>τῶν</span> <span class='ocrx_word' id='word_1_90' title='bbox 420 897 494 947; x_wconf 81' lang='grc' dir='ltr'>τῆς</span> <span class='ocrx_word' id='word_1_91' title='bbox 514 893 722 946; x_wconf 73' lang='grc' dir='ltr'><strong><em>ἐκκλησίας</em></strong></span> <span class='ocrx_word' id='word_1_92' title='bbox 741 891 945 936; x_wconf 77' lang='grc' dir='ltr'><strong><em>ἁπάντων.</em></strong></span> <span class='ocrx_word' id='word_1_93' title='bbox 1015 894 1080 935; x_wconf 80' lang='grc' dir='ltr'><strong><em>καὶ</em></strong></span> <span class='ocrx_word' id='word_1_94' title='bbox 1099 893 1137 934; x_wconf 75' lang='grc' dir='ltr'>οἱ</span> <span class='ocrx_word' id='word_1_95' title='bbox 1153 892 1256 935; x_wconf 80' lang='grc' dir='ltr'><strong><em>κατὰ</em></strong></span> <span class='ocrx_word' id='word_1_96' title='bbox 1276 892 1439 947; x_wconf 75' lang='grc' dir='ltr'><strong><em>καιροὺς</em></strong></span> <span class='ocrx_word' id='word_1_97' title='bbox 1456 896 1529 946; x_wconf 82' lang='grc' dir='ltr'>τῆς</span> <span class='ocrx_word' id='word_1_98' title='bbox 1554 891 1765 945; x_wconf 76' lang='grc' dir='ltr'><strong><em>ἐκκλησίας</em></strong></span> <span class='ocrx_word' id='word_1_99' title='bbox 1777 899 1821 933; x_wconf 88' lang='grc'>10</span> 
     </span>
     <span class='ocr_line' id='line_1_12' title="bbox 269 957 1763 1016; baseline 0.002 -17"><span class='ocrx_word' id='word_1_100' title='bbox 269 965 299 999; x_wconf 88' lang='lat' dir='ltr'>C</span> <span class='ocrx_word' id='word_1_101' title='bbox 326 964 650 1016; x_wconf 83' lang='grc' dir='ltr'><strong><em>προστατοῦντες</em></strong></span> <span class='ocrx_word' id='word_1_102' title='bbox 671 960 767 1010; x_wconf 68' lang='grc' dir='ltr'><strong><em>τοὺς</em></strong></span> <span class='ocrx_word' id='word_1_103' title='bbox 787 965 862 1003; x_wconf 83' lang='grc' dir='ltr'>τοῦ</span> <span class='ocrx_word' id='word_1_104' title='bbox 883 957 1032 1016; x_wconf 84' lang='grc' dir='ltr'><strong><em>κλήρου</em></strong></span> <span class='ocrx_word' id='word_1_105' title='bbox 1051 961 1152 1015; x_wconf 81' lang='grc' dir='ltr'><strong><em>με’λη</em></strong></span> <span class='ocrx_word' id='word_1_106' title='bbox 1175 960 1309 1003; x_wconf 77' lang='grc' dir='ltr'><strong><em>αὐτῶν</em></strong></span> <span class='ocrx_word' id='word_1_107' title='bbox 1329 961 1564 1015; x_wconf 81' lang='grc' dir='ltr'><strong><em>ἐλογίζοντο.</em></strong></span> <span class='ocrx_word' id='word_1_108' title='bbox 1613 963 1686 1003; x_wconf 74' lang='grc' dir='ltr'>νῦν</span> <span class='ocrx_word' id='word_1_109' title='bbox 1705 957 1763 1012; x_wconf 76' lang='grc' dir='ltr'>δέ,</span> 
     </span>
     <span class='ocr_line' id='line_1_13' title="bbox 321 1027 1759 1083; baseline -0.003 -11"><span class='ocrx_word' id='word_1_110' title='bbox 321 1029 426 1072; x_wconf 76' lang='grc' dir='ltr'><strong><em>ἀλλὰ</em></strong></span> <span class='ocrx_word' id='word_1_111' title='bbox 449 1029 493 1070; x_wconf 87' lang='grc' dir='ltr'>τί</span> <span class='ocrx_word' id='word_1_112' title='bbox 500 1047 514 1082; x_wconf 87' lang='grc'>,·</span> <span class='ocrx_word' id='word_1_113' title='bbox 544 1027 635 1069; x_wconf 77' lang='grc' dir='ltr'><strong><em>ἀλλ’</em></strong></span> <span class='ocrx_word' id='word_1_114' title='bbox 663 1028 738 1083; x_wconf 68' lang='grc' dir='ltr'><strong><em>ἔχει</em></strong></span> <span class='ocrx_word' id='word_1_115' title='bbox 768 1045 829 1078; x_wconf 91' lang='grc' dir='ltr'>τις</span> <span class='ocrx_word' id='word_1_116' title='bbox 851 1027 1159 1082; x_wconf 81' lang='grc' dir='ltr'><strong><em>προβάλλεσθαι</em></strong></span> <span class='ocrx_word' id='word_1_117' title='bbox 1181 1028 1255 1082; x_wconf 85' lang='grc' dir='ltr'>τὴν</span> <span class='ocrx_word' id='word_1_118' title='bbox 1278 1033 1350 1070; x_wconf 83' lang='grc' dir='ltr'>τοῦ</span> <span class='ocrx_word' id='word_1_119' title='bbox 1370 1032 1511 1082; x_wconf 84' lang='grc' dir='ltr'><strong><em>καιροῦ</em></strong></span> <span class='ocrx_word' id='word_1_120' title='bbox 1528 1028 1759 1079; x_wconf 80' lang='grc' dir='ltr'><strong><em>δυσκολίαν,</em></strong></span> 
     </span>
     <span class='ocr_line' id='line_1_14' title="bbox 323 1092 1765 1150; baseline -0.003 -10"><span class='ocrx_word' id='word_1_121' title='bbox 323 1095 378 1146; x_wconf 82' lang='grc' dir='ltr'><strong><em>ὥς</em></strong></span> <span class='ocrx_word' id='word_1_122' title='bbox 399 1098 465 1138; x_wconf 83' lang='grc' dir='ltr'><strong><em>καὶ</em></strong></span> <span class='ocrx_word' id='word_1_123' title='bbox 493 1092 686 1146; x_wconf 77' lang='grc' dir='ltr'><strong><em>πολλάκις</em></strong></span> <span class='ocrx_word' id='word_1_124' title='bbox 709 1094 734 1150; x_wconf 77' lang='grc' dir='ltr'><em>ἦ</em></span> <span class='ocrx_word' id='word_1_125' title='bbox 755 1094 957 1150; x_wconf 77' lang='grc' dir='ltr'><strong><em>ἇγιωσύνη</em></strong></span> <span class='ocrx_word' id='word_1_126' title='bbox 987 1112 1076 1139; x_wconf 91' lang='grc' dir='ltr'><strong><em>σου.</em></strong></span> <span class='ocrx_word' id='word_1_127' title='bbox 1144 1095 1247 1137; x_wconf 79' lang='grc' dir='ltr'><strong><em>ἀλλὰ</em></strong></span> <span class='ocrx_word' id='word_1_128' title='bbox 1263 1095 1366 1149; x_wconf 78' lang='grc' dir='ltr'><strong><em>μετὰ</em></strong></span> <span class='ocrx_word' id='word_1_129' title='bbox 1384 1094 1549 1138; x_wconf 79' lang='grc' dir='ltr'><strong><em>πάντων</em></strong></span> <span class='ocrx_word' id='word_1_130' title='bbox 1567 1099 1647 1137; x_wconf 82' lang='grc' dir='ltr'>τῶν</span> <span class='ocrx_word' id='word_1_131' title='bbox 1664 1093 1765 1136; x_wconf 81' lang='grc' dir='ltr'>Ῥω-</span> 
     </span>
     <span class='ocr_line' id='line_1_15' title="bbox 320 1160 1762 1220; baseline -0.001 -14"><span class='ocrx_word' id='word_1_132' title='bbox 320 1166 453 1220; x_wconf 88' lang='grc' dir='ltr'><strong><em>μαίων</em></strong></span> <span class='ocrx_word' id='word_1_133' title='bbox 477 1165 542 1205; x_wconf 84' lang='grc' dir='ltr'><strong><em>καὶ</em></strong></span> <span class='ocrx_word' id='word_1_134' title='bbox 563 1161 699 1218; x_wconf 73' lang='grc' dir='ltr'><strong><em>ἡμεῖς,</em></strong></span> <span class='ocrx_word' id='word_1_135' title='bbox 737 1165 802 1205; x_wconf 83' lang='grc' dir='ltr'><strong><em>καὶ</em></strong></span> <span class='ocrx_word' id='word_1_136' title='bbox 837 1163 891 1213; x_wconf 82' lang='grc' dir='ltr'><strong><em>ὥς</em></strong></span> <span class='ocrx_word' id='word_1_137' title='bbox 923 1164 1090 1213; x_wconf 69' lang='grc' dir='ltr'><strong><em>ἕκαστος</em></strong></span> <span class='ocrx_word' id='word_1_138' title='bbox 1118 1162 1253 1217; x_wconf 69' lang='grc' dir='ltr'><strong><em>ἔτυχεν</em></strong></span> <span class='ocrx_word' id='word_1_139' title='bbox 1281 1163 1380 1217; x_wconf 61' lang='grc' dir='ltr'><strong><em>ἔχων</em></strong></span> <span class='ocrx_word' id='word_1_140' title='bbox 1408 1161 1515 1206; x_wconf 75' lang='grc' dir='ltr'><strong><em>οὕτω</em></strong></span> <span class='ocrx_word' id='word_1_141' title='bbox 1539 1164 1604 1205; x_wconf 81' lang='grc' dir='ltr'><strong><em>καὶ</em></strong></span> <span class='ocrx_word' id='word_1_142' title='bbox 1625 1160 1762 1216; x_wconf 79' lang='grc' dir='ltr'><strong><em>ἡμεῖς·</em></strong></span> 
     </span>
     <span class='ocr_line' id='line_1_16' title="bbox 325 1228 1820 1287; baseline -0.003 -13"><span class='ocrx_word' id='word_1_143' title='bbox 325 1232 429 1274; x_wconf 76' lang='grc' dir='ltr'><strong><em>ἀλλὰ</em></strong></span> <span class='ocrx_word' id='word_1_144' title='bbox 459 1229 577 1284; x_wconf 88' lang='grc' dir='ltr'><strong><em>μόνοι</em></strong></span> <span class='ocrx_word' id='word_1_145' title='bbox 595 1229 709 1285; x_wconf 68' lang='grc' dir='ltr'><strong><em>ἡμεῖς</em></strong></span> <span class='ocrx_word' id='word_1_146' title='bbox 725 1234 1014 1286; x_wconf 69' lang='grc' dir='ltr'><strong><em>δυστυχοῧμεν.</em></strong></span> <span class='ocrx_word' id='word_1_147' title='bbox 1084 1233 1151 1273; x_wconf 84' lang='grc' dir='ltr'><strong><em>καὶ</em></strong></span> <span class='ocrx_word' id='word_1_148' title='bbox 1171 1231 1246 1285; x_wconf 77' lang='grc' dir='ltr'>οὐχ</span> <span class='ocrx_word' id='word_1_149' title='bbox 1265 1230 1325 1273; x_wconf 80' lang='grc' dir='ltr'>ὅτι</span> <span class='ocrx_word' id='word_1_150' title='bbox 1348 1228 1532 1287; x_wconf 80' lang='grc' dir='ltr'><strong><em>ἇπορεῒῆ</em></strong></span> <span class='ocrx_word' id='word_1_151' title='bbox 1554 1231 1762 1285; x_wconf 83' lang='grc' dir='ltr'><strong><em>ἐκκλησία·</em></strong></span> <span class='ocrx_word' id='word_1_152' title='bbox 1777 1232 1820 1270; x_wconf 78' lang='grc'>15</span> 
     </span>
     <span class='ocr_line' id='line_1_17' title="bbox 325 1296 1765 1355; baseline -0.003 -13"><span class='ocrx_word' id='word_1_153' title='bbox 325 1299 431 1342; x_wconf 77' lang='grc' dir='ltr'><strong><em>ἀλλὰ</em></strong></span> <span class='ocrx_word' id='word_1_154' title='bbox 450 1301 516 1341; x_wconf 76' lang='grc' dir='ltr'><strong><em>καὶ</em></strong></span> <span class='ocrx_word' id='word_1_155' title='bbox 538 1299 699 1355; x_wconf 76' lang='grc' dir='ltr'><strong><em>εὐπορεῖ</em></strong></span> <span class='ocrx_word' id='word_1_156' title='bbox 708 1332 719 1351; x_wconf 87' lang='grc'><strong><em>,</em></strong></span> <span class='ocrx_word' id='word_1_157' title='bbox 760 1298 854 1343; x_wconf 85' lang='grc' dir='ltr'><strong><em>ὅσον</em></strong></span> <span class='ocrx_word' id='word_1_158' title='bbox 875 1300 1052 1353; x_wconf 73' lang='grc' dir='ltr'><strong><em>οἴδαμεν.</em></strong></span> <span class='ocrx_word' id='word_1_159' title='bbox 1121 1299 1217 1341; x_wconf 80' lang='grc' dir='ltr'><strong><em>ἀλλ’</em></strong></span> <span class='ocrx_word' id='word_1_160' title='bbox 1258 1297 1319 1341; x_wconf 83' lang='grc' dir='ltr'>ὅτι</span> <span class='ocrx_word' id='word_1_161' title='bbox 1350 1296 1638 1351; x_wconf 78' lang='grc' dir='ltr'><strong><em>ἀπαιτούμενοι</em></strong></span> <span class='ocrx_word' id='word_1_162' title='bbox 1661 1296 1765 1341; x_wconf 76' lang='grc' dir='ltr'><strong><em>κατὰ</em></strong></span> 
     </span>
     <span class='ocr_line' id='line_1_18' title="bbox 324 1363 1761 1423; baseline -0.003 -13"><span class='ocrx_word' id='word_1_163' title='bbox 324 1366 518 1422; x_wconf 80' lang='grc' dir='ltr'><strong><em>κυριακάς</em></strong></span> <span class='ocrx_word' id='word_1_164' title='bbox 551 1369 615 1408; x_wconf 81' lang='grc' dir='ltr'><strong><em>καὶ</em></strong></span> <span class='ocrx_word' id='word_1_165' title='bbox 650 1366 792 1423; x_wconf 75' lang='grc' dir='ltr'><strong><em>ἑορτὰς</em></strong></span> <span class='ocrx_word' id='word_1_166' title='bbox 821 1367 1004 1410; x_wconf 80' lang='grc' dir='ltr'><strong><em>ἀπαντᾶν</em></strong></span> <span class='ocrx_word' id='word_1_167' title='bbox 1033 1366 1134 1421; x_wconf 75' lang='grc' dir='ltr'><strong><em>μεθ’</em></strong></span> <span class='ocrx_word' id='word_1_168' title='bbox 1166 1367 1394 1420; x_wconf 79' lang='grc' dir='ltr'><strong><em>ἱματισμῶν</em></strong></span> <span class='ocrx_word' id='word_1_169' title='bbox 1424 1364 1536 1421; x_wconf 85' lang='grc' dir='ltr'><strong><em>ἧμεῖς</em></strong></span> <span class='ocrx_word' id='word_1_170' title='bbox 1564 1366 1630 1407; x_wconf 78' lang='grc' dir='ltr'><strong><em>καὶ</em></strong></span> <span class='ocrx_word' id='word_1_171' title='bbox 1659 1363 1761 1407; x_wconf 82' lang='grc' dir='ltr'><strong><em>καθ’</em></strong></span> 
     </span>
     <span class='ocr_line' id='line_1_19' title="bbox 323 1432 1766 1490; baseline -0.001 -14"><span class='ocrx_word' id='word_1_172' title='bbox 323 1434 496 1489; x_wconf 71' lang='grc' dir='ltr'><strong><em>ἑκάστην</em></strong></span> <span class='ocrx_word' id='word_1_173' title='bbox 517 1434 764 1489; x_wconf 76' lang='grc' dir='ltr'><strong><em>σχολάζομεν</em></strong></span> <span class='ocrx_word' id='word_1_174' title='bbox 783 1436 848 1477; x_wconf 79' lang='grc' dir='ltr'><strong><em>καὶ</em></strong></span> <span class='ocrx_word' id='word_1_175' title='bbox 871 1435 945 1489; x_wconf 78' lang='grc' dir='ltr'>οὐχ</span> <span class='ocrx_word' id='word_1_176' title='bbox 976 1432 1260 1490; x_wconf 75' lang='grc' dir='ltr'><strong><em>ἁμαρτάνομεν</em></strong></span> <span class='ocrx_word' id='word_1_177' title='bbox 1283 1437 1336 1483; x_wconf 76' lang='grc' dir='ltr'>εἷς</span> <span class='ocrx_word' id='word_1_178' title='bbox 1358 1440 1492 1477; x_wconf 85' lang='grc' dir='ltr'><strong><em>τοῦτο.</em></strong></span> <span class='ocrx_word' id='word_1_179' title='bbox 1541 1432 1634 1476; x_wconf 79' lang='grc' dir='ltr'><strong><em>ἀλλ’</em></strong></span> <span class='ocrx_word' id='word_1_180' title='bbox 1655 1432 1766 1486; x_wconf 80' lang='grc' dir='ltr'><strong><em>ὅμως</em></strong></span> 
     </span>
     <span class='ocr_line' id='line_1_20' title="bbox 274 1498 1766 1558; baseline -0.003 -14"><span class='ocrx_word' id='word_1_181' title='bbox 274 1503 306 1537; x_wconf 84' lang='lat' dir='ltr'>D</span> <span class='ocrx_word' id='word_1_182' title='bbox 329 1504 394 1544; x_wconf 79' lang='grc' dir='ltr'><strong><em>καὶ</em></strong></span> <span class='ocrx_word' id='word_1_183' title='bbox 425 1501 479 1550; x_wconf 78' lang='grc' dir='ltr'>εἷς</span> <span class='ocrx_word' id='word_1_184' title='bbox 506 1507 627 1543; x_wconf 84' lang='grc' dir='ltr'><strong><em>τοῦτο</em></strong></span> <span class='ocrx_word' id='word_1_185' title='bbox 661 1501 988 1557; x_wconf 72' lang='grc' dir='ltr'><strong><em>ἀπολογούμεθα.</em></strong></span> <span class='ocrx_word' id='word_1_186' title='bbox 1056 1502 1221 1557; x_wconf 71' lang='grc' dir='ltr'><strong><em>οἴδαμεν</em></strong></span> <span class='ocrx_word' id='word_1_187' title='bbox 1239 1502 1316 1558; x_wconf 78' lang='grc' dir='ltr'><strong><em>γὰρ</em></strong></span> <span class='ocrx_word' id='word_1_188' title='bbox 1338 1502 1434 1552; x_wconf 74' lang='grc' dir='ltr'><strong><em>τοὺς</em></strong></span> <span class='ocrx_word' id='word_1_189' title='bbox 1455 1501 1666 1557; x_wconf 77' lang='grc' dir='ltr'><strong><em>μεγίστους</em></strong></span> <span class='ocrx_word' id='word_1_190' title='bbox 1693 1498 1766 1541; x_wconf 75' lang='grc' dir='ltr'><strong><em>ἅν-</em></strong></span> 
     </span>
     <span class='ocr_line' id='line_1_21' title="bbox 327 1564 1821 1625; baseline -0.002 -14"><span class='ocrx_word' id='word_1_191' title='bbox 327 1572 429 1625; x_wconf 78' lang='grc' dir='ltr'><strong><em>ὃρας</em></strong></span> <span class='ocrx_word' id='word_1_192' title='bbox 450 1569 620 1617; x_wconf 76' lang='grc' dir='ltr'><strong><em>ἐκείνους</em></strong></span> <span class='ocrx_word' id='word_1_193' title='bbox 641 1570 737 1618; x_wconf 81' lang='grc' dir='ltr'><strong><em>τούς</em></strong></span> <span class='ocrx_word' id='word_1_194' title='bbox 765 1570 843 1623; x_wconf 81' lang='grc' dir='ltr'>πρὸ</span> <span class='ocrx_word' id='word_1_195' title='bbox 877 1569 1015 1624; x_wconf 80' lang='grc' dir='ltr'><strong><em>ἡμῶν,</em></strong></span> <span class='ocrx_word' id='word_1_196' title='bbox 1051 1564 1107 1611; x_wconf 79' lang='grc' dir='ltr'>ὧν</span> <span class='ocrx_word' id='word_1_197' title='bbox 1128 1572 1193 1611; x_wconf 80' lang='grc' dir='ltr'><strong><em>καὶ</em></strong></span> <span class='ocrx_word' id='word_1_198' title='bbox 1216 1570 1312 1619; x_wconf 77' lang='grc' dir='ltr'><strong><em>τοὺς</em></strong></span> <span class='ocrx_word' id='word_1_199' title='bbox 1331 1567 1479 1618; x_wconf 83' lang='grc' dir='ltr'><strong><em>τόπους</em></strong></span> <span class='ocrx_word' id='word_1_200' title='bbox 1499 1567 1612 1623; x_wconf 77' lang='grc' dir='ltr'><strong><em>ἡμεῖς</em></strong></span> <span class='ocrx_word' id='word_1_201' title='bbox 1627 1564 1821 1622; x_wconf 56' lang='lat' dir='ltr'>{ww-20</span> 
     </span>
     <span class='ocr_line' id='line_1_22' title="bbox 326 1634 1765 1692; baseline -0.002 -13"><span class='ocrx_word' id='word_1_202' title='bbox 326 1654 475 1690; x_wconf 82' lang='grc' dir='ltr'><strong><em>σαμεν,</em></strong></span> <span class='ocrx_word' id='word_1_203' title='bbox 507 1634 569 1677; x_wconf 82' lang='grc' dir='ltr'>ὅτι</span> <span class='ocrx_word' id='word_1_204' title='bbox 589 1635 689 1678; x_wconf 76' lang='grc' dir='ltr'><strong><em>οἴκοι</em></strong></span> <span class='ocrx_word' id='word_1_205' title='bbox 709 1637 831 1686; x_wconf 75' lang='grc' dir='ltr'><strong><em>ναοὺς</em></strong></span> <span class='ocrx_word' id='word_1_206' title='bbox 850 1637 1003 1690; x_wconf 64' lang='grc' dir='ltr'><strong><em>ἔχοντες</em></strong></span> <span class='ocrx_word' id='word_1_207' title='bbox 1025 1638 1089 1678; x_wconf 82' lang='grc' dir='ltr'><strong><em>καὶ</em></strong></span> <span class='ocrx_word' id='word_1_208' title='bbox 1111 1637 1224 1692; x_wconf 80' lang='grc' dir='ltr'><strong><em>ἱερεῖς</em></strong></span> <span class='ocrx_word' id='word_1_209' title='bbox 1246 1637 1296 1678; x_wconf 78' lang='grc' dir='ltr'>τὰ</span> <span class='ocrx_word' id='word_1_210' title='bbox 1330 1641 1401 1690; x_wconf 85' lang='grc' dir='ltr'>τῆς</span> <span class='ocrx_word' id='word_1_211' title='bbox 1422 1636 1670 1684; x_wconf 75' lang='grc' dir='ltr'><strong><em>ἀκολουθίας</em></strong></span> <span class='ocrx_word' id='word_1_212' title='bbox 1687 1634 1765 1677; x_wconf 81' lang='grc' dir='ltr'><strong><em>αὖ-</em></strong></span> 
     </span>
     <span class='ocr_line' id='line_1_23' title="bbox 325 1700 1765 1759; baseline -0.003 -11"><span class='ocrx_word' id='word_1_213' title='bbox 325 1709 406 1748; x_wconf 81' lang='grc' dir='ltr'>τῶν</span> <span class='ocrx_word' id='word_1_214' title='bbox 427 1704 649 1757; x_wconf 77' lang='grc' dir='ltr'><strong><em>ἐξετὲλουν,</em></strong></span> <span class='ocrx_word' id='word_1_215' title='bbox 682 1703 894 1758; x_wconf 75' lang='grc' dir='ltr'><strong><em>ἐσχόλαζον</em></strong></span> <span class='ocrx_word' id='word_1_216' title='bbox 919 1705 962 1747; x_wconf 77' lang='grc' dir='ltr'>δὲ</span> <span class='ocrx_word' id='word_1_217' title='bbox 981 1706 1046 1746; x_wconf 85' lang='grc' dir='ltr'><strong><em>καὶ</em></strong></span> <span class='ocrx_word' id='word_1_218' title='bbox 1068 1706 1123 1754; x_wconf 79' lang='grc' dir='ltr'>εἷς</span> <span class='ocrx_word' id='word_1_219' title='bbox 1142 1704 1215 1759; x_wconf 82' lang='grc' dir='ltr'>τὴν</span> <span class='ocrx_word' id='word_1_220' title='bbox 1233 1705 1443 1759; x_wconf 85' lang='grc' dir='ltr'><strong><em>ἐκκλησίαν</em></strong></span> <span class='ocrx_word' id='word_1_221' title='bbox 1463 1707 1536 1746; x_wconf 84' lang='grc' dir='ltr'>τοῦ</span> <span class='ocrx_word' id='word_1_222' title='bbox 1556 1706 1672 1756; x_wconf 81' lang='grc' dir='ltr'><strong><em>θεοῦ,</em></strong></span> <span class='ocrx_word' id='word_1_223' title='bbox 1709 1700 1765 1751; x_wconf 78' lang='grc' dir='ltr'><strong><em>ὥς</em></strong></span> 
     </span>
     <span class='ocr_line' id='line_1_24' title="bbox 327 1797 1765 1844; baseline -0.001 -10"><span class='ocrx_word' id='word_1_224' title='bbox 327 1803 363 1834; x_wconf 87' lang='lat' dir='ltr'>et</span> <span class='ocrx_word' id='word_1_225' title='bbox 386 1798 559 1833; x_wconf 56' lang='lat' dir='ltr'>ecclesiae„</span> <span class='ocrx_word' id='word_1_226' title='bbox 605 1798 658 1833; x_wconf 88' lang='lat' dir='ltr'>hic</span> <span class='ocrx_word' id='word_1_227' title='bbox 681 1799 762 1833; x_wconf 89' lang='lat' dir='ltr'>ordo</span> <span class='ocrx_word' id='word_1_228' title='bbox 786 1803 840 1833; x_wconf 90' lang='lat' dir='ltr'>est</span> <span class='ocrx_word' id='word_1_229' title='bbox 872 1799 1044 1834; x_wconf 82' lang='lat' dir='ltr'>ecciesiae.</span> <span class='ocrx_word' id='word_1_230' title='bbox 1068 1810 1109 1834; x_wconf 85' lang='lat' dir='ltr'>ac</span> <span class='ocrx_word' id='word_1_231' title='bbox 1139 1798 1242 1841; x_wconf 81' lang='lat' dir='ltr'>cieri3</span> <span class='ocrx_word' id='word_1_232' title='bbox 1271 1811 1369 1844; x_wconf 91' lang='lat' dir='ltr'>quem</span> <span class='ocrx_word' id='word_1_233' title='bbox 1398 1811 1458 1834; x_wconf 88' lang='lat' dir='ltr'>nos</span> <span class='ocrx_word' id='word_1_234' title='bbox 1479 1802 1601 1834; x_wconf 77' lang='lat' dir='ltr'>exacte</span> <span class='ocrx_word' id='word_1_235' title='bbox 1619 1797 1765 1832; x_wconf 72' lang='lat' dir='ltr'>scientes</span> 
     </span>
     <span class='ocr_line' id='line_1_25' title="bbox 328 1845 1767 1890; baseline -0.002 -11"><span class='ocrx_word' id='word_1_236' title='bbox 328 1846 364 1879; x_wconf 89' lang='lat' dir='ltr'>in</span> <span class='ocrx_word' id='word_1_237' title='bbox 386 1857 426 1879; x_wconf 90' lang='lat' dir='ltr'>eo</span> <span class='ocrx_word' id='word_1_238' title='bbox 451 1845 690 1886; x_wconf 84' lang='lat' dir='ltr'>consenuimus,</span> <span class='ocrx_word' id='word_1_239' title='bbox 714 1845 758 1878; x_wconf 85' lang='lat' dir='ltr'>ad</span> <span class='ocrx_word' id='word_1_240' title='bbox 781 1856 877 1890; x_wconf 89' lang='lat' dir='ltr'>quem</span> <span class='ocrx_word' id='word_1_241' title='bbox 900 1845 949 1879; x_wconf 88' lang='lat' dir='ltr'>uti</span> <span class='ocrx_word' id='word_1_242' title='bbox 971 1856 1046 1879; x_wconf 84' lang='lat' dir='ltr'>esse</span> <span class='ocrx_word' id='word_1_243' title='bbox 1071 1848 1234 1879; x_wconf 87' lang='lat' dir='ltr'>noverant</span> <span class='ocrx_word' id='word_1_244' title='bbox 1254 1846 1431 1879; x_wconf 86' lang='lat' dir='ltr'>tenendum</span> <span class='ocrx_word' id='word_1_245' title='bbox 1454 1849 1491 1879; x_wconf 86' lang='lat' dir='ltr'>et</span> <span class='ocrx_word' id='word_1_246' title='bbox 1516 1845 1572 1878; x_wconf 85' lang='lat' dir='ltr'>aiii</span> <span class='ocrx_word' id='word_1_247' title='bbox 1590 1854 1767 1878; x_wconf 72' lang='lat' dir='ltr'>accessere</span> 
     </span>
     <span class='ocr_line' id='line_1_26' title="bbox 328 1888 1767 1936; baseline -0.002 -12"><span class='ocrx_word' id='word_1_248' title='bbox 328 1895 554 1934; x_wconf 78' lang='lat' dir='ltr'>aggregantes</span> <span class='ocrx_word' id='word_1_249' title='bbox 575 1902 613 1924; x_wconf 89' lang='lat' dir='ltr'>se</span> <span class='ocrx_word' id='word_1_250' title='bbox 646 1891 764 1932; x_wconf 83' lang='lat' dir='ltr'>nobis,</span> <span class='ocrx_word' id='word_1_251' title='bbox 797 1902 938 1935; x_wconf 89' lang='lat' dir='ltr'>eumque</span> <span class='ocrx_word' id='word_1_252' title='bbox 971 1901 1033 1924; x_wconf 87' lang='lat' dir='ltr'>usu</span> <span class='ocrx_word' id='word_1_253' title='bbox 1057 1891 1334 1935; x_wconf 79' lang='lat' dir='ltr'><strong>comprobarunt,</strong></span> <span class='ocrx_word' id='word_1_254' title='bbox 1366 1891 1621 1936; x_wconf 77' lang='lat' dir='ltr'><strong>haudquaquam</strong></span> <span class='ocrx_word' id='word_1_255' title='bbox 1641 1888 1767 1922; x_wconf 85' lang='lat' dir='ltr'>idcirco</span> 
     </span>
     <span class='ocr_line' id='line_1_27' title="bbox 329 1936 1765 1981; baseline -0.003 -11"><span class='ocrx_word' id='word_1_256' title='bbox 329 1936 424 1971; x_wconf 80' lang='lat' dir='ltr'>stulti</span> <span class='ocrx_word' id='word_1_257' title='bbox 457 1941 492 1969; x_wconf 80' lang='lat' dir='ltr'>et</span> <span class='ocrx_word' id='word_1_258' title='bbox 522 1936 599 1969; x_wconf 80' lang='lat' dir='ltr'>mali</span> <span class='ocrx_word' id='word_1_259' title='bbox 635 1936 724 1981; x_wconf 90' lang='lat' dir='ltr'>quod</span> <span class='ocrx_word' id='word_1_260' title='bbox 756 1936 907 1969; x_wconf 82' lang='lat' dir='ltr'>mercede</span> <span class='ocrx_word' id='word_1_261' title='bbox 930 1947 989 1970; x_wconf 77' lang='lat' dir='ltr'>sex</span> <span class='ocrx_word' id='word_1_262' title='bbox 1019 1947 1191 1970; x_wconf 87' lang='lat' dir='ltr'>numorum</span> <span class='ocrx_word' id='word_1_263' title='bbox 1213 1940 1285 1969; x_wconf 87' lang='lat' dir='ltr'>toto</span> <span class='ocrx_word' id='word_1_264' title='bbox 1317 1948 1402 1970; x_wconf 77' lang='lat' dir='ltr'>anno</span> <span class='ocrx_word' id='word_1_265' title='bbox 1423 1936 1551 1970; x_wconf 84' lang='lat' dir='ltr'>servire</span> <span class='ocrx_word' id='word_1_266' title='bbox 1571 1936 1765 1969; x_wconf 70' lang='lat' dir='ltr'>abnuerent.</span> 
     </span>
     <span class='ocr_line' id='line_1_28' title="bbox 329 1978 1766 2026; baseline -0.002 -11"><span class='ocrx_word' id='word_1_267' title='bbox 329 1992 414 2022; x_wconf 83' lang='lat' dir='ltr'>non,</span> <span class='ocrx_word' id='word_1_268' title='bbox 439 1992 500 2026; x_wconf 90' lang='lat' dir='ltr'>per</span> <span class='ocrx_word' id='word_1_269' title='bbox 523 1992 639 2014; x_wconf 85' lang='lat' dir='ltr'>sacras</span> <span class='ocrx_word' id='word_1_270' title='bbox 662 1982 752 2025; x_wconf 82' lang='lat' dir='ltr'>leges</span> <span class='ocrx_word' id='word_1_271' title='bbox 774 1992 859 2026; x_wconf 88' lang='lat' dir='ltr'>quas</span> <span class='ocrx_word' id='word_1_272' title='bbox 884 1986 997 2025; x_wconf 84' lang='lat' dir='ltr'>patres</span> <span class='ocrx_word' id='word_1_273' title='bbox 1019 1982 1247 2015; x_wconf 83' lang='lat' dir='ltr'>tradiderunt:</span> <span class='ocrx_word' id='word_1_274' title='bbox 1281 1982 1340 2016; x_wconf 84' lang='lat' dir='ltr'>sed</span> <span class='ocrx_word' id='word_1_275' title='bbox 1363 1982 1495 2026; x_wconf 80' lang='lat' dir='ltr'>gratiae</span> <span class='ocrx_word' id='word_1_276' title='bbox 1517 1979 1676 2014; x_wconf 84' lang='lat' dir='ltr'>custoditi</span> <span class='ocrx_word' id='word_1_277' title='bbox 1697 1978 1766 2012; x_wconf 85' lang='lat' dir='ltr'>vir—</span> 
     </span>
     <span class='ocr_line' id='line_1_29' title="bbox 330 2026 1764 2071; baseline -0.001 -12"><span class='ocrx_word' id='word_1_278' title='bbox 330 2030 403 2060; x_wconf 83' lang='lat' dir='ltr'>tute</span> <span class='ocrx_word' id='word_1_279' title='bbox 427 2037 542 2060; x_wconf 87' lang='lat' dir='ltr'>omnes</span> <span class='ocrx_word' id='word_1_280' title='bbox 564 2026 614 2059; x_wconf 82' lang='grc' dir='ltr'>ἱΙιί</span> <span class='ocrx_word' id='word_1_281' title='bbox 639 2031 674 2059; x_wconf 86' lang='lat' dir='ltr'>et</span> <span class='ocrx_word' id='word_1_282' title='bbox 697 2027 907 2070; x_wconf 80' lang='lat' dir='ltr'>patriarchae</span> <span class='ocrx_word' id='word_1_283' title='bbox 938 2032 974 2060; x_wconf 92' lang='lat' dir='ltr'>et</span> <span class='ocrx_word' id='word_1_284' title='bbox 1002 2027 1152 2071; x_wconf 75' lang='lat' dir='ltr'>episcopi</span> <span class='ocrx_word' id='word_1_285' title='bbox 1188 2032 1305 2067; x_wconf 86' lang='lat' dir='ltr'>erant,</span> <span class='ocrx_word' id='word_1_286' title='bbox 1334 2032 1368 2061; x_wconf 88' lang='lat' dir='ltr'>et</span> <span class='ocrx_word' id='word_1_287' title='bbox 1390 2027 1540 2071; x_wconf 73' lang='lat' dir='ltr'>magistri</span> <span class='ocrx_word' id='word_1_288' title='bbox 1565 2034 1764 2066; x_wconf 84' lang='lat' dir='ltr'>communes,</span> 
     </span>
     <span class='ocr_line' id='line_1_30' title="bbox 329 2069 1767 2116; baseline -0.001 -12"><span class='ocrx_word' id='word_1_289' title='bbox 329 2076 365 2104; x_wconf 88' lang='lat' dir='ltr'>et</span> <span class='ocrx_word' id='word_1_290' title='bbox 390 2070 563 2105; x_wconf 87' lang='lat' dir='ltr'>luminaria</span> <span class='ocrx_word' id='word_1_291' title='bbox 586 2071 842 2114; x_wconf 79' lang='lat' dir='ltr'>ecclesiasticis,</span> <span class='ocrx_word' id='word_1_292' title='bbox 877 2071 987 2106; x_wconf 79' lang='lat' dir='ltr'>ornati</span> <span class='ocrx_word' id='word_1_293' title='bbox 1009 2072 1249 2116; x_wconf 77' lang='lat' dir='ltr'>dignitatibus,</span> <span class='ocrx_word' id='word_1_294' title='bbox 1277 2073 1488 2106; x_wconf 78' lang='lat' dir='ltr'>venerabiles</span> <span class='ocrx_word' id='word_1_295' title='bbox 1506 2069 1767 2116; x_wconf 69' lang='lat' dir='ltr'>imperatoribus</span> 
     </span>
     <span class='ocr_line' id='line_1_31' title="bbox 330 2113 1766 2163; baseline -0.003 -13"><span class='ocrx_word' id='word_1_296' title='bbox 330 2121 366 2150; x_wconf 85' lang='lat' dir='ltr'>et</span> <span class='ocrx_word' id='word_1_297' title='bbox 388 2116 611 2161; x_wconf 83' lang='lat' dir='ltr'>principibus,</span> <span class='ocrx_word' id='word_1_298' title='bbox 643 2117 741 2162; x_wconf 83' lang='lat' dir='ltr'>pleno</span> <span class='ocrx_word' id='word_1_299' title='bbox 765 2129 806 2150; x_wconf 88' lang='lat' dir='ltr'>ex</span> <span class='ocrx_word' id='word_1_300' title='bbox 830 2117 861 2151; x_wconf 88' lang='lat' dir='ltr'>vi</span> <span class='ocrx_word' id='word_1_301' title='bbox 883 2129 1060 2162; x_wconf 76' lang='lat' dir='ltr'>possessae</span> <span class='ocrx_word' id='word_1_302' title='bbox 1083 2117 1260 2163; x_wconf 81' lang='lat' dir='ltr'>potestatis</span> <span class='ocrx_word' id='word_1_303' title='bbox 1282 2117 1355 2151; x_wconf 87' lang='lat' dir='ltr'>iure</span> <span class='ocrx_word' id='word_1_304' title='bbox 1375 2117 1521 2162; x_wconf 86' lang='lat' dir='ltr'>praediti</span> <span class='ocrx_word' id='word_1_305' title='bbox 1542 2113 1766 2150; x_wconf 81' lang='lat' dir='ltr'>constituendi</span> 
     </span>
     <span class='ocr_line' id='line_1_32' title="bbox 328 2161 1765 2207; baseline -0.001 -13"><span class='ocrx_word' id='word_1_306' title='bbox 328 2173 389 2207; x_wconf 87' lang='lat' dir='ltr'>pro</span> <span class='ocrx_word' id='word_1_307' title='bbox 413 2161 507 2195; x_wconf 77' lang='lat' dir='ltr'>libito</span> <span class='ocrx_word' id='word_1_308' title='bbox 532 2161 574 2195; x_wconf 88' lang='lat' dir='ltr'>de</span> <span class='ocrx_word' id='word_1_309' title='bbox 596 2163 695 2196; x_wconf 86' lang='lat' dir='ltr'>rebus</span> <span class='ocrx_word' id='word_1_310' title='bbox 719 2166 754 2196; x_wconf 91' lang='lat' dir='ltr'>et</span> <span class='ocrx_word' id='word_1_311' title='bbox 776 2163 924 2207; x_wconf 86' lang='lat' dir='ltr'>personis</span> <span class='ocrx_word' id='word_1_312' title='bbox 948 2163 1133 2200; x_wconf 76' lang='lat' dir='ltr'>ecciesiae,</span> <span class='ocrx_word' id='word_1_313' title='bbox 1169 2163 1296 2196; x_wconf 88' lang='lat' dir='ltr'>cunctis</span> <span class='ocrx_word' id='word_1_314' title='bbox 1319 2175 1361 2197; x_wconf 81' lang='lat' dir='ltr'>ex</span> <span class='ocrx_word' id='word_1_315' title='bbox 1380 2174 1494 2197; x_wconf 89' lang='lat' dir='ltr'>eorum</span> <span class='ocrx_word' id='word_1_316' title='bbox 1516 2161 1656 2195; x_wconf 83' lang='lat' dir='ltr'>arbitrio</span> <span class='ocrx_word' id='word_1_317' title='bbox 1679 2170 1765 2203; x_wconf 85' lang='lat' dir='ltr'>pen-</span> 
     </span>
     <span class='ocr_line' id='line_1_33' title="bbox 330 2203 1764 2253; baseline -0.003 -13"><span class='ocrx_word' id='word_1_318' title='bbox 330 2206 496 2240; x_wconf 73' lang='lat' dir='ltr'>dentibus.</span> <span class='ocrx_word' id='word_1_319' title='bbox 542 2212 577 2240; x_wconf 90' lang='lat' dir='ltr'>et</span> <span class='ocrx_word' id='word_1_320' title='bbox 599 2207 656 2252; x_wconf 88' lang='lat' dir='ltr'>qui</span> <span class='ocrx_word' id='word_1_321' title='bbox 680 2207 785 2241; x_wconf 85' lang='lat' dir='ltr'>variis</span> <span class='ocrx_word' id='word_1_322' title='bbox 809 2208 1013 2253; x_wconf 77' lang='lat' dir='ltr'>temporibus</span> <span class='ocrx_word' id='word_1_323' title='bbox 1035 2210 1254 2252; x_wconf 85' lang='lat' dir='ltr'>praefuerunt</span> <span class='ocrx_word' id='word_1_324' title='bbox 1277 2209 1450 2250; x_wconf 83' lang='lat' dir='ltr'>ecciesiae,</span> <span class='ocrx_word' id='word_1_325' title='bbox 1473 2219 1531 2241; x_wconf 87' lang='lat' dir='ltr'>eos</span> <span class='ocrx_word' id='word_1_326' title='bbox 1551 2205 1608 2251; x_wconf 87' lang='lat' dir='ltr'>qui</span> <span class='ocrx_word' id='word_1_327' title='bbox 1633 2215 1653 2237; x_wconf 83' lang='lat' dir='ltr'>e</span> <span class='ocrx_word' id='word_1_328' title='bbox 1674 2203 1764 2237; x_wconf 85' lang='lat' dir='ltr'>ciero</span> 
     </span>
     <span class='ocr_line' id='line_1_34' title="bbox 327 2249 1766 2298; baseline -0.002 -14"><span class='ocrx_word' id='word_1_329' title='bbox 327 2257 457 2293; x_wconf 85' lang='lat' dir='ltr'>essent,</span> <span class='ocrx_word' id='word_1_330' title='bbox 475 2253 620 2286; x_wconf 87' lang='lat' dir='ltr'>membra</span> <span class='ocrx_word' id='word_1_331' title='bbox 642 2264 705 2287; x_wconf 84' lang='lat' dir='ltr'>sua</span> <span class='ocrx_word' id='word_1_332' title='bbox 725 2253 872 2298; x_wconf 87' lang='lat' dir='ltr'>ipsorum</span> <span class='ocrx_word' id='word_1_333' title='bbox 897 2254 1109 2298; x_wconf 78' lang='lat' dir='ltr'>reputabant.</span> <span class='ocrx_word' id='word_1_334' title='bbox 1156 2264 1244 2287; x_wconf 87' lang='lat' dir='ltr'>nunc</span> <span class='ocrx_word' id='word_1_335' title='bbox 1266 2259 1375 2287; x_wconf 84' lang='lat' dir='ltr'>autem</span> <span class='ocrx_word' id='word_1_336' title='bbox 1398 2253 1504 2298; x_wconf 62' lang='lat' dir='ltr'>quid?</span> <span class='ocrx_word' id='word_1_337' title='bbox 1525 2252 1624 2284; x_wconf 70' lang='lat' dir='ltr'>forts</span> <span class='ocrx_word' id='word_1_338' title='bbox 1644 2249 1766 2282; x_wconf 81' lang='lat' dir='ltr'>obten-</span> 
     </span>
     <span class='ocr_line' id='line_1_35' title="bbox 329 2295 1766 2343; baseline 0 -15"><span class='ocrx_word' id='word_1_339' title='bbox 329 2296 408 2329; x_wconf 86' lang='lat' dir='ltr'>dere</span> <span class='ocrx_word' id='word_1_340' title='bbox 432 2297 523 2330; x_wconf 85' lang='lat' dir='ltr'>voiet</span> <span class='ocrx_word' id='word_1_341' title='bbox 545 2297 709 2341; x_wconf 83' lang='lat' dir='ltr'>quispiam</span> <span class='ocrx_word' id='word_1_342' title='bbox 732 2298 947 2332; x_wconf 82' lang='lat' dir='ltr'>difficultates</span> <span class='ocrx_word' id='word_1_343' title='bbox 977 2298 1200 2343; x_wconf 83' lang='lat' dir='ltr'>praesentium</span> <span class='ocrx_word' id='word_1_344' title='bbox 1230 2303 1436 2342; x_wconf 84' lang='lat' dir='ltr'>temporum,</span> <span class='ocrx_word' id='word_1_345' title='bbox 1467 2299 1567 2341; x_wconf 85' lang='lat' dir='ltr'>prout</span> <span class='ocrx_word' id='word_1_346' title='bbox 1588 2305 1691 2338; x_wconf 86' lang='lat' dir='ltr'>saepe</span> <span class='ocrx_word' id='word_1_347' title='bbox 1712 2295 1766 2327; x_wconf 76' lang='lat' dir='ltr'>fe-</span> 
     </span>
     <span class='ocr_line' id='line_1_36' title="bbox 331 2340 1766 2378; baseline -0.001 -5"><span class='ocrx_word' id='word_1_348' title='bbox 331 2340 378 2374; x_wconf 83' lang='lat' dir='ltr'>cit</span> <span class='ocrx_word' id='word_1_349' title='bbox 407 2341 569 2375; x_wconf 80' lang='lat' dir='ltr'>sanctitas</span> <span class='ocrx_word' id='word_1_350' title='bbox 600 2348 673 2377; x_wconf 87' lang='lat' dir='ltr'>tua.</span> <span class='ocrx_word' id='word_1_351' title='bbox 716 2354 833 2377; x_wconf 80' lang='lat' dir='ltr'>verum</span> <span class='ocrx_word' id='word_1_352' title='bbox 868 2344 902 2377; x_wconf 91' lang='lat' dir='ltr'>in</span> <span class='ocrx_word' id='word_1_353' title='bbox 937 2344 1156 2377; x_wconf 88' lang='lat' dir='ltr'>Romanorum</span> <span class='ocrx_word' id='word_1_354' title='bbox 1185 2344 1325 2378; x_wconf 85' lang='lat' dir='ltr'>omnium</span> <span class='ocrx_word' id='word_1_355' title='bbox 1346 2353 1481 2376; x_wconf 84' lang='lat' dir='ltr'>numero</span> <span class='ocrx_word' id='word_1_356' title='bbox 1510 2349 1682 2374; x_wconf 76' lang='lat' dir='ltr'>censemur</span> <span class='ocrx_word' id='word_1_357' title='bbox 1703 2349 1766 2372; x_wconf 80' lang='lat' dir='ltr'>nos</span> 
     </span>
     <span class='ocr_line' id='line_1_37' title="bbox 330 2387 1767 2433; baseline 0 -15"><span class='ocrx_word' id='word_1_358' title='bbox 330 2396 484 2431; x_wconf 81' lang='lat' dir='ltr'>quoque;</span> <span class='ocrx_word' id='word_1_359' title='bbox 508 2392 544 2419; x_wconf 88' lang='lat' dir='ltr'>et</span> <span class='ocrx_word' id='word_1_360' title='bbox 565 2398 630 2430; x_wconf 90' lang='lat' dir='ltr'>quo</span> <span class='ocrx_word' id='word_1_361' title='bbox 654 2387 727 2422; x_wconf 86' lang='lat' dir='ltr'>iure</span> <span class='ocrx_word' id='word_1_362' title='bbox 750 2399 859 2432; x_wconf 87' lang='lat' dir='ltr'>quave</span> <span class='ocrx_word' id='word_1_363' title='bbox 882 2389 1069 2422; x_wconf 86' lang='lat' dir='ltr'>conditione</span> <span class='ocrx_word' id='word_1_364' title='bbox 1092 2389 1230 2433; x_wconf 90' lang='lat' dir='ltr'>quisque</span> <span class='ocrx_word' id='word_1_365' title='bbox 1251 2388 1379 2421; x_wconf 85' lang='lat' dir='ltr'>illorum</span> <span class='ocrx_word' id='word_1_366' title='bbox 1401 2391 1465 2427; x_wconf 87' lang='lat' dir='ltr'>est,</span> <span class='ocrx_word' id='word_1_367' title='bbox 1488 2397 1530 2419; x_wconf 87' lang='lat' dir='ltr'>ea</span> <span class='ocrx_word' id='word_1_368' title='bbox 1550 2389 1587 2418; x_wconf 90' lang='lat' dir='ltr'>et</span> <span class='ocrx_word' id='word_1_369' title='bbox 1608 2395 1668 2419; x_wconf 85' lang='lat' dir='ltr'>nos</span> <span class='ocrx_word' id='word_1_370' title='bbox 1690 2394 1767 2428; x_wconf 67' lang='lat' dir='ltr'>esse</span> 
     </span>
     <span class='ocr_line' id='line_1_38' title="bbox 332 2429 1768 2476; baseline -0.001 -12"><span class='ocrx_word' id='word_1_371' title='bbox 332 2431 496 2466; x_wconf 86' lang='lat' dir='ltr'>convenit.</span> <span class='ocrx_word' id='word_1_372' title='bbox 542 2432 636 2476; x_wconf 88' lang='lat' dir='ltr'>atqui</span> <span class='ocrx_word' id='word_1_373' title='bbox 659 2433 747 2465; x_wconf 86' lang='lat' dir='ltr'>baud</span> <span class='ocrx_word' id='word_1_374' title='bbox 769 2434 819 2466; x_wconf 89' lang='lat' dir='ltr'>ita</span> <span class='ocrx_word' id='word_1_375' title='bbox 841 2437 904 2467; x_wconf 87' lang='lat' dir='ltr'>est.</span> <span class='ocrx_word' id='word_1_376' title='bbox 949 2444 1010 2467; x_wconf 89' lang='lat' dir='ltr'>nos</span> <span class='ocrx_word' id='word_1_377' title='bbox 1032 2433 1118 2467; x_wconf 87' lang='lat' dir='ltr'>enim</span> <span class='ocrx_word' id='word_1_378' title='bbox 1149 2433 1212 2466; x_wconf 85' lang='lat' dir='ltr'>soii</span> <span class='ocrx_word' id='word_1_379' title='bbox 1233 2431 1343 2466; x_wconf 85' lang='lat' dir='ltr'>miseri</span> <span class='ocrx_word' id='word_1_380' title='bbox 1378 2430 1560 2465; x_wconf 87' lang='lat' dir='ltr'>necessarii</span> <span class='ocrx_word' id='word_1_381' title='bbox 1581 2429 1691 2464; x_wconf 84' lang='lat' dir='ltr'>victus</span> <span class='ocrx_word' id='word_1_382' title='bbox 1711 2429 1768 2463; x_wconf 87' lang='lat' dir='ltr'>in·</span> 
     </span>
     <span class='ocr_line' id='line_1_39' title="bbox 331 2474 1829 2522; baseline 0 -12"><span class='ocrx_word' id='word_1_383' title='bbox 331 2476 411 2520; x_wconf 80' lang='lat' dir='ltr'>opis</span> <span class='ocrx_word' id='word_1_384' title='bbox 457 2474 620 2512; x_wconf 88' lang='lat' dir='ltr'>remimur.</span> <span class='ocrx_word' id='word_1_385' title='bbox 668 2488 776 2522; x_wconf 89' lang='lat' dir='ltr'>neque</span> <span class='ocrx_word' id='word_1_386' title='bbox 798 2478 860 2511; x_wconf 88' lang='lat' dir='ltr'>hoc</span> <span class='ocrx_word' id='word_1_387' title='bbox 881 2477 958 2511; x_wconf 87' lang='lat' dir='ltr'>iude</span> <span class='ocrx_word' id='word_1_388' title='bbox 984 2483 1036 2512; x_wconf 87' lang='lat' dir='ltr'>est</span> <span class='ocrx_word' id='word_1_389' title='bbox 1057 2478 1146 2522; x_wconf 89' lang='lat' dir='ltr'>quod</span> <span class='ocrx_word' id='word_1_390' title='bbox 1176 2482 1276 2521; x_wconf 83' lang='lat' dir='ltr'>egeat</span> <span class='ocrx_word' id='word_1_391' title='bbox 1298 2476 1456 2510; x_wconf 83' lang='lat' dir='ltr'>ecclesia=</span> <span class='ocrx_word' id='word_1_392' title='bbox 1478 2476 1535 2510; x_wconf 83' lang='lat' dir='ltr'>illa</span> <span class='ocrx_word' id='word_1_393' title='bbox 1557 2475 1642 2510; x_wconf 84' lang='lat' dir='ltr'>enim</span> <span class='ocrx_word' id='word_1_394' title='bbox 1663 2474 1766 2510; x_wconf 77' lang='lat' dir='ltr'>etim</span> <span class='ocrx_word' id='word_1_395' title='bbox 1817 2483 1829 2495; x_wconf 73' lang='lat'><strong>⁹</strong></span> 
     </span>
     <span class='ocr_line' id='line_1_40' title="bbox 331 2517 1766 2574; baseline -0.002 -19"><span class='ocrx_word' id='word_1_396' title='bbox 331 2522 419 2555; x_wconf 85' lang='lat' dir='ltr'>abun</span> <span class='ocrx_word' id='word_1_397' title='bbox 444 2524 691 2574; x_wconf 31' lang='lat' dir='ltr'>unquentum</span> <span class='ocrx_word' id='word_1_398' title='bbox 724 2523 885 2556; x_wconf 88' lang='lat' dir='ltr'>novimus.</span> <span class='ocrx_word' id='word_1_399' title='bbox 933 2533 976 2556; x_wconf 85' lang='lat' dir='ltr'>au</span> <span class='ocrx_word' id='word_1_400' title='bbox 1007 2522 1042 2555; x_wconf 90' lang='lat' dir='ltr'>id</span> <span class='ocrx_word' id='word_1_401' title='bbox 1070 2523 1141 2567; x_wconf 83' lang='lat' dir='ltr'>pati</span> <span class='ocrx_word' id='word_1_402' title='bbox 1163 2523 1280 2556; x_wconf 87' lang='lat' dir='ltr'>merito</span> <span class='ocrx_word' id='word_1_403' title='bbox 1310 2522 1482 2564; x_wconf 85' lang='lat' dir='ltr'>dicemur,</span> <span class='ocrx_word' id='word_1_404' title='bbox 1513 2521 1592 2566; x_wconf 85' lang='lat' dir='ltr'>quia</span> <span class='ocrx_word' id='word_1_405' title='bbox 1613 2517 1766 2564; x_wconf 82' lang='lat' dir='ltr'>requisiti</span> 
     </span>
     <span class='ocr_line' id='line_1_41' title="bbox 331 2565 1768 2612; baseline -0.001 -12"><span class='ocrx_word' id='word_1_406' title='bbox 331 2570 415 2612; x_wconf 79' lang='lat' dir='ltr'>quot</span> <span class='ocrx_word' id='word_1_407' title='bbox 437 2566 607 2600; x_wconf 74' lang='lat' dir='ltr'>dominicis</span> <span class='ocrx_word' id='word_1_408' title='bbox 629 2570 666 2599; x_wconf 91' lang='lat' dir='ltr'>et</span> <span class='ocrx_word' id='word_1_409' title='bbox 696 2566 793 2600; x_wconf 79' lang='lat' dir='ltr'>festis</span> <span class='ocrx_word' id='word_1_410' title='bbox 816 2570 950 2611; x_wconf 86' lang='lat' dir='ltr'>praesto</span> <span class='ocrx_word' id='word_1_411' title='bbox 971 2567 1092 2601; x_wconf 82' lang='lat' dir='ltr'>adesse</span> <span class='ocrx_word' id='word_1_412' title='bbox 1114 2578 1187 2600; x_wconf 88' lang='lat' dir='ltr'>cum</span> <span class='ocrx_word' id='word_1_413' title='bbox 1210 2566 1361 2600; x_wconf 89' lang='lat' dir='ltr'>vestibus</span> <span class='ocrx_word' id='word_1_414' title='bbox 1377 2592 1388 2610; x_wconf 86' lang='lat'>‚</span> <span class='ocrx_word' id='word_1_415' title='bbox 1411 2579 1472 2601; x_wconf 88' lang='lat' dir='ltr'>nos</span> <span class='ocrx_word' id='word_1_416' title='bbox 1493 2565 1643 2612; x_wconf 81' lang='lat' dir='ltr'>quotidie</span> <span class='ocrx_word' id='word_1_417' title='bbox 1662 2575 1768 2598; x_wconf 74' lang='lat' dir='ltr'>vacn-</span> 
     </span>
     <span class='ocr_line' id='line_1_42' title="bbox 333 2609 1767 2657; baseline -0.003 -11"><span class='ocrx_word' id='word_1_418' title='bbox 333 2612 436 2646; x_wconf 61' lang='lat' dir='ltr'>mus?</span> <span class='ocrx_word' id='word_1_419' title='bbox 457 2621 570 2646; x_wconf 80' lang='lat' dir='ltr'>verum</span> <span class='ocrx_word' id='word_1_420' title='bbox 591 2610 626 2644; x_wconf 90' lang='lat' dir='ltr'>in</span> <span class='ocrx_word' id='word_1_421' title='bbox 649 2611 712 2644; x_wconf 83' lang='lat' dir='ltr'>hoc</span> <span class='ocrx_word' id='word_1_422' title='bbox 735 2622 799 2645; x_wconf 92' lang='lat' dir='ltr'>non</span> <span class='ocrx_word' id='word_1_423' title='bbox 822 2623 1008 2655; x_wconf 83' lang='lat' dir='ltr'>peccamus.</span> <span class='ocrx_word' id='word_1_424' title='bbox 1052 2612 1299 2645; x_wconf 83' lang='lat' dir='ltr'>excusationem</span> <span class='ocrx_word' id='word_1_425' title='bbox 1328 2612 1452 2657; x_wconf 90' lang='lat' dir='ltr'>quippe</span> <span class='ocrx_word' id='word_1_426' title='bbox 1472 2612 1556 2646; x_wconf 74' lang='lat' dir='ltr'>facti</span> <span class='ocrx_word' id='word_1_427' title='bbox 1585 2609 1767 2650; x_wconf 12' lang='lat' dir='ltr'>eiustaffe-</span> 
     </span>
     <span class='ocr_line' id='line_1_43' title="bbox 331 2654 1765 2702; baseline -0.001 -12"><span class='ocrx_word' id='word_1_428' title='bbox 331 2656 437 2691; x_wconf 80' lang='lat' dir='ltr'>rimus</span> <span class='ocrx_word' id='word_1_429' title='bbox 458 2655 621 2690; x_wconf 73' lang='lat' dir='ltr'>idoneam.</span> <span class='ocrx_word' id='word_1_430' title='bbox 665 2655 786 2690; x_wconf 87' lang='lat' dir='ltr'>scimus</span> <span class='ocrx_word' id='word_1_431' title='bbox 808 2656 892 2690; x_wconf 86' lang='lat' dir='ltr'>enim</span> <span class='ocrx_word' id='word_1_432' title='bbox 914 2656 1005 2690; x_wconf 84' lang='lat' dir='ltr'>viros</span> <span class='ocrx_word' id='word_1_433' title='bbox 1031 2667 1188 2701; x_wconf 83' lang='lat' dir='ltr'>magnos,</span> <span class='ocrx_word' id='word_1_434' title='bbox 1218 2668 1358 2702; x_wconf 89' lang='lat' dir='ltr'>quorum</span> <span class='ocrx_word' id='word_1_435' title='bbox 1381 2657 1415 2691; x_wconf 93' lang='lat' dir='ltr'>in</span> <span class='ocrx_word' id='word_1_436' title='bbox 1437 2658 1511 2691; x_wconf 85' lang='lat' dir='ltr'>ioca</span> <span class='ocrx_word' id='word_1_437' title='bbox 1531 2654 1765 2695; x_wconf 72' lang='lat' dir='ltr'>successimus,</span> 
     </span>
     <span class='ocr_line' id='line_1_44' title="bbox 332 2701 1767 2748; baseline -0.003 -12"><span class='ocrx_word' id='word_1_438' title='bbox 332 2702 454 2736; x_wconf 80' lang='lat' dir='ltr'>sacella</span> <span class='ocrx_word' id='word_1_439' title='bbox 476 2701 562 2735; x_wconf 80' lang='lat' dir='ltr'>domi</span> <span class='ocrx_word' id='word_1_440' title='bbox 585 2701 739 2735; x_wconf 83' lang='lat' dir='ltr'>babuisse</span> <span class='ocrx_word' id='word_1_441' title='bbox 762 2705 796 2736; x_wconf 89' lang='lat' dir='ltr'>et</span> <span class='ocrx_word' id='word_1_442' title='bbox 817 2701 1012 2736; x_wconf 79' lang='lat' dir='ltr'>sacerdotes</span> <span class='ocrx_word' id='word_1_443' title='bbox 1042 2702 1100 2746; x_wconf 90' lang='lat' dir='ltr'>qui</span> <span class='ocrx_word' id='word_1_444' title='bbox 1130 2713 1228 2737; x_wconf 86' lang='lat' dir='ltr'>sacra</span> <span class='ocrx_word' id='word_1_445' title='bbox 1248 2714 1310 2748; x_wconf 86' lang='lat' dir='ltr'>pro</span> <span class='ocrx_word' id='word_1_446' title='bbox 1339 2702 1423 2748; x_wconf 86' lang='lat' dir='ltr'>ipsis</span> <span class='ocrx_word' id='word_1_447' title='bbox 1445 2701 1630 2737; x_wconf 77' lang='lat' dir='ltr'>ministeris</span> <span class='ocrx_word' id='word_1_448' title='bbox 1651 2703 1688 2734; x_wconf 85' lang='lat' dir='ltr'>et</span> <span class='ocrx_word' id='word_1_449' title='bbox 1707 2709 1767 2733; x_wconf 80' lang='lat' dir='ltr'>or-</span> 
     </span>
    </p>
   </div>
   <div class='ocr_carea' id='block_1_3' title="bbox 331 2746 1767 2840">
    <p class='ocr_par' dir='ltr' id='par_1_3' title="bbox 331 2746 1767 2840">
     <span class='ocr_line' id='line_1_45' title="bbox 332 2746 1767 2793; baseline -0.001 -14"><span class='ocrx_word' id='word_1_450' title='bbox 332 2746 418 2780; x_wconf 87' lang='lat' dir='ltr'>dinis</span> <span class='ocrx_word' id='word_1_451' title='bbox 449 2747 593 2791; x_wconf 82' lang='lat' dir='ltr'>ipsorum</span> <span class='ocrx_word' id='word_1_452' title='bbox 615 2746 729 2780; x_wconf 85' lang='lat' dir='ltr'>officia</span> <span class='ocrx_word' id='word_1_453' title='bbox 750 2751 963 2792; x_wconf 73' lang='lat' dir='ltr'>peragerent.</span> <span class='ocrx_word' id='word_1_454' title='bbox 1007 2747 1084 2781; x_wconf 85' lang='lat' dir='ltr'>inde</span> <span class='ocrx_word' id='word_1_455' title='bbox 1113 2747 1179 2792; x_wconf 84' lang='lat' dir='ltr'>ipsi</span> <span class='ocrx_word' id='word_1_456' title='bbox 1208 2749 1375 2783; x_wconf 80' lang='lat' dir='ltr'>vacabant</span> <span class='ocrx_word' id='word_1_457' title='bbox 1397 2753 1500 2793; x_wconf 74' lang='lat' dir='ltr'>prout</span> <span class='ocrx_word' id='word_1_458' title='bbox 1517 2747 1658 2788; x_wconf 79' lang='lat' dir='ltr'>velient,</span> <span class='ocrx_word' id='word_1_459' title='bbox 1685 2754 1767 2778; x_wconf 81' lang='lat' dir='ltr'>oon-</span> 
     </span>
     <span class='ocr_line' id='line_1_46' title="bbox 331 2789 1766 2840; baseline 0 -14"><span class='ocrx_word' id='word_1_460' title='bbox 331 2791 505 2827; x_wconf 74' lang='lat' dir='ltr'>venientes</span> <span class='ocrx_word' id='word_1_461' title='bbox 526 2792 561 2828; x_wconf 86' lang='lat' dir='ltr'>iu</span> <span class='ocrx_word' id='word_1_462' title='bbox 592 2791 764 2828; x_wconf 81' lang='lat' dir='ltr'>ecclesiam</span> <span class='ocrx_word' id='word_1_463' title='bbox 792 2792 924 2839; x_wconf 88' lang='lat' dir='ltr'>quando</span> <span class='ocrx_word' id='word_1_464' title='bbox 946 2791 1118 2828; x_wconf 85' lang='lat' dir='ltr'>dumtaxat</span> <span class='ocrx_word' id='word_1_465' title='bbox 1137 2792 1256 2840; x_wconf 84' lang='lat' dir='ltr'>cuique</span> <span class='ocrx_word' id='word_1_466' title='bbox 1275 2794 1466 2836; x_wconf 86' lang='lat' dir='ltr'>videretur,</span> <span class='ocrx_word' id='word_1_467' title='bbox 1497 2803 1559 2838; x_wconf 86' lang='lat' dir='ltr'>pro</span> <span class='ocrx_word' id='word_1_468' title='bbox 1582 2789 1766 2826; x_wconf 53' lang='lat' dir='ltr'>viribus&#39;d</span> 
     </span>
    </p>
   </div>
  </div>
 </body>
</html>
