1820 3112
183 149 249 195 92
606 149 842 194 GEORGII
874 150 1225 196 PACHYMERIS

179 280 320 321 γονται
339 261 366 306 ἃ
387 260 439 319 δὴ
460 267 594 322 μικρῷ
615 268 675 323 τῷ
703 260 810 323 λόγῳ
835 264 886 307 τὰ
920 261 1077 321 μεγάλα
1105 262 1391 320 σταθμώμενοι
1410 266 1659 325 ἓμφαίνουσί

127 331 158 366 C
182 350 221 375 τι
242 339 332 382 ταῖς
350 331 594 388 χαμερπέσιν
614 334 786 382 ἐννοίαις
807 335 874 376 καὶ
903 333 1057 377 ἄτοπον
1079 332 1185 384 ὅλως
1213 336 1279 376 καὶ
1297 334 1356 391 μὴ
1374 335 1529 392 πρέπον
1551 341 1655 396 θεῷ.

179 401 261 444 ((οὖ
280 401 445 456 λε’γομεν
464 401 616 451 τέλειος
634 401 732 452 θεὸς
752 400 774 445 ὅ
799 400 934 457 πατήρ
947 435 960 455 ,
999 404 1066 445 καὶ
1097 403 1247 452 τέλειος
1268 403 1367 454 θεὸς
1394 402 1416 446 ὃ
1436 402 1546 457 υἱός,
1586 407 1653 448 καὶ

177 470 327 519 τέλειος
348 469 450 520 θεὸς
472 469 519 514 τὸ
542 475 706 524 πνεῦμα
726 470 773 513 τὸ
797 469 936 527 ἅγιον,·
965 471 1041 526 οὐχ
1060 469 1291 514 ὑπονοεῖται
1309 476 1473 530 τριθεῖη
1486 473 1532 516 τὸ
1551 490 1654 516 συν-

178 536 388 594 αγόμενον.
459 538 507 581 οὐ
539 539 703 593 λέγομεν
735 539 938 595 ἐγέννησεν
963 538 984 583 ὃ
1016 541 1153 596 πατὴρ
1183 540 1254 583 τὸν
1284 539 1401 596 vair,-
1432 541 1507 584 οὗκ
1526 541 1687 600 ἀναζῇὄ

170 606 349 663 Ἄρειος,
397 608 545 650 ε’ννοῶν
577 608 698 665 ῥιπὴν
726 609 793 650 καὶ
827 608 983 663 ἄτομον
1012 607 1165 664 χρόνου
1191 609 1318 663 μέσον
1342 614 1416 653 τοῦ
1435 614 1659 666 γεννῶντος

178 678 245 718 καὶ
268 681 342 719 τοῦ
363 676 625 732 γεννωμένου.
698 677 805 719 ἀλλὰ
836 677 883 720 τὸ
910 675 1161 734 βλάσφημον
1192 675 1502 734 ἀποφεύγομεν,
1538 676 1657 722 ἱστά-

177 749 291 799 μεθα
314 746 358 787 δὲ
377 747 443 787 καὶ
466 744 576 802 ὅροις
597 750 674 800 τῆς
694 745 923 800 εὐσεβείας,
957 748 1024 788 καὶ
1044 746 1091 789 τὸ
1113 751 1195 788 τῶν
1213 751 1385 804 γραφῶν
1405 745 1659 804 ὁμολογοῦν-

177 831 243 863 τες
264 815 331 856 καὶ
352 813 398 856 τὸ
419 821 696 869 κακεμφαῖνον
711 814 761 857 οὐ
784 813 1149 870 παραδεχόμενοι.”
1184 816 1374 859 ἐντεῦθεν
1393 814 1414 859 ὃ
1439 814 1654 871 Monda-

128 887 161 921 D
185 900 269 938 παρ
291 886 332 925 Γ
329 881 492 939 εώργιος
508 915 520 934 ,
557 881 826 940 χαρτοφύλαξ
850 882 906 927 ὢν
929 888 1002 938 τῆς
1025 885 1239 939 ἐκκλησίας
1258 883 1363 937 τότε,
1399 883 1530 928 νόθον
1547 885 1652 941 ἔλεγε
1666 897 1710 931 10

177 952 226 995 τὸ
250 949 391 1009 ῥητόν.
460 951 566 994 ἀλλὰ
587 954 653 994 καὶ
677 952 780 1006 πρὸς
803 952 929 996 αὐτὸν
952 950 973 995 ὃ
994 953 1119 1008 μέγας
1140 954 1367 1008 λογοθέτης
1379 986 1391 1005 ,
1430 953 1522 1009 ἄγχι
1542 939 1653 1008 ondin

179 1018 385 1078 κεφαλήν,
421 1021 490 1062 ιἵνα
509 1021 569 1076 μὴ
602 1023 809 1063 πυθοίατο
839 1021 979 1073 ἄλλοι,
1021 1023 1120 1063 “nai
1154 1026 1265 1074 πῶς,
1305 1017 1338 1064 ὦ
1360 1016 1530 1075 οὗτος”,
1567 1039 1653 1080 φη-

177 1091 242 1132 σίν
255 1123 267 1142 ,
306 1092 519 1144 (ῐῖσχυρῶς
544 1090 667 1145 λέγειν
689 1088 861 1143 δόξομεν
891 1089 1022 1139 οὕτως
1051 1090 1372 1146 ἀπολογούμενοι
1382 1110 1396 1145 ,-
1434 1091 1518 1133 ἐπεὶ
1537 1092 1580 1133 ἐν
1602 1095 1652 1148 τῇ

173 1160 306 1217 βίβλῳ
329 1163 402 1213 τῆς
424 1157 534 1214 ἱερᾶς
556 1156 799 1214 ὅπλοθήκης
817 1158 923 1201 κατὰ
943 1158 1057 1216 ῥῆμα
1080 1166 1206 1201 κεῖται
1228 1159 1275 1202 τὸ
1301 1159 1428 1217 ῥητὸν
1459 1157 1516 1209 ὥς
1533 1157 1650 1214 ἆγίου

121 1232 153 1267 Ε
178 1227 302 1284 ῥητὸν
333 1228 399 1269 καὶ
420 1231 494 1268 τοῦ
516 1225 693 1283 μεγάλου
717 1227 1047 1283 Δαμασκηνοῦ.”

1116 1227 1220 1270 ἀλλὰ
1249 1231 1410 1284 τρανῶς
1431 1227 1536 1285 πρὸς
1554 1227 1652 1277 τοὺς
1665 1237 1707 1272 15

175 1295 459 1351 ἀντιλέγοντας
478 1295 610 1352 ἔλεγεν
630 1294 685 1346 ὥς
705 1296 904 1351 ((ὃέχομαι
922 1297 996 1350 μὲν
1018 1295 1065 1338 τὸ
1095 1295 1219 1354 ῥητὸν
1241 1294 1358 1352 ἁγίου
1379 1294 1480 1339 εἶναι
1492 1329 1506 1350 ,
1545 1296 1654 1351 πλὴν

183 1365 260 1419 οὐχ
297 1362 540 1420 ὁμολογήσω
581 1364 628 1407 τὸ
659 1370 818 1419 πνεῖ-μα
859 1365 926 1407 διὰ
955 1363 1078 1421 λόγου
1106 1383 1148 1408 τε
1181 1367 1247 1407 καὶ
1276 1365 1369 1407 υἱοῦ
1408 1365 1484 1419 τὴν
1517 1366 1653 1407 αἰτίαν

175 1434 218 1476 ἔκ
241 1437 315 1476 τοῦ
342 1431 515 1489 πατρός.
586 1432 695 1476 οὕτω
725 1434 804 1490 γὰρ
835 1435 902 1475 καὶ
932 1431 1278 1489 παραβολώτερον
1315 1433 1466 1486 εἴποιμι
1494 1438 1577 1476 τῶν
1607 1434 1652 1476 ἔκ

175 1501 335 1559 πατρὸς
362 1503 430 1544 καὶ
459 1503 552 1544 υἱοῦ
588 1500 787 1558 λεγόντων
822 1502 870 1545 τὸ
910 1507 1068 1558 πνεῦμα
1103 1502 1151 1546 τὸ
1188 1501 1302 1559 ἅγιον
1331 1499 1652 1559 ἐκπορεύεσθαι,

175 1622 212 1656 in
236 1624 310 1656 tota
333 1621 561 1667 explicatione
583 1621 717 1655 divinae
739 1620 928 1665 trinitatis,
955 1633 1045 1666 quae
1071 1620 1102 1655 si
1125 1621 1201 1667 quis
1223 1620 1386 1655 metiatur
1410 1623 1554 1665 angusto
1577 1631 1650 1654 mo-

176 1668 256 1702 dulo
281 1668 421 1702 rationis
444 1667 609 1702 naturalis
633 1672 668 1701 et
691 1667 735 1701 ad
755 1667 875 1701 libram
900 1667 1087 1711 exiguitate
1111 1679 1173 1701 sua
1196 1671 1265 1701 tam
1287 1666 1418 1712 magnis
1442 1667 1544 1700 rebus
1565 1677 1651 1712 pon-

177 1714 335 1749 derandis
358 1714 522 1759 imparem
545 1714 728 1756 examinet,
746 1713 867 1758 utique
892 1718 1100 1759 apparenter
1121 1714 1271 1747 inferant
1287 1713 1469 1747 absurdum
1491 1716 1529 1746 et
1550 1712 1651 1747 deum

177 1760 347 1794 dedecens
369 1759 554 1806 quidpiam.
602 1771 646 1794 an
667 1771 735 1794 non
759 1759 845 1793 enim
871 1759 1014 1804 exempli
1038 1760 1151 1803 gratia
1174 1759 1336 1801 dicimus,
1370 1763 1470 1804 pater
1491 1762 1545 1792 est
1567 1769 1649 1803 per-

179 1807 291 1841 fectus
314 1806 418 1849 deus,
451 1806 540 1840 filius
563 1805 645 1839 item
667 1806 841 1850 perfectus
864 1805 968 1847 deus,
993 1805 1144 1850 Spiritus
1171 1817 1306 1850 quoque
1332 1805 1479 1838 Sanctus
1508 1807 1545 1837 et
1574 1803 1650 1849 ipse

177 1853 352 1898 perfectus
375 1852 486 1887 deus?
518 1852 608 1886 unde
639 1852 715 1897 quis
749 1863 815 1885 non
842 1851 936 1885 videt
968 1862 1135 1896 apparere
1156 1850 1366 1884 inferendam
1388 1849 1647 1884 admittendam-

177 1910 266 1944 que,
300 1910 402 1944 quam
435 1903 550 1933 tamen
579 1897 789 1944 respuimus,
812 1897 950 1931 deorum
971 1897 1183 1931 trinitatem?
1217 1896 1372 1930 similiter
1404 1907 1479 1938 cum
1508 1895 1651 1930 dicimus

178 1944 298 1989 genuit
318 1951 417 1990 pater
439 1944 564 1986 filium,
598 1955 707 1978 nonne
731 1943 886 1978 videmur
909 1944 993 1977 dare
1014 1942 1096 1976 Ario
1129 1954 1244 1977 ansam
1268 1942 1461 1976 affirmandi
1482 1942 1651 1976 interces-

179 1992 265 2026 sisse
289 1996 489 2025 momentum
512 1990 648 2036 aliquod
677 1993 738 2024 aut
768 1996 928 2036 punctum
958 1988 1120 2034 temporis
1142 1988 1287 2022 medium
1319 1989 1408 2022 inter
1430 1990 1649 2032 generantem

178 2040 214 2070 et
236 2037 414 2081 genitum?
446 2048 561 2070 verum
585 2038 650 2070 hoc
671 2039 842 2081 tamquam
865 2035 1095 2080 blasphemum
1118 2045 1333 2076 aversamur,
1356 2045 1431 2069 cum
1452 2033 1533 2068 illud
1558 2032 1649 2067 unde

177 2082 214 2116 in
246 2082 396 2128 speciem
424 2082 662 2128 consequitur,
694 2088 866 2128 tamquam
897 2081 1118 2115 orthodoxum
1149 2086 1335 2115 teneamus.
1394 2079 1444 2114 sic
1473 2079 1579 2124 igitur
1612 2079 1648 2113 in

175 2128 352 2174 praesenti
374 2140 509 2173 quoque
533 2128 768 2163 controversia
790 2128 951 2170 facimus,
986 2132 1116 2161 stantes
1146 2127 1239 2161 intra
1267 2124 1430 2161 terminos
1462 2124 1647 2170 religionis,

177 2179 215 2208 et
244 2174 446 2218 profitentes
478 2175 612 2218 quidem
644 2174 735 2220 quod
768 2174 894 2208 diserte
924 2173 1062 2219 scriptis
1085 2171 1289 2207 authenticis
1317 2182 1514 2217 expressum
1537 2170 1648 2205 cerni-

177 2231 274 2254 mus:
298 2220 388 2265 quod
413 2231 455 2253 ex
478 2220 522 2253 iis
546 2221 682 2255 videtur
704 2221 885 2254 absurdum
907 2220 1016 2265 sequi,
1040 2219 1255 2264 repudiamus
1279 2229 1320 2252 ac
1341 2218 1544 2263 repellimus.
1589 2215 1646 2250 hic

177 2266 395 2310 Moscampar
418 2266 611 2310 Georgius,
643 2266 700 2311 qui
731 2270 812 2300 tunc
842 2271 918 2300 erat
939 2265 1102 2300 ecclesiae
1134 2264 1396 2309 chartophylax,
1427 2261 1579 2307 spurium
1609 2264 1646 2295 et

179 2311 434 2357 supposititium
477 2323 552 2345 esse
590 2312 775 2346 affirmavit
806 2312 894 2346 istud
932 2312 1135 2346 attributum
1167 2311 1377 2345 Damasceno
1407 2307 1646 2342 testimonium.

178 2369 298 2391 verum
322 2357 367 2390 ad
401 2357 475 2391 eius
499 2368 612 2391 aurem
646 2358 759 2402 capite
783 2358 934 2402 proxime
956 2359 1112 2398 admoto,
1147 2369 1190 2390 ne
1212 2355 1272 2390 alii
1294 2354 1469 2395 audirent,
1503 2362 1645 2396 magnus

177 2403 352 2447 logotheta
374 2402 616 2446 insusurravit,
639 2405 707 2437 “et
730 2404 931 2447 quomodo'',
954 2404 1123 2448 inquiens,
1145 2403 1336 2447 “proferre
1357 2399 1400 2433 ad
1425 2398 1645 2433 evincendum

178 2449 336 2483 efficacia
360 2449 571 2490 videbimur,
603 2454 673 2482 tam
702 2449 837 2483 infirma
869 2449 1064 2483 defensione
1087 2447 1250 2482 utentes?
1283 2444 1552 2490 quandoquidem
1581 2444 1645 2478 hoc

179 2495 306 2529 dictum
330 2506 351 2528 a
375 2499 410 2528 te
433 2495 595 2528 reiectum
620 2500 658 2528 ut
679 2495 928 2539 apocryphum,
953 2495 1081 2528 diserte
1104 2505 1145 2526 ac
1168 2491 1307 2536 syllabis
1328 2491 1470 2525 totidem
1492 2494 1589 2524 extat
1610 2490 1645 2524 iu

179 2552 280 2575 sacra
302 2541 525 2586 Hoplotheca.
550 2540 650 2583 libro,
674 2544 712 2574 ut
734 2540 812 2581 scis,
836 2540 1050 2574 auctoritatis
1072 2538 1160 2572 omni
1183 2537 1382 2583 exceptione
1404 2536 1559 2577 maioris,
1582 2535 1645 2569 ad-

174 2587 290 2621 iuncto
312 2587 413 2620 etiam
437 2587 529 2620 clare
551 2586 682 2620 nomine
704 2586 816 2629 magni
839 2586 1057 2626 Damasceni,
1086 2584 1157 2618 eius
1180 2583 1359 2617 auctoris.”
1407 2582 1540 2622 Quibus
1563 2582 1644 2615 sub-

178 2633 282 2668 misse
304 2632 585 2674 immurmuratis‚
618 2632 753 2666 sublata
785 2631 851 2665 iam
884 2644 967 2666 voce
1000 2630 1252 2665 archidiaconos
1282 2627 1454 2672 logotheta
1486 2627 1641 2662 intuens:

178 2679 344 2721 admitto,
364 2678 426 2721 ait,
449 2677 696 2719 testimonium,
720 2681 756 2711 et
778 2677 889 2711 sancti
911 2689 986 2712 esse
1007 2688 1090 2711 vere
1115 2675 1313 2709 Damasceni
1337 2685 1503 2718 agnosco:
1526 2676 1642 2708 caete-

178 2737 254 2759 rum
277 2737 343 2760 nou
365 2725 532 2760 assentiar
565 2723 719 2770 spiritum
755 2735 818 2769 per
840 2725 978 2758 verbum
1012 2727 1048 2756 et
1069 2721 1175 2755 filium
1197 2721 1360 2765 originem
1383 2732 1426 2754 ex
1449 2725 1547 2764 patre
1569 2722 1643 2753 tra-

178 2771 274 2805 here.
321 2771 372 2806 sic
394 2770 484 2805 enim
514 2769 629 2804 dicens
659 2769 820 2804 audacius
846 2770 1004 2815 loquerer
1031 2779 1132 2813 quam
1155 2767 1179 2801 ii
1201 2767 1261 2813 qui
1284 2766 1455 2800 affirmant
1477 2777 1521 2799 ex
1543 2768 1643 2810 patre

179 2821 217 2851 et
247 2817 319 2852 filio
351 2818 516 2853 Sanctum
545 2816 710 2863 Spiritum
742 2816 950 2862 procedere,
982 2814 1140 2862 quoniam
1167 2813 1202 2848 iu
1232 2814 1300 2848 hoc
1322 2811 1520 2848 Latinorum
1552 2811 1642 2846 dicto
