1858 3126
489 199 590 241 LlB.
603 192 684 242 111.
735 197 1219 243 CHRONOLOGICUS.
1484 200 1580 247 853

147 305 223 334 Αιιί
270 305 422 334 nomeno-
455 305 618 340 lmppflo-

147 339 219 368 chr.
268 347 334 366 rum
352 340 425 368 Pon·
493 347 574 366 man.

287 373 411 400 nificum.

281 406 420 467 Beki-ngr.
454 405 613 434 Andronici

132 480 236 520 ¹3⁰³
345 480 372 519 ⁹
459 481 607 559 Μῑὲὴξᾱ..

507 571 560 613 10

722 307 836 346 Alani
866 308 1086 359 trimestri,
1125 310 1231 360 quod
1266 323 1356 347 cum
1387 310 1479 362 imp.
1506 310 1583 350 Mi-

666 364 798 403 chaele
813 366 1052 416 pepigerant,
1069 367 1196 417 spatio
1211 367 1343 418 elapso
1359 367 1582 406 missionem

664 421 825 459 armatis
861 422 1041 472 precibus
1073 428 1323 473 extorquent.
1380 423 1406 461 l.
1428 424 1454 463 4
1473 428 1579 467 c.20.

718 478 815 529 Imp.
841 477 1036 527 Michaffl,
1067 479 1177 517 nullo
1212 493 1234 516 a
1265 485 1374 531 patre
1407 480 1582 518 subsidio

661 534 820 572 interim
861 540 1044 586 accepto,
1085 535 1265 579 barbaris
1307 536 1474 586 satrapis
1512 537 1583 574 Ale

661 591 834 637 Amurio,
853 591 1044 639 Lminse,
1059 591 1223 629 Atmane
1238 605 1283 629 ac
1300 591 1479 643 plurimis
1495 593 1580 630 aliis

658 647 787 698 ipsum
805 646 1022 698 Magnesiae
1039 647 1214 686 clausum
1239 649 1385 686 circum
1405 649 1581 698 undique

659 703 996 755 oppugnantibus,
1026 710 1150 747 noctu
1166 704 1258 742 inde
1283 705 1581 756 perturbatione

657 773 702 797 ae
719 760 948 798 confusione.
971 760 1143 799 maxima
1169 761 1319 813 aufugit
1336 762 1577 812 Pergamum.

653 815 748 854 ibid.

708 871 806 911 Inde
835 885 969 910 omnes
989 872 1208 911 Orientales
1228 873 1380 925 imperii
1399 874 1576 925 regiones

652 929 693 966 in
706 929 894 981 praedam
914 929 1090 968 barbaris
1110 930 1266 967 cedunt.
1322 943 1356 967 c.
1379 933 1445 970 21.

707 985 820 1024 Alani
848 998 869 1022 e
901 985 1051 1023 ditione
1068 986 1220 1037 imperii
1243 986 1396 1024 iniussu
1422 986 1574 1024 abeun-

652 1048 711 1080 tes
736 1041 906 1080 retinere
934 1048 1137 1082 conantem
1158 1042 1199 1079 in
1219 1041 1384 1080 traiectu
1413 1041 1463 1079 ad
1485 1043 1576 1079 Cal-

650 1098 824 1148 liopolim
874 1111 1056 1148 magnum
1106 1098 1364 1136 domesticum
1410 1099 1575 1138 Rafflem

651 1155 835 1192 Alexium
850 1154 1111 1196 interfit-fiunt.
1169 1168 1202 1195 c.
1221 1157 1290 1196 22.

705 1211 796 1248 Post
823 1209 901 1248 hoc
930 1217 1162 1249 excusantes
1191 1211 1339 1248 sactum
1359 1209 1470 1247 Alani
1493 1210 1572 1247 ite-

650 1280 739 1304 rum
757 1267 807 1305 ab
823 1266 1049 1310 Andronico
1070 1267 1111 1305 in
1130 1266 1294 1318 gratiam
1313 1266 1574 1318 recipiuntur.

650 1322 747 1362 ibid.

705 1377 933 1421 Patriarcha
957 1378 1120 1420 Ioannes
1154 1379 1312 1416 Cosmas
1342 1377 1463 1416 variis
1488 1378 1572 1429 epi-

651 1448 857 1487 scoporum
885 1434 1021 1472 Ioanni
1041 1434 1208 1486 Ephesio
1236 1434 1455 1474 faventium
1485 1447 1572 1471 ma-

651 1490 941 1531 chinationibus
985 1491 1086 1532 clam
1134 1491 1262 1542 palam
1311 1495 1572 1541 oppugnatus,

650 1553 770 1598 prout
797 1547 880 1585 suse
903 1553 1091 1585 narratur
1117 1547 1308 1597 capitibus
1329 1546 1420 1584 libri
1440 1547 1572 1595 quarti

651 1606 704 1644 27
723 1606 779 1646 28
808 1606 884 1652 29,
913 1602 965 1640 ad
987 1610 1208 1653 eir-tremum
1235 1603 1297 1643 die
1326 1603 1461 1652 quinta
1483 1602 1571 1639 Iulii

650 1658 862 1709 eademque
880 1659 976 1703 seria
998 1666 1108 1697 sexta
1129 1661 1244 1710 (quae
1265 1664 1359 1697 nota
1378 1664 1436 1695 est
1451 1657 1571 1695 huius

650 1715 742 1759 anni
769 1715 923 1766 cyclum
950 1715 1020 1753 sol.
1043 1714 1119 1763 24,
1158 1716 1220 1752 cui
1249 1715 1434 1752 convenit
1457 1714 1569 1750 litera

650 1771 865 1812 dominicae
882 1771 1002 1808 index
1018 1772 1069 1820 F,
1098 1770 1356 1820 numerantis)
1376 1782 1396 1805 e
1416 1769 1569 1819 synodo

649 1827 872 1877 indignatus
893 1827 1094 1874 exceden8‚
1115 1825 1354 1877 patriarchio
1370 1826 1410 1861 in
1428 1837 1568 1861 mona-

649 1883 811 1919 sterium
819 1883 1108 1923 Pammacaristi
1118 1882 1280 1931 migrat3
1302 1880 1407 1921 unde
1419 1880 1567 1931 postri-

651 1938 715 1974 die
745 1938 927 1988 scriptam
953 1937 1244 1987 patriarchatus
1279 1936 1566 1974 abdicationem

650 1993 701 2032 ad
721 1993 998 2044 imperatorem
1017 1993 1150 2032 mittit.

704 2048 923 2099 Imperator
947 2048 1112 2103 trepidis
1143 2048 1258 2088 simul
1293 2047 1567 2096 undecumque

649 2103 796 2141 nuntiis
815 2104 1012 2152 turbatus,
1033 2117 1112 2141 non
1134 2105 1248 2142 unius
1266 2103 1473 2143 ,alteriusve
1495 2116 1566 2139 ur-

649 2159 706 2196 bis
731 2165 799 2200 aut
817 2160 1041 2210 provinciae
1062 2160 1239 2197 barbaris
1265 2159 1564 2206 succumbentis,

648 2214 716 2252 sed
740 2214 910 2252 universi
937 2215 1082 2266 ubique
1107 2215 1257 2266 imperii
1288 2228 1365 2251 uno
1391 2220 1566 2264 tempore

649 2271 843 2321 oppressi,
881 2272 1019 2321 utique
1058 2284 1147 2308 cum
1186 2271 1324 2308 Persae
1360 2271 1566 2309 universae

649 2327 858 2364 Orientalis
901 2327 1134 2368 continentis
1175 2327 1256 2363 sine
1294 2326 1563 2364 controversia

650 2382 817 2430 domini,
847 2395 953 2420 mare
982 2382 1165 2423 classibus
1192 2382 1363 2434 piraticis
1388 2382 1560 2432 ingressi,

648 2438 803 2475 Tenedo
842 2444 1057 2493 occupata,
1094 2438 1186 2476 inde
1227 2437 1366 2476 Chium
1401 2440 1560 2475 Samum

647 2493 885 2545 Carpathum
918 2493 1102 2533 Rhodum
1135 2494 1270 2531 subitis
1296 2493 1556 2532 exscensioni—
1585 2498 1611 2532 P
1633 2499 1701 2533 619

648 2552 719 2588 bus
742 2550 1093 2600 depraedarentur,
1122 2563 1276 2587 causam
1303 2549 1560 2600 patriarchae,

646 2613 683 2644 et
706 2605 1022 2643 deliberationem
1046 2605 1186 2655 ecquid
1202 2605 1331 2643 valida
1352 2612 1451 2642 esset
1479 2605 1560 2641 eius

645 2662 862 2709 abdicatio,
888 2662 1159 2714 episcoporum
1186 2661 1374 2712 suflragiis
1395 2660 1558 2712 permit-

643 2719 707 2757 tit.
762 2717 857 2756 ibid.

699 2774 783 2825 lpse
801 2773 957 2811 interim
976 2771 1224 2823 procuranda
1250 2772 1348 2812 clam
1370 2771 1559 2808 affinitate

644 2830 747 2867 inter
775 2828 1051 2881 Cuximpaxim
1078 2827 1300 2867 Tocharum
1327 2826 1399 2866 sibi
1423 2827 1560 2877 fidum,
