1768 3178
418 498 723 552 PE'I'RUS
777 496 1165 547 POSSINUS

276 617 351 707 L„
436 614 490 682 E
598 611 648 682 c
757 609 821 678 T
925 609 989 678 o
1096 608 1157 675 R
1263 606 1321 677 1.

69 895 103 939 Ι.
170 870 407 951 Dispungo
445 907 536 935 ecce
570 906 651 933 non
680 899 796 934 vetus
825 903 999 940 nomen3
1030 895 1070 929 et
1096 901 1217 943 quam
1244 884 1391 927 debere
1421 892 1512 928 ante

66 966 145 1005 hoc
180 963 388 1005 biennium
425 975 634 1016 coeperam
670 966 826 1014 partem
862 959 1027 997 alteram
1063 954 1404 1009 Pachymerianae
1446 956 1513 994 hi-

68 1032 233 1083 storiae,
278 1030 385 1070 haud
420 1027 543 1068 nimis
579 1040 689 1077 sera,
736 1025 771 1066 si
806 1027 941 1066 moles
981 1024 1212 1065 aestimetur
1243 1023 1400 1079 operis,
1445 1036 1514 1062 so-

66 1100 219 1139 lutione
254 1103 519 1153 repraesento.
569 1093 755 1135 describit
790 1108 838 1134 ea
876 1108 950 1134 sex
989 1100 1030 1133 et
1067 1092 1209 1144 viginti
1243 1092 1399 1146 priores
1438 1103 1512 1130 3η-

66 1179 143 1207 nos
178 1165 337 1221 imperii
373 1163 588 1204 Andronici
624 1161 872 1214 Palaeologi,
932 1162 982 1201 ab
1029 1161 1108 1216 ipsi
1149 1160 1389 1212 cognomine
1438 1173 1513 1199 ne-

66 1241 164 1290 pote
208 1247 280 1273 nec
327 1231 445 1274 valde
491 1229 685 1270 concorde
735 1231 888 1282 collega
936 1230 1055 1281 vulgo
1103 1227 1292 1280 distingui
1340 1227 1511 1267 senioris

66 1301 250 1341 adiuncto
296 1300 420 1341 soliti.
489 1306 549 1339 est
594 1299 693 1338 haec
729 1297 995 1338 infelicissimi
1033 1296 1274 1352 principatus
1310 1295 1445 1348 imago
1488 1310 1511 1334 a

65 1376 203 1410 nostro
238 1367 428 1409 historico
466 1369 654 1416 formata,
695 1365 824 1418 magis
862 1364 1088 1405 conditione
1127 1363 1351 1416 argumenti
1391 1376 1510 1418 quam

65 1437 230 1489 ingenio
277 1436 496 1492 pingentis,
555 1434 841 1475 Parrhasianae
879 1434 986 1473 illius
1024 1432 1190 1482 similis,
1244 1446 1320 1487 qua
1355 1430 1510 1471 Plinius

68 1511 230 1545 testatur
266 1503 435 1552 demon,
484 1503 571 1543 sive
606 1504 823 1558 populum,
870 1500 1157 1541 Atheniensem
1194 1492 1258 1539 ab'
1281 1499 1360 1539 isto
1396 1513 1509 1538 sum·

65 1585 136 1612 mo
173 1572 319 1612 artifice
357 1571 413 1611 sic
452 1569 751 1621 adumbratum,
795 1576 838 1609 ut
873 1583 1007 1610 mores
1052 1568 1138 1608 eius
1173 1575 1411 1623 motusque,
1456 1566 1508 1605 li-

63 1643 130 1680 'cet
166 1639 271 1679 inter
307 1653 396 1679 sese
431 1638 636 1689 contrarii,
675 1638 795 1678 simul
832 1645 966 1678 tamen
1002 1637 1046 1676 in
1083 1636 1214 1675 tabula
1244 1635 1305 1675 sui
1343 1648 1509 1675 sensum

67 1707 239 1758 cierent3
294 1714 600 1761 agnosceretque
649 1720 730 1746 uno
774 1706 917 1745 intuitu
967 1711 1165 1760 spectator
1218 1702 1391 1743 eundem
1434 1716 1508 1743 va-

65 1774 170 1815 rium
205 1782 246 1814 et
282 1781 549 1824 constantem,
586 1772 819 1813 iracundum
856 1781 896 1813 et
931 1773 1203 1822 exorabilem,
1242 1772 1434 1811 iniustum
1467 1777 1508 1810 et

67 1843 323 1892 clementem,
379 1842 598 1894 gloriosum
646 1849 687 1882 et
730 1842 949 1892 humilem,
1006 1842 1180 1880 ferocem
1229 1846 1268 1879 et
1312 1841 1509 1890 fugacem.

42 1910 155 1964 .pari
191 1909 388 1965 siquidem
424 1911 631 1966 exemplo,
669 1909 764 1949 dum
804 1910 954 1950 sincera
989 1908 1211 1948 narratione
1248 1914 1385 1946 noster
1421 1906 1507 1944 An-

68 1975 219 2016 dronici
253 1985 336 2017 acta
373 1978 583 2033 exprimit,
636 1992 760 2018 unum
795 1977 930 2033 ipsum
959 1977 1142 2025 exhibet,
1195 1973 1287 2012 hinc
1325 1971 1506 2012 audacis-

69 2043 218 2084 simum
254 2045 459 2097 religionis
489 2052 825 2102 contemptorem,
860 2045 969 2084 illinc
998 2040 1390 2097 superstitiosissime
1418 2042 1505 2080 for-

68 2109 334 2161 midolosum3
367 2114 599 2167 plerumque
627 2114 828 2153 solicitum
858 2110 1143 2152 discordiarum
1170 2109 1359 2149 ecclesiae
1391 2122 1505 2148 com-

67 2176 364 2233 ponendarum,
404 2193 503 2219 mox
538 2180 938 2221 vehementissimum
975 2177 1277 2218 disturbatorem
1315 2177 1503 2216 concilia-

67 2251 133 2284 tae
166 2251 224 2284 tot
255 2245 452 2286 laboribus
492 2261 516 2285 a
550 2254 660 2301 patre
695 2247 805 2303 pacis
842 2246 1118 2296 ecclesiarum3
1152 2243 1366 2300 aliquando
1397 2244 1502 2296 frugi

67 2325 113 2351 ac
149 2326 333 2367 parcum,
385 2314 518 2353 statim
556 2314 796 2355 effusissime
826 2314 1062 2369 prodigum;
1112 2326 1272 2368 semper
1309 2313 1502 2354 versutis-

67 2378 215 2420 simum
263 2379 305 2420 in
365 2379 656 2433 excogitatione
708 2385 906 2422 rationum
959 2380 1066 2437 quod
1119 2382 1240 2422 vellet
1290 2379 1502 2430 efficiendi,

66 2460 282 2502 numquam
323 2456 405 2488 non
449 2448 860 2504 imprudentissimum
895 2450 938 2490 in
976 2449 1169 2489 electione
1218 2448 1499 2497 consiliorum3

65 2515 289 2569 frequenter
333 2530 451 2572 supra
494 2516 660 2557 modum
706 2519 959 2558 affectantem
1002 2519 1154 2557 famam
1201 2516 1371 2556 officiosi
1409 2528 1501 2566 erga

67 2579 330 2635 domesticos,
386 2599 458 2625 nec
503 2599 590 2625 raro
626 2586 751 2626 ferina
787 2586 992 2641 impietate
1030 2584 1356 2635 debacchantem,
1406 2582 1500 2623 vio-

66 2647 196 2690 landis
230 2651 317 2691 sine
349 2659 527 2708 respectu
557 2652 912 2694 necessitudinibus
943 2652 1223 2702 sanctissimis,
1258 2652 1393 2706 utique
1432 2648 1500 2704 qui

68 2728 150 2755 non
183 2717 304 2758 modo
339 2734 420 2760 non
463 2720 515 2760 sit
554 2720 703 2762 veritus
736 2721 1011 2762 'amantissimi
1050 2727 1089 2761 et
1130 2719 1253 2760 nimis
1286 2720 1329 2758 in
1364 2718 1498 2772 ipsum

67 2782 233 2824 benefici
271 2787 446 2842 parentis
477 2787 716 2830 memoriam
750 2789 866 2832 iustis
903 2787 1133 2831 funebribus
1167 2785 1372 2838 fraudare3
1409 2797 1496 2824 ma-
