1858 3126
271 180 367 224 552
680 176 911 220 GEORGII
943 177 1289 223 PAGHYMERIS

271 291 327 347 μὴ
355 293 433 333 τῶν
451 288 592 332 ’ἄλλων
624 287 967 345 φυγομαχούντων
1005 288 1130 339 αὐτὸς
1158 289 1232 332 σῧν
1261 289 1407 345 ὀλίγοις
1435 291 1476 335 ἔν
1501 290 1706 350 ἀναγκαίῳ

272 356 442 415 κινδύνῳ
469 353 519 411 ἦν
547 358 612 398 καὶ
640 360 916 413 παρακληθεὶς
939 355 1200 414 ὑπέστρεφεν.
1268 357 1361 400 ἀλλ’
1385 358 1424 400 οἱ
1450 359 1522 413 μὲν
1542 357 1708 403 ἐπισπό-

273 443 386 481 μενοι
406 424 478 467 οὗκ
497 424 649 479 ἀνῆκαν
666 425 736 477 ἔτι,
776 423 796 468 ὃ
818 426 861 468 δὲ
879 426 1020 481 μικρὸν
1039 422 1308 481 ἀναχωρήσας
1323 429 1397 468 τοῦ
1417 427 1610 479 κυδοιμοῦ
1631 424 1709 470 δᾶ-

275 491 378 549 κρυά
399 509 441 535 τε
461 497 541 535 τῶν
561 493 791 549 ὀφθαλμῶν
802 526 816 546 ,
854 492 920 537 οἷα
941 491 1056 549 λόγος
1076 494 1146 536 τὸν
1161 493 1438 548 Ἀγαμέμνονα
1450 525 1463 545 ,
1492 492 1619 548 ἔρρει,
1643 494 1712 536 ἕλ-

224 570 254 605 Β
278 578 366 604 κετο
387 562 410 602 δ
418 560 428 575 ’
451 561 492 602 ἒκ
513 566 689 616 κεφαλῆς
707 559 1016 618 προθελύμνους
1035 561 1107 611 τὰς
1128 562 1281 616 τρίχας,
1311 568 1394 611 τοῖς
1412 565 1494 604 τῶν
1505 559 1712 614 Ῥωμαίων
1725 571 1747 607 5

276 626 588 682 ἔποικτιζόμενος
619 627 826 684 πράγμασι
837 662 850 681 ,
886 631 951 671 καὶ
977 628 1242 685 ὑποστρέφειν
1275 627 1500 685 ἐσφάδαζε,
1538 627 1613 671 κᾶν
1642 627 1717 671 οὐκ

277 695 376 751 εἶχεν
403 695 520 745 ὅλως.
588 694 695 746 ἕλεος
724 697 764 739 δ’
798 693 848 751 ἦν
880 698 1068 740 ἐντεῦθεν
1096 701 1218 749 θεοῦ,
1255 698 1321 739 καὶ
1348 693 1479 739 ἔννοιά
1508 713 1568 746 τις
1596 693 1718 753 εἰσῄει

277 764 375 814 τοὺς
402 760 643 814 ἀντιπάλους
675 763 729 814 ὥς
756 764 850 808 κατ’
882 763 1040 820 ἀπάτην
1080 764 1333 821 ἀναχωροῦσι
1365 765 1430 807 καὶ
1458 761 1513 814 ὥς
1538 764 1718 819 ἐνέδραις

277 834 580 887 προλοχίζουσιν
598 832 712 875 ἄλλοι
723 865 734 884 ,
773 834 839 875 καὶ
858 831 988 882 οὕτως
1007 833 1254 888 ἀνείργονται
1276 836 1348 888 τῆς
1366 829 1552 882 διώξεως.
1618 830 1718 874 ὅθεν

281 902 347 943 καὶ
365 894 474 942 οὗτοι
491 900 563 953 μέν
584 905 657 955 τῆς
675 901 737 942 ἐπὶ
760 901 805 943 τὸ
828 898 968 957 πρόσω
987 905 1116 957 φορᾶς
1131 901 1340 952 ἵστανται,
1376 900 1514 942 ἐκεῖνοι
1535 899 1579 942 δὲ
1597 898 1719 949 ἄλλος
1730 909 1773 944 10

282 967 460 1021 ἀλλαχοῦ
487 968 772 1023 διασπαρέντες
803 966 1102 1023 περισιῦζονται.
1170 967 1191 1011 ὅ
1220 968 1357 1022 μέντοι
1376 985 1418 1024 γε
1437 967 1629 1020 βασιλεῧς
1645 984 1722 1010 κα-

231 1046 262 1081 c
284 1033 532 1088 ταλαμβάνει
552 1033 668 1089 μόλις
687 1035 734 1079 τὸ
755 1035 1001 1092 Πάμφυλον.
1054 1037 1119 1078 καὶ
1141 1035 1189 1091 δὴ
1212 1041 1284 1090 τῆς
1305 1034 1442 1092 φήμης
1462 1036 1723 1090 διαδοθείσης

285 1103 358 1146 οὐκ
378 1099 426 1158 ἦν
452 1102 560 1152 ὅστις
575 1108 657 1146 τῶν
674 1109 857 1159 γεωργῶν
870 1136 882 1156 ,
919 1105 960 1146 ἓν
980 1103 1089 1160 ἀκμῇ
1107 1106 1172 1146 καὶ
1193 1109 1322 1146 ταῦτα
1341 1107 1414 1146 τοῦ
1432 1102 1606 1159 θέρους,
1642 1102 1722 1153 ἔξω

283 1175 356 1226 τῆς
380 1173 690 1214 Κωνσταντίνου
719 1173 1046 1223 ἕναπολέλειπτο,
1084 1171 1176 1214 ἀλλ’
1211 1171 1296 1225 ἅμα
1326 1168 1529 1213 πάντοθεν
1557 1187 1723 1225 μυρμη-

285 1239 373 1282 κιὰν
395 1237 633 1293 μιμούμενοι
655 1237 951 1296 ἐσκευαγώγουν
979 1239 1047 1295 ἐφ’
1072 1237 1263 1293 ἁμαξῶν,
1301 1239 1405 1294 θέρη
1423 1239 1490 1280 καὶ
1508 1236 1722 1293 δράγματα
1732 1245 1775 1283 15

286 1308 353 1349 καὶ
383 1307 540 1362 σωροὺς
562 1309 716 1362 χαίρειν
745 1308 896 1357 ἐῶντες.
963 1314 1048 1356 τοῖς
1064 1308 1138 1362 μὲν
1162 1302 1233 1350 οὖν
1250 1307 1443 1356 ἐναντίοις
1453 1337 1466 1358 ,
1500 1305 1574 1348 κᾶν
1597 1307 1724 1349 ’ἴστων

286 1374 339 1418 τὰ
371 1373 588 1432 ὃρμήματα
616 1374 706 1419 τότε
734 1372 837 1418 κατά
862 1392 952 1419 τινα
978 1375 1148 1433 ἒνεδρῶν
1179 1373 1388 1430 ὑποψίαν,
1424 1372 1520 1417 ἀλλ’
1553 1368 1626 1417 οὖν
1650 1372 1724 1418 οὔκ

292 1583 432 1616 cumque
463 1571 518 1606 ille
548 1573 644 1607 varie
672 1573 931 1608 declinabundus
960 1574 1138 1621 plerasque
1161 1573 1350 1620 'petitiones
1380 1573 1516 1608 eludere
1538 1575 1727 1614 conaretur,

292 1618 474 1652 obfirmans
503 1618 632 1652 interim
666 1619 698 1652 in
734 1626 851 1664 coepto
881 1621 1101 1654 constantiam
1123 1632 1185 1654 nec
1206 1619 1386 1654 recedendi
1408 1619 1642 1663 cogitationem
1665 1617 1727 1652 ad-

292 1663 446 1705 mittens,
469 1664 576 1707 quoad
603 1665 687 1697 omni
709 1664 776 1697 iam
799 1677 840 1698 ex
864 1671 963 1709 parte
978 1665 1183 1709 fugientibus
1198 1665 1355 1699 Romanis
1376 1665 1533 1710 princeps
1555 1664 1599 1698 ab
1620 1663 1727 1698 anim-

293 1708 545 1742 advertentibus
567 1712 747 1742 extremnm
770 1710 843 1743 eius
867 1710 1047 1755 periculum
1070 1711 1151 1743 viris
1172 1710 1336 1752 fortibus,
1360 1709 1417 1754 qui
1440 1721 1514 1743 eum
1535 1707 1634 1754 pauci
1656 1707 1730 1753 cir--¹

293 1755 523 1796 cumstabant,
546 1755 664 1787 crebro
687 1755 872 1789 admonitus
895 1767 937 1788 ne
959 1766 1070 1789 secum
1093 1755 1200 1789 omnia
1222 1766 1356 1800 pessum
1377 1755 1548 1795 traheret,
1570 1764 1729 1788 necessa-

293 1800 343 1833 rio
367 1799 508 1844 denique
531 1800 713 1844 obsequens
737 1800 872 1833 consilio
905 1800 1069 1843 recessit,
1103 1801 1350 1845 insequentibus
1373 1803 1462 1834 -tunc
1484 1810 1618 1845 quoque
1638 1798 1729 1833 irre-

296 1844 398 1878 misse
420 1844 580 1880 hostibus.
623 1845 681 1878 vix
704 1846 834 1889 paulum
857 1857 894 1879 se
916 1846 979 1880 hoc
997 1857 1096 1879 cursu
1112 1858 1132 1879 a
1149 1846 1274 1889 praelio
1290 1849 1494 1887 removerat,
1515 1856 1589 1878 cum
1604 1848 1733 1888 agente

297 1890 429 1923 ferente
456 1900 648 1934 generosam
681 1890 751 1924 eius
783 1896 925 1925 mentem
954 1891 1110 1925 immensa
1131 1891 1340 1924 miseratione
1363 1901 1472 1924 rerum
1494 1890 1733 1932 Romanarum,-

297 1935 388 1968 inter
417 1935 593 1979 lacrimas,
625 1935 714 1979 quod
746 1936 780 1969 in
811 1947 849 1970 re
877 1936 976 1970 simili
999 1937 1042 1969 de
1063 1939 1307 1980 Agamemnone
1329 1939 1530 1976 memorant,
1560 1946 1603 1968 ex
1624 1933 1733 1969 oculis

299 1980 442 2014 fluentes
469 1981 567 2014 etism
602 1981 709 2014 crines
738 1982 856 2026 capitis
885 1982 1052 2024 vellebat,
1080 1985 1176 2015 aestu
1207 1981 1305 2015 animi
1333 1981 1474 2015 subinde
1501 1979 1665 2014 redeunte
1686 1978 1736 2015 ad

298 2025 387 2059 hosti
410 2026 646 2060 occursandum
668 2027 789 2060 iterum
811 2027 989 2072 impulsus,
1018 2027 1134 2072 utique
1155 2027 1391 2068 obsecuturus,
1413 2026 1479 2060 nisi
1501 2031 1639 2071 praeter
1658 2036 1734 2060 ma-

298 2070 442 2104 nifestae
475 2071 507 2104 in
537 2071 596 2104 tali
629 2073 762 2106 fortuna
790 2072 1052 2107 reclamationem
1083 2072 1278 2117 prudentiae
1308 2071 1362 2105 vis
1392 2082 1526 2117 quoque
1546 2069 1732 2105 arcentium

299 2115 444 2159 undique
476 2117 628 2150 comitum
662 2118 824 2152 obstaret.
870 2123 974 2162 atque
1006 2118 1081 2160 hic,
1114 2117 1294 2152 miserante
1315 2128 1375 2151 nos
1397 2117 1482 2157 deo,
1514 2127 1620 2150 vanus
1641 2114 1739 2150 hosti

298 2160 422 2193 victori
445 2162 595 2195 obiectus
625 2168 735 2196 terror
759 2167 811 2196 est
833 2163 1024 2198 insidiarum
1047 2175 1068 2197 a
1091 2163 1215 2197 nostris
1239 2163 1444 2208 positarum,
1475 2161 1509 2196 in
1530 2172 1616 2206 quas
1634 2161 1731 2206 ipson

300 2204 458 2240 videlicet
488 2208 683 2251 pertrahere
713 2208 895 2243 artificiosa
924 2210 1025 2254 fugae
1055 2208 1264 2242 simulatione
1295 2207 1492 2251 cogitarent.
1543 2209 1628 2240 haee
1655 2204 1731 2238 illos

299 2250 342 2283 ab
373 2251 510 2285 ulterius
541 2253 770 2298 persequendo
805 2255 963 2288 cohibens
994 2265 1095 2288 causa
1128 2254 1271 2298 spatium
1302 2252 1464 2287 michaeli
1483 2251 1586 2285 ,dedit
1615 2257 1735 2301 manu}

300 2306 412 2328 eorlum
442 2297 614 2331 evadendi.
662 2310 702 2331 ac
731 2299 869 2334 Romani
892 2300 1023 2344 quidem
1051 2299 1178 2333 caeteri
1199 2298 1292 2332 varie
1313 2296 1457 2342 dispersi
1478 2296 1638 2338 salutem,
1671 2294 1731 2347 ubl

299 2339 442 2385 quisque
460 2342 580 2385 potuit,
607 2343 790 2387 quaesiere.
835 2345 1016 2389 imperator
1043 2355 1146 2389 aegre
1170 2343 1384 2388 Pamphylum
1412 2341 1544 2375 delatus
1565 2339 1613 2374 ibi
1632 2349 1733 2384 quie-

300 2384 360 2419 vit.
406 2387 494 2419 sama
522 2388 626 2420 cladis
648 2389 745 2422 huius
769 2389 837 2423 late
865 2390 990 2431 didita,
1023 2390 1129 2423 nullus
1153 2388 1392 2432 agricolarum,
1422 2385 1488 2420 etsi
1510 2395 1657 2424 summa,
1690 2387 1730 2418 ut

299 2434 380 2463 tunc
403 2437 494 2471 erat,
530 2437 660 2465 aestate
684 2434 740 2467 vel
762 2434 902 2468 maxime
923 2446 1026 2478 opera
1053 2445 1164 2468 eorum
1188 2432 1324 2466 maturis
1347 2429 1536 2474 colligendis
1559 2429 1730 2474 segetibus

299 2485 379 2508 rure
398 2476 650 2520 requireretur,
674 2483 772 2512 extra
794 2479 1114 2522 Constantinopolim
1136 2478 1320 2512 subsistere
1340 2475 1457 2510 voluit·
1502 2475 1609 2518 longis
1631 2473 1732 2508 undi-

301 2531 367 2564 que
389 2521 572 2564 agminibus
594 2522 701 2556 instar
722 2523 949 2562 formicarum,
980 2523 1191 2557 domesticam
1220 2520 1455 2566 supellectilem
1486 2519 1644 2564 plaustris
1666 2519 1732 2553 im-

302 2565 442 2610 positam
466 2577 546 2611 prae
569 2578 605 2600 se
627 2572 780 2610 agentes,
804 2569 837 2600 in
861 2569 976 2602 urbem
998 2569 1212 2607 ferebantur,
1234 2566 1346 2600 securi
1359 2565 1529 2606 messium,
1552 2575 1636 2609 quas
1649 2575 1732 2608 par-

303 2610 362 2643 tim
389 2611 423 2644 in
453 2611 578 2656 campis
613 2613 754 2645 nondum
785 2613 938 2646 desectas
965 2613 1074 2653 falce,
1109 2612 1230 2656 partim
1262 2612 1298 2644 in
1329 2611 1418 2645 areis
1449 2609 1673 2654 manipulatim
1695 2608 1733 2643 in

302 2658 412 2690 strues
435 2661 609 2701 congestas
631 2657 879 2700 relinquebant,
901 2658 1125 2691 condonantes
1148 2655 1320 2697 hostibus,
1343 2660 1378 2689 et
1399 2656 1434 2689 in
1454 2657 1547 2689 lucro
1570 2659 1740 2699 ponentes·

303 2702 391 2746 quod
415 2702 620 2737 barbaricum
643 2702 813 2735 servitium
836 2706 895 2735 aut
916 2703 1040 2736 ferrum
1066 2703 1120 2735 vel
1141 2701 1220 2735 nudi
1243 2704 1278 2734 et
1300 2701 1440 2735 omnium
1461 2701 1577 2745 inopes
1599 2700 1734 2743 effuge-

303 2752 389 2781 rent.
443 2748 588 2782 rictores
625 2747 781 2788 barbari,
821 2745 880 2781 ubi
911 2747 994 2781 satis
1025 2747 1253 2782 discusserunt
1279 2746 1498 2791 suspicionem
1535 2745 1742 2780 insidiarum.

304 2803 391 2837 quae
413 2793 490 2828 illos
511 2805 532 2828 a
553 2793 660 2828 victos
682 2792 883 2838 insequendo
905 2793 1162 2836 retardaverat,
1191 2803 1254 2827 nec
1287 2802 1396 2838 pauca
1424 2803 1488 2827 nec
1516 2790 1605 2826 levia
1624 2788 1743 2837 obviis.
