<?xml version="1.0" encoding="UTF-8"?>
<!DOCTYPE html PUBLIC "-//W3C//DTD XHTML 1.0 Transitional//EN"
    "http://www.w3.org/TR/xhtml1/DTD/xhtml1-transitional.dtd">
<html xmlns="http://www.w3.org/1999/xhtml" xml:lang="en" lang="en">
 <head>
  <title>
</title>
<meta http-equiv="Content-Type" content="text/html;charset=utf-8" />
  <meta name='ocr-system' content='tesseract 3.04.00' />
  <meta name='ocr-capabilities' content='ocr_page ocr_carea ocr_par ocr_line ocrx_word'/>
</head>
<body>
  <div class='ocr_page' id='page_1' title='image "./corpusscriptorum18niebuoft_0066.png"; bbox 0 0 1820 3112; ppageno 0'>
   <div class='ocr_carea' id='block_1_1' title="bbox 214 161 1258 216">
    <p class='ocr_par' dir='ltr' id='par_1_1' title="bbox 214 161 1258 216">
     <span class='ocr_line' id='line_1_1' title="bbox 214 161 1258 216; baseline -0.014 0"><span class='ocrx_word' id='word_1_1' title='bbox 214 171 279 216; x_wconf 90' lang='lat'>50</span> <span class='ocrx_word' id='word_1_2' title='bbox 630 163 868 209; x_wconf 91' lang='lat' dir='ltr'>GEORGII</span> <span class='ocrx_word' id='word_1_3' title='bbox 902 161 1258 204; x_wconf 87' lang='lat' dir='ltr'>PACHYMERIS</span> 
     </span>
    </p>
   </div>
   <div class='ocr_carea' id='block_1_2' title="bbox 91 269 1741 1496">
    <p class='ocr_par' dir='ltr' id='par_1_2' title="bbox 214 269 1686 402">
     <span class='ocr_line' id='line_1_2' title="bbox 214 269 1686 339; baseline -0.006 -16"><span class='ocrx_word' id='word_1_4' title='bbox 214 280 394 339; x_wconf 76' lang='grc' dir='ltr'><strong><em>σφαίρας</em></strong></span> <span class='ocrx_word' id='word_1_5' title='bbox 410 274 610 331; x_wconf 77' lang='grc' dir='ltr'><strong><em>ὖψῶματι</em></strong></span> <span class='ocrx_word' id='word_1_6' title='bbox 630 280 754 319; x_wconf 75' lang='grc' dir='ltr'><strong><em>τοῦτο</em></strong></span> <span class='ocrx_word' id='word_1_7' title='bbox 779 275 824 318; x_wconf 79' lang='grc' dir='ltr'>δὲ</span> <span class='ocrx_word' id='word_1_8' title='bbox 843 276 910 317; x_wconf 81' lang='grc' dir='ltr'>καὶ</span> <span class='ocrx_word' id='word_1_9' title='bbox 927 277 986 332; x_wconf 79' lang='grc' dir='ltr'><strong><em>τῷ</em></strong></span> <span class='ocrx_word' id='word_1_10' title='bbox 1007 274 1082 324; x_wconf 81' lang='grc' dir='ltr'><strong><em>τὰς</em></strong></span> <span class='ocrx_word' id='word_1_11' title='bbox 1097 277 1172 316; x_wconf 84' lang='grc' dir='ltr'><strong><em>τοῦ</em></strong></span> <span class='ocrx_word' id='word_1_12' title='bbox 1191 270 1308 327; x_wconf 76' lang='grc' dir='ltr'><strong><em>ἡλίου</em></strong></span> <span class='ocrx_word' id='word_1_13' title='bbox 1329 270 1496 322; x_wconf 80' lang='grc' dir='ltr'><strong><em>ἇκτΐνας</em></strong></span> <span class='ocrx_word' id='word_1_14' title='bbox 1516 269 1686 326; x_wconf 74' lang='grc' dir='ltr'><strong><em>δεχομέ-</em></strong></span> 
     </span>
     <span class='ocr_line' id='line_1_3' title="bbox 215 338 1686 402; baseline -0.007 -9"><span class='ocrx_word' id='word_1_15' title='bbox 215 366 312 398; x_wconf 88' lang='grc' dir='ltr'><strong><em>νους</em></strong></span> <span class='ocrx_word' id='word_1_16' title='bbox 330 347 426 396; x_wconf 76' lang='grc' dir='ltr'><strong><em>τοὺς</em></strong></span> <span class='ocrx_word' id='word_1_17' title='bbox 449 345 699 402; x_wconf 75' lang='grc' dir='ltr'><strong><em>ὀφθαλμούς</em></strong></span> <span class='ocrx_word' id='word_1_18' title='bbox 717 348 775 402; x_wconf 77' lang='grc' dir='ltr'><strong><em>τῷ</em></strong></span> <span class='ocrx_word' id='word_1_19' title='bbox 802 342 897 386; x_wconf 74' lang='grc' dir='ltr'><strong><em>κατ’</em></strong></span> <span class='ocrx_word' id='word_1_20' title='bbox 922 342 1052 392; x_wconf 80' lang='grc' dir='ltr'><strong><em>αὐτὰς</em></strong></span> <span class='ocrx_word' id='word_1_21' title='bbox 1074 342 1302 397; x_wconf 74' lang='grc' dir='ltr'><em>ἀρρωστεῖν</em></span> <span class='ocrx_word' id='word_1_22' title='bbox 1322 338 1563 395; x_wconf 81' lang='grc' dir='ltr'><strong><em>περιχῦματι</em></strong></span> <span class='ocrx_word' id='word_1_23' title='bbox 1579 372 1592 392; x_wconf 91' lang='grc'><strong><em>,</em></strong></span> <span class='ocrx_word' id='word_1_24' title='bbox 1628 339 1686 382; x_wconf 73' lang='grc' dir='ltr'>εἷ’-</span> 
     </span>
    </p>

    <p class='ocr_par' dir='ltr' id='par_1_3' title="bbox 166 405 1741 1018">
     <span class='ocr_line' id='line_1_4' title="bbox 166 405 1684 473; baseline -0.006 -14"><span class='ocrx_word' id='word_1_25' title='bbox 166 437 196 471; x_wconf 80' lang='lat' dir='ltr'>c</span> <span class='ocrx_word' id='word_1_26' title='bbox 220 435 294 473; x_wconf 75' lang='grc' dir='ltr'>περ</span> <span class='ocrx_word' id='word_1_27' title='bbox 313 417 379 458; x_wconf 81' lang='grc' dir='ltr'>καὶ</span> <span class='ocrx_word' id='word_1_28' title='bbox 399 415 441 465; x_wconf 75' lang='grc' dir='ltr'>ἐξ</span> <span class='ocrx_word' id='word_1_29' title='bbox 469 413 634 463; x_wconf 81' lang='grc' dir='ltr'><strong><em>ἀτονίας</em></strong></span> <span class='ocrx_word' id='word_1_30' title='bbox 653 412 700 456; x_wconf 83' lang='grc' dir='ltr'><strong><em>τὸ</em></strong></span> <span class='ocrx_word' id='word_1_31' title='bbox 722 414 922 465; x_wconf 78' lang='grc' dir='ltr'><strong><em>στίλβειν,</em></strong></span> <span class='ocrx_word' id='word_1_32' title='bbox 959 409 1062 453; x_wconf 74' lang='grc' dir='ltr'><strong><em>καθ’</em></strong></span> <span class='ocrx_word' id='word_1_33' title='bbox 1087 409 1183 453; x_wconf 82' lang='grc' dir='ltr'><strong><em>ὅσον</em></strong></span> <span class='ocrx_word' id='word_1_34' title='bbox 1212 405 1263 464; x_wconf 75' lang='grc' dir='ltr'>ἦν</span> <span class='ocrx_word' id='word_1_35' title='bbox 1285 409 1480 463; x_wconf 73' lang='grc' dir='ltr'><strong><em>ἕστιλβεν.</em></strong></span> <span class='ocrx_word' id='word_1_36' title='bbox 1550 408 1590 451; x_wconf 81' lang='grc' dir='ltr'>οἶ</span> <span class='ocrx_word' id='word_1_37' title='bbox 1608 408 1684 462; x_wconf 73' lang='grc' dir='ltr'>μὲν</span> 
     </span>
     <span class='ocr_line' id='line_1_5' title="bbox 213 475 1682 538; baseline -0.007 -10"><span class='ocrx_word' id='word_1_38' title='bbox 213 481 287 529; x_wconf 79' lang='grc' dir='ltr'>οὗν</span> <span class='ocrx_word' id='word_1_39' title='bbox 320 485 362 527; x_wconf 75' lang='grc' dir='ltr'>ἓν</span> <span class='ocrx_word' id='word_1_40' title='bbox 394 482 567 538; x_wconf 75' lang='grc' dir='ltr'><em>ἀγαθοῖς</em></span> <span class='ocrx_word' id='word_1_41' title='bbox 602 481 770 524; x_wconf 66' lang='grc' dir='ltr'><strong><em>ἔταττον</em></strong></span> <span class='ocrx_word' id='word_1_42' title='bbox 797 481 845 523; x_wconf 88' lang='grc' dir='ltr'><strong><em>τὸ</em></strong></span> <span class='ocrx_word' id='word_1_43' title='bbox 877 486 1066 534; x_wconf 84' lang='grc' dir='ltr'><strong><em>σημεῖον·</em></strong></span> <span class='ocrx_word' id='word_1_44' title='bbox 1108 475 1365 534; x_wconf 77' lang='grc' dir='ltr'><strong><em>περιλάμψαι</em></strong></span> <span class='ocrx_word' id='word_1_45' title='bbox 1391 476 1471 533; x_wconf 74' lang='grc' dir='ltr'>γὰρ</span> <span class='ocrx_word' id='word_1_46' title='bbox 1500 476 1616 532; x_wconf 81' lang='grc' dir='ltr'><strong><em>σφίσι</em></strong></span> <span class='ocrx_word' id='word_1_47' title='bbox 1634 475 1682 519; x_wconf 81' lang='grc' dir='ltr'><strong><em>τὸ</em></strong></span> 
     </span>
     <span class='ocr_line' id='line_1_6' title="bbox 213 544 1716 608; baseline -0.007 -12"><span class='ocrx_word' id='word_1_48' title='bbox 213 558 295 596; x_wconf 83' lang='grc' dir='ltr'><strong><em>τῶν</em></strong></span> <span class='ocrx_word' id='word_1_49' title='bbox 320 552 494 608; x_wconf 75' lang='grc' dir='ltr'><strong><em>ἀγαθῶν</em></strong></span> <span class='ocrx_word' id='word_1_50' title='bbox 523 554 612 607; x_wconf 82' lang='grc' dir='ltr'>φῶς</span> <span class='ocrx_word' id='word_1_51' title='bbox 634 550 791 604; x_wconf 78' lang='grc' dir='ltr'><strong><em>μέλλειν</em></strong></span> <span class='ocrx_word' id='word_1_52' title='bbox 813 550 878 590; x_wconf 82' lang='grc' dir='ltr'>καὶ</span> <span class='ocrx_word' id='word_1_53' title='bbox 906 551 988 589; x_wconf 82' lang='grc' dir='ltr'>πᾶν</span> <span class='ocrx_word' id='word_1_54' title='bbox 1009 549 1212 596; x_wconf 75' lang='grc' dir='ltr'><em>σκοτῶδες</em></span> <span class='ocrx_word' id='word_1_55' title='bbox 1230 548 1296 588; x_wconf 79' lang='grc' dir='ltr'>καὶ</span> <span class='ocrx_word' id='word_1_56' title='bbox 1318 544 1506 601; x_wconf 79' lang='grc' dir='ltr'><strong><em>ἀμαυρὸν</em></strong></span> <span class='ocrx_word' id='word_1_57' title='bbox 1527 544 1716 587; x_wconf 57' lang='lat' dir='ltr'>&amp;nesta-5</span> 
     </span>
     <span class='ocr_line' id='line_1_7' title="bbox 212 612 1684 676; baseline -0.006 -12"><span class='ocrx_word' id='word_1_58' title='bbox 212 626 340 676; x_wconf 77' lang='grc' dir='ltr'><strong><em>θῆναι</em></strong></span> <span class='ocrx_word' id='word_1_59' title='bbox 371 624 421 676; x_wconf 84' lang='grc' dir='ltr'><strong><em>τῇ</em></strong></span> <span class='ocrx_word' id='word_1_60' title='bbox 450 624 523 661; x_wconf 85' lang='grc' dir='ltr'><strong><em>τοῦ</em></strong></span> <span class='ocrx_word' id='word_1_61' title='bbox 561 614 962 674; x_wconf 72' lang='grc' dir='ltr'><strong><em>πατριαρχεῦσαντος</em></strong></span> <span class='ocrx_word' id='word_1_62' title='bbox 997 616 1218 674; x_wconf 72' lang='grc' dir='ltr'><strong><em>παρουσία.</em></strong></span> <span class='ocrx_word' id='word_1_63' title='bbox 1286 612 1414 670; x_wconf 83' lang='grc' dir='ltr'><strong><em>λόγιοι</em></strong></span> <span class='ocrx_word' id='word_1_64' title='bbox 1447 613 1492 655; x_wconf 78' lang='grc' dir='ltr'>δὲ</span> <span class='ocrx_word' id='word_1_65' title='bbox 1521 612 1684 669; x_wconf 75' lang='grc' dir='ltr'><strong><em>ἀνδρῶν</em></strong></span> 
     </span>
     <span class='ocr_line' id='line_1_8' title="bbox 213 678 1682 745; baseline -0.006 -13"><span class='ocrx_word' id='word_1_66' title='bbox 213 691 413 745; x_wconf 74' lang='grc' dir='ltr'><em>μεγίστων</em></span> <span class='ocrx_word' id='word_1_67' title='bbox 436 687 669 744; x_wconf 80' lang='grc' dir='ltr'><strong><em>ἀφανισμὸν</em></strong></span> <span class='ocrx_word' id='word_1_68' title='bbox 691 689 757 728; x_wconf 85' lang='grc' dir='ltr'>καὶ</span> <span class='ocrx_word' id='word_1_69' title='bbox 790 689 863 740; x_wconf 80' lang='grc' dir='ltr'><strong><em>τῆς</em></strong></span> <span class='ocrx_word' id='word_1_70' title='bbox 894 684 999 726; x_wconf 78' lang='grc' dir='ltr'><strong><em>κατὰ</em></strong></span> <span class='ocrx_word' id='word_1_71' title='bbox 1022 688 1132 740; x_wconf 75' lang='grc' dir='ltr'><strong><em>σφᾶς</em></strong></span> <span class='ocrx_word' id='word_1_72' title='bbox 1151 687 1271 738; x_wconf 76' lang='grc' dir='ltr'><strong><em>τιμῆς</em></strong></span> <span class='ocrx_word' id='word_1_73' title='bbox 1291 681 1462 739; x_wconf 69' lang='grc' dir='ltr'><strong><em>φθορὰν</em></strong></span> <span class='ocrx_word' id='word_1_74' title='bbox 1484 678 1682 734; x_wconf 72' lang='grc' dir='ltr'><strong><em>ἐνενόουν,</em></strong></span> 
     </span>
     <span class='ocr_line' id='line_1_9' title="bbox 215 750 1684 814; baseline -0.005 -14"><span class='ocrx_word' id='word_1_75' title='bbox 215 759 382 814; x_wconf 79' lang='grc' dir='ltr'><em>κρείττω</em></span> <span class='ocrx_word' id='word_1_76' title='bbox 401 754 716 811; x_wconf 84' lang='grc' dir='ltr'><strong><em>μαντευόμενοι·</em></strong></span> <span class='ocrx_word' id='word_1_77' title='bbox 747 754 794 796; x_wconf 85' lang='grc' dir='ltr'><strong><em>τὸ</em></strong></span> <span class='ocrx_word' id='word_1_78' title='bbox 825 753 902 809; x_wconf 72' lang='grc' dir='ltr'>γὰρ</span> <span class='ocrx_word' id='word_1_79' title='bbox 926 752 1097 808; x_wconf 77' lang='grc' dir='ltr'><strong><em>ἄστε’ρος</em></strong></span> <span class='ocrx_word' id='word_1_80' title='bbox 1121 750 1281 805; x_wconf 74' lang='grc' dir='ltr'><strong><em>ὕψωμα</em></strong></span> <span class='ocrx_word' id='word_1_81' title='bbox 1307 755 1364 809; x_wconf 81' lang='grc' dir='ltr'><strong><em>τῷ</em></strong></span> <span class='ocrx_word' id='word_1_82' title='bbox 1385 751 1582 808; x_wconf 82' lang='grc' dir='ltr'><strong><em>μεγαλείῳ</em></strong></span> <span class='ocrx_word' id='word_1_83' title='bbox 1601 753 1684 792; x_wconf 79' lang='grc' dir='ltr'><strong><em>τῶν</em></strong></span> 
     </span>
     <span class='ocr_line' id='line_1_10' title="bbox 216 819 1681 882; baseline -0.005 -14"><span class='ocrx_word' id='word_1_84' title='bbox 216 826 378 882; x_wconf 78' lang='grc' dir='ltr'><strong><em>ἀνδρῶν</em></strong></span> <span class='ocrx_word' id='word_1_85' title='bbox 398 822 731 879; x_wconf 74' lang='grc' dir='ltr'>παραβάλλοντες</span> <span class='ocrx_word' id='word_1_86' title='bbox 750 822 796 864; x_wconf 85' lang='grc' dir='ltr'><strong><em>τὸ</em></strong></span> <span class='ocrx_word' id='word_1_87' title='bbox 815 821 1000 878; x_wconf 85' lang='grc' dir='ltr'><strong><em>κρονικόν</em></strong></span> <span class='ocrx_word' id='word_1_88' title='bbox 1020 822 1086 863; x_wconf 84' lang='grc' dir='ltr'>καὶ</span> <span class='ocrx_word' id='word_1_89' title='bbox 1106 819 1268 875; x_wconf 80' lang='grc' dir='ltr'><strong><em>ψυχρὸν</em></strong></span> <span class='ocrx_word' id='word_1_90' title='bbox 1289 819 1429 869; x_wconf 80' lang='grc' dir='ltr'><strong><em>αὐτοῖς</em></strong></span> <span class='ocrx_word' id='word_1_91' title='bbox 1455 819 1681 871; x_wconf 54' lang='lat' dir='ltr'>berlaum,</span> 
     </span>
     <span class='ocr_line' id='line_1_11' title="bbox 217 884 1741 950; baseline -0.005 -13"><span class='ocrx_word' id='word_1_92' title='bbox 217 892 272 944; x_wconf 83' lang='grc' dir='ltr'>ὥς</span> <span class='ocrx_word' id='word_1_93' title='bbox 301 892 632 948; x_wconf 77' lang='grc' dir='ltr'><strong><em>πηχθησομένοις</em></strong></span> <span class='ocrx_word' id='word_1_94' title='bbox 660 895 717 950; x_wconf 80' lang='grc' dir='ltr'><strong><em>τῷ</em></strong></span> <span class='ocrx_word' id='word_1_95' title='bbox 748 888 859 947; x_wconf 82' lang='grc' dir='ltr'><strong><em>κρύει</em></strong></span> <span class='ocrx_word' id='word_1_96' title='bbox 885 894 967 932; x_wconf 86' lang='grc' dir='ltr'><strong><em>τῶν</em></strong></span> <span class='ocrx_word' id='word_1_97' title='bbox 1002 893 1252 946; x_wconf 75' lang='grc' dir='ltr'><strong><em>συμφορῶν,</em></strong></span> <span class='ocrx_word' id='word_1_98' title='bbox 1289 887 1312 931; x_wconf 82' lang='grc' dir='ltr'>ὃ</span> <span class='ocrx_word' id='word_1_99' title='bbox 1343 887 1395 943; x_wconf 83' lang='grc' dir='ltr'>δὴ</span> <span class='ocrx_word' id='word_1_100' title='bbox 1429 887 1535 930; x_wconf 80' lang='grc' dir='ltr'><strong><em>κατὰ</em></strong></span> <span class='ocrx_word' id='word_1_101' title='bbox 1552 884 1684 936; x_wconf 83' lang='grc' dir='ltr'><strong><em>πόδας</em></strong></span> <span class='ocrx_word' id='word_1_102' title='bbox 1696 890 1741 925; x_wconf 86' lang='grc'>10</span> 
     </span>
     <span class='ocr_line' id='line_1_12' title="bbox 211 960 444 1018; baseline -0.017 -11"><span class='ocrx_word' id='word_1_103' title='bbox 211 960 444 1018; x_wconf 76' lang='grc' dir='ltr'><strong><em>ἠκολούθει.</em></strong></span> 
     </span>
    </p>

    <p class='ocr_par' dir='ltr' id='par_1_4' title="bbox 91 1019 1739 1496">
     <span class='ocr_line' id='line_1_13' title="bbox 91 1019 1682 1084; baseline -0.007 -7"><span class='ocrx_word' id='word_1_104' title='bbox 91 1042 125 1076; x_wconf 52' lang='grc' dir='ltr'><em>Ῥ</em></span> <span class='ocrx_word' id='word_1_105' title='bbox 148 1043 194 1078; x_wconf 85' lang='grc'>30</span> <span class='ocrx_word' id='word_1_106' title='bbox 357 1030 434 1075; x_wconf 90' lang='grc'>17.</span> <span class='ocrx_word' id='word_1_107' title='bbox 505 1032 593 1083; x_wconf 80' lang='grc' dir='ltr'>Τῆς</span> <span class='ocrx_word' id='word_1_108' title='bbox 611 1027 689 1084; x_wconf 68' lang='grc' dir='ltr'>γὰρ</span> <span class='ocrx_word' id='word_1_109' title='bbox 709 1026 898 1081; x_wconf 70' lang='grc' dir='ltr'><strong><em>δευτέρας</em></strong></span> <span class='ocrx_word' id='word_1_110' title='bbox 919 1021 1150 1079; x_wconf 63' lang='grc' dir='ltr'><strong><em>ἑβδομάδος</em></strong></span> <span class='ocrx_word' id='word_1_111' title='bbox 1170 1024 1272 1077; x_wconf 83' lang='grc' dir='ltr'><strong><em>μετὰ</em></strong></span> <span class='ocrx_word' id='word_1_112' title='bbox 1294 1023 1367 1078; x_wconf 76' lang='grc' dir='ltr'><strong><em>τὴν</em></strong></span> <span class='ocrx_word' id='word_1_113' title='bbox 1385 1019 1682 1077; x_wconf 76' lang='grc' dir='ltr'><strong><em>ἀναστάσιμον,</em></strong></span> 
     </span>
     <span class='ocr_line' id='line_1_14' title="bbox 215 1089 1683 1154; baseline -0.005 -13"><span class='ocrx_word' id='word_1_114' title='bbox 215 1099 265 1154; x_wconf 76' lang='grc' dir='ltr'>ἣν</span> <span class='ocrx_word' id='word_1_115' title='bbox 291 1098 342 1152; x_wconf 79' lang='grc' dir='ltr'>δὴ</span> <span class='ocrx_word' id='word_1_116' title='bbox 367 1100 434 1140; x_wconf 82' lang='grc' dir='ltr'>καὶ</span> <span class='ocrx_word' id='word_1_117' title='bbox 455 1094 732 1151; x_wconf 78' lang='grc' dir='ltr'><strong><em>διακινήσιμον</em></strong></span> <span class='ocrx_word' id='word_1_118' title='bbox 754 1094 951 1149; x_wconf 72' lang='grc' dir='ltr'><strong><em>λέγουσιν,</em></strong></span> <span class='ocrx_word' id='word_1_119' title='bbox 990 1095 1193 1135; x_wconf 73' lang='grc' dir='ltr'>ἐκτίθεται</span> <span class='ocrx_word' id='word_1_120' title='bbox 1211 1093 1285 1146; x_wconf 77' lang='grc' dir='ltr'>μὲν</span> <span class='ocrx_word' id='word_1_121' title='bbox 1307 1091 1440 1148; x_wconf 74' lang='grc' dir='ltr'><strong><em>δόγμα</em></strong></span> <span class='ocrx_word' id='word_1_122' title='bbox 1459 1089 1683 1145; x_wconf 77' lang='grc' dir='ltr'><strong><em>βασίλειον,</em></strong></span> 
     </span>
     <span class='ocr_line' id='line_1_15' title="bbox 214 1159 1682 1218; baseline -0.005 -8"><span class='ocrx_word' id='word_1_123' title='bbox 214 1164 555 1218; x_wconf 79' lang='grc' dir='ltr'><strong><em>κατασκευάζεται</em></strong></span> <span class='ocrx_word' id='word_1_124' title='bbox 584 1165 628 1207; x_wconf 74' lang='grc' dir='ltr'>δὲ</span> <span class='ocrx_word' id='word_1_125' title='bbox 662 1162 682 1207; x_wconf 81' lang='grc' dir='ltr'>ὅ</span> <span class='ocrx_word' id='word_1_126' title='bbox 712 1163 812 1211; x_wconf 82' lang='grc' dir='ltr'><strong><em>τίως</em></strong></span> <span class='ocrx_word' id='word_1_127' title='bbox 843 1161 1023 1217; x_wconf 85' lang='grc' dir='ltr'><strong><em>μοναχὸς</em></strong></span> <span class='ocrx_word' id='word_1_128' title='bbox 1036 1160 1285 1211; x_wconf 77' lang='grc' dir='ltr'><strong><em>Ἀθανάσιος</em></strong></span> <span class='ocrx_word' id='word_1_129' title='bbox 1314 1163 1370 1211; x_wconf 77' lang='grc' dir='ltr'>εἷς</span> <span class='ocrx_word' id='word_1_130' title='bbox 1388 1160 1577 1216; x_wconf 76' lang='grc' dir='ltr'><strong><em>ἀρχιερέα</em></strong></span> <span class='ocrx_word' id='word_1_131' title='bbox 1590 1159 1682 1202; x_wconf 81' lang='grc' dir='ltr'>Ἀν-</span> 
     </span>
     <span class='ocr_line' id='line_1_16' title="bbox 217 1227 1739 1292; baseline -0.005 -14"><span class='ocrx_word' id='word_1_132' title='bbox 217 1233 428 1292; x_wconf 75' lang='grc' dir='ltr'><strong><em>δρόνικον,</em></strong></span> <span class='ocrx_word' id='word_1_133' title='bbox 461 1231 649 1277; x_wconf 78' lang='grc' dir='ltr'><strong><em>τάττεται</em></strong></span> <span class='ocrx_word' id='word_1_134' title='bbox 683 1233 726 1274; x_wconf 81' lang='grc' dir='ltr'>δὲ</span> <span class='ocrx_word' id='word_1_135' title='bbox 756 1232 822 1273; x_wconf 83' lang='grc' dir='ltr'>καὶ</span> <span class='ocrx_word' id='word_1_136' title='bbox 855 1229 1054 1286; x_wconf 74' lang='grc' dir='ltr'><strong><em>γράφεται</em></strong></span> <span class='ocrx_word' id='word_1_137' title='bbox 1083 1227 1320 1286; x_wconf 78' lang='grc' dir='ltr'><strong><em>ὅΣάρδεων</em></strong></span> <span class='ocrx_word' id='word_1_138' title='bbox 1351 1231 1418 1272; x_wconf 80' lang='grc' dir='ltr'><strong><em>καὶ</em></strong></span> <span class='ocrx_word' id='word_1_139' title='bbox 1449 1230 1504 1279; x_wconf 78' lang='grc' dir='ltr'>εἷς</span> <span class='ocrx_word' id='word_1_140' title='bbox 1523 1227 1739 1284; x_wconf 76' lang='grc' dir='ltr'><strong><em>πατέρα15</em></strong></span> 
     </span>
     <span class='ocr_line' id='line_1_17' title="bbox 214 1294 1684 1362; baseline -0.005 -16"><span class='ocrx_word' id='word_1_141' title='bbox 214 1308 273 1362; x_wconf 81' lang='grc' dir='ltr'><strong><em>τῷ</em></strong></span> <span class='ocrx_word' id='word_1_142' title='bbox 300 1307 483 1357; x_wconf 85' lang='grc' dir='ltr'><strong><em>βασιλεῖ’,</em></strong></span> <span class='ocrx_word' id='word_1_143' title='bbox 520 1300 575 1351; x_wconf 79' lang='grc' dir='ltr'>ὥς</span> <span class='ocrx_word' id='word_1_144' title='bbox 606 1300 650 1343; x_wconf 75' lang='grc' dir='ltr'>δ’</span> <span class='ocrx_word' id='word_1_145' title='bbox 674 1297 751 1355; x_wconf 74' lang='grc' dir='ltr'>ἐγώ</span> <span class='ocrx_word' id='word_1_146' title='bbox 773 1315 893 1342; x_wconf 81' lang='grc' dir='ltr'><strong><em>τινων</em></strong></span> <span class='ocrx_word' id='word_1_147' title='bbox 922 1298 1079 1353; x_wconf 69' lang='grc' dir='ltr'><strong><em>ἥκουσα</em></strong></span> <span class='ocrx_word' id='word_1_148' title='bbox 1091 1331 1104 1351; x_wconf 88' lang='grc'>,</span> <span class='ocrx_word' id='word_1_149' title='bbox 1142 1297 1305 1355; x_wconf 81' lang='grc' dir='ltr'><strong><em>ἀνδρῶν</em></strong></span> <span class='ocrx_word' id='word_1_150' title='bbox 1320 1297 1377 1353; x_wconf 88' lang='grc' dir='ltr'>μὴ</span> <span class='ocrx_word' id='word_1_151' title='bbox 1402 1299 1496 1341; x_wconf 76' lang='grc' dir='ltr'><strong><em>οῗων</em></strong></span> <span class='ocrx_word' id='word_1_152' title='bbox 1515 1314 1558 1340; x_wconf 83' lang='grc' dir='ltr'><strong><em>τε</em></strong></span> <span class='ocrx_word' id='word_1_153' title='bbox 1576 1294 1684 1351; x_wconf 75' lang='grc' dir='ltr'><strong><em>ψεύ-</em></strong></span> 
     </span>
     <span class='ocr_line' id='line_1_18' title="bbox 217 1364 1681 1427; baseline -0.005 -12"><span class='ocrx_word' id='word_1_154' title='bbox 217 1374 389 1424; x_wconf 73' lang='grc' dir='ltr'><strong><em>δεσθαι,</em></strong></span> <span class='ocrx_word' id='word_1_155' title='bbox 437 1372 505 1413; x_wconf 88' lang='grc' dir='ltr'>καὶ</span> <span class='ocrx_word' id='word_1_156' title='bbox 532 1370 674 1427; x_wconf 78' lang='grc' dir='ltr'><strong><em>δικαίῳ</em></strong></span> <span class='ocrx_word' id='word_1_157' title='bbox 702 1371 830 1419; x_wconf 73' lang='grc' dir='ltr'><strong><em>θεοῦ,</em></strong></span> <span class='ocrx_word' id='word_1_158' title='bbox 877 1366 926 1410; x_wconf 83' lang='grc' dir='ltr'>οὐ</span> <span class='ocrx_word' id='word_1_159' title='bbox 956 1367 1056 1423; x_wconf 79' lang='grc' dir='ltr'><strong><em>παρ’</em></strong></span> <span class='ocrx_word' id='word_1_160' title='bbox 1090 1366 1250 1419; x_wconf 74' lang='grc' dir='ltr'><strong><em>ἄλλων,</em></strong></span> <span class='ocrx_word' id='word_1_161' title='bbox 1298 1365 1397 1409; x_wconf 78' lang='grc' dir='ltr'><strong><em>ἀλλ’</em></strong></span> <span class='ocrx_word' id='word_1_162' title='bbox 1433 1365 1560 1416; x_wconf 72' lang='grc' dir='ltr'><strong><em>αὐτὸς</em></strong></span> <span class='ocrx_word' id='word_1_163' title='bbox 1576 1364 1681 1421; x_wconf 82' lang='grc' dir='ltr'><strong><em>παρ’</em></strong></span> 
     </span>
     <span class='ocr_line' id='line_1_19' title="bbox 216 1433 1685 1496; baseline -0.003 -14"><span class='ocrx_word' id='word_1_164' title='bbox 216 1438 364 1483; x_wconf 72' lang='grc' dir='ltr'><strong><em>ἑαυτοῦ</em></strong></span> <span class='ocrx_word' id='word_1_165' title='bbox 386 1437 532 1482; x_wconf 71' lang='grc' dir='ltr'><strong><em>ἑαυτὸν</em></strong></span> <span class='ocrx_word' id='word_1_166' title='bbox 562 1438 773 1496; x_wconf 82' lang='grc' dir='ltr'><strong><em>φημίζων,</em></strong></span> <span class='ocrx_word' id='word_1_167' title='bbox 808 1437 874 1478; x_wconf 78' lang='grc' dir='ltr'><strong><em>καὶ</em></strong></span> <span class='ocrx_word' id='word_1_168' title='bbox 903 1435 1028 1492; x_wconf 73' lang='grc' dir='ltr'><strong><em>λέγων</em></strong></span> <span class='ocrx_word' id='word_1_169' title='bbox 1058 1433 1344 1492; x_wconf 70' lang='grc' dir='ltr'><strong><em>φυλάττεσθαι</em></strong></span> <span class='ocrx_word' id='word_1_170' title='bbox 1369 1434 1449 1493; x_wconf 77' lang='grc' dir='ltr'>γὰρ</span> <span class='ocrx_word' id='word_1_171' title='bbox 1478 1434 1592 1493; x_wconf 81' lang='grc' dir='ltr'><strong><em>παρὰ</em></strong></span> <span class='ocrx_word' id='word_1_172' title='bbox 1610 1437 1685 1489; x_wconf 81' lang='grc' dir='ltr'><strong><em>τῆς</em></strong></span> 
     </span>
    </p>
   </div>
   <div class='ocr_carea' id='block_1_3' title="bbox 309 1555 562 1596">
    <p class='ocr_par' dir='ltr' id='par_1_5' title="bbox 309 1555 562 1596">
     <span class='ocr_line' id='line_1_20' title="bbox 309 1555 562 1596; baseline -0.012 -2"><span class='ocrx_word' id='word_1_173' title='bbox 309 1560 363 1594; x_wconf 86' lang='grc'>15.</span> <span class='ocrx_word' id='word_1_174' title='bbox 389 1555 409 1596; x_wconf 88' lang='grc' dir='ltr'>ὁ</span> <span class='ocrx_word' id='word_1_175' title='bbox 434 1557 562 1593; x_wconf 87' lang='lat' dir='ltr'>deerat.</span> 
     </span>
    </p>
   </div>
   <div class='ocr_carea' id='block_1_4' title="bbox 183 1655 1684 2848">
    <p class='ocr_par' dir='ltr' id='par_1_6' title="bbox 183 1655 1684 2527">
     <span class='ocr_line' id='line_1_21' title="bbox 183 1655 1682 1706; baseline -0.003 -10"><span class='ocrx_word' id='word_1_176' title='bbox 183 1690 190 1699; x_wconf 88' lang='lat'><em>.</em></span> <span class='ocrx_word' id='word_1_177' title='bbox 213 1662 306 1706; x_wconf 88' lang='lat' dir='ltr'>ipsos</span> <span class='ocrx_word' id='word_1_178' title='bbox 329 1664 471 1706; x_wconf 87' lang='lat' dir='ltr'>propter</span> <span class='ocrx_word' id='word_1_179' title='bbox 493 1664 608 1694; x_wconf 86' lang='lat' dir='ltr'>terrae</span> <span class='ocrx_word' id='word_1_180' title='bbox 629 1659 786 1694; x_wconf 83' lang='lat' dir='ltr'>viciniam</span> <span class='ocrx_word' id='word_1_181' title='bbox 809 1657 982 1699; x_wconf 84' lang='lat' dir='ltr'>maiorem,</span> <span class='ocrx_word' id='word_1_182' title='bbox 999 1661 1112 1692; x_wconf 85' lang='lat' dir='ltr'>tamen</span> <span class='ocrx_word' id='word_1_183' title='bbox 1134 1658 1192 1693; x_wconf 90' lang='lat' dir='ltr'>ille</span> <span class='ocrx_word' id='word_1_184' title='bbox 1215 1661 1286 1693; x_wconf 88' lang='lat' dir='ltr'>tum</span> <span class='ocrx_word' id='word_1_185' title='bbox 1309 1657 1443 1704; x_wconf 89' lang='lat' dir='ltr'>quidem</span> <span class='ocrx_word' id='word_1_186' title='bbox 1463 1655 1682 1699; x_wconf 85' lang='lat' dir='ltr'>scintillabat,</span> 
     </span>
     <span class='ocr_line' id='line_1_22' title="bbox 214 1704 1683 1752; baseline -0.002 -12"><span class='ocrx_word' id='word_1_187' title='bbox 214 1708 292 1741; x_wconf 84' lang='lat' dir='ltr'>sive</span> <span class='ocrx_word' id='word_1_188' title='bbox 326 1706 416 1752; x_wconf 91' lang='lat' dir='ltr'>quod</span> <span class='ocrx_word' id='word_1_189' title='bbox 449 1707 539 1740; x_wconf 78' lang='lat' dir='ltr'>forte</span> <span class='ocrx_word' id='word_1_190' title='bbox 571 1706 605 1739; x_wconf 92' lang='lat' dir='ltr'>in</span> <span class='ocrx_word' id='word_1_191' title='bbox 640 1717 769 1750; x_wconf 86' lang='lat' dir='ltr'>apogeo</span> <span class='ocrx_word' id='word_1_192' title='bbox 795 1705 848 1739; x_wconf 87' lang='lat' dir='ltr'>vel</span> <span class='ocrx_word' id='word_1_193' title='bbox 871 1705 988 1738; x_wconf 85' lang='lat' dir='ltr'>abside</span> <span class='ocrx_word' id='word_1_194' title='bbox 1012 1716 1139 1738; x_wconf 87' lang='lat' dir='ltr'>summa</span> <span class='ocrx_word' id='word_1_195' title='bbox 1160 1716 1242 1739; x_wconf 85' lang='lat' dir='ltr'>suae</span> <span class='ocrx_word' id='word_1_196' title='bbox 1265 1705 1431 1751; x_wconf 80' lang='lat' dir='ltr'>sphaerae</span> <span class='ocrx_word' id='word_1_197' title='bbox 1453 1704 1585 1749; x_wconf 86' lang='lat' dir='ltr'>positus</span> <span class='ocrx_word' id='word_1_198' title='bbox 1607 1714 1683 1738; x_wconf 86' lang='lat' dir='ltr'>eam</span> 
     </span>
     <span class='ocr_line' id='line_1_23' title="bbox 215 1749 1684 1798; baseline -0.002 -12"><span class='ocrx_word' id='word_1_199' title='bbox 215 1764 320 1798; x_wconf 87' lang='lat' dir='ltr'>supra</span> <span class='ocrx_word' id='word_1_200' title='bbox 343 1758 497 1786; x_wconf 85' lang='lat' dir='ltr'>caeteros</span> <span class='ocrx_word' id='word_1_201' title='bbox 520 1752 672 1796; x_wconf 74' lang='lat' dir='ltr'><strong>planetas</strong></span> <span class='ocrx_word' id='word_1_202' title='bbox 696 1763 811 1785; x_wconf 87' lang='lat' dir='ltr'>omnes</span> <span class='ocrx_word' id='word_1_203' title='bbox 833 1750 1005 1795; x_wconf 68' lang='lat' dir='ltr'>attigisset</span> <span class='ocrx_word' id='word_1_204' title='bbox 1028 1762 1049 1784; x_wconf 87' lang='lat' dir='ltr'>a</span> <span class='ocrx_word' id='word_1_205' title='bbox 1071 1750 1171 1794; x_wconf 84' lang='lat' dir='ltr'>globo</span> <span class='ocrx_word' id='word_1_206' title='bbox 1194 1758 1333 1785; x_wconf 89' lang='lat' dir='ltr'>terreno</span> <span class='ocrx_word' id='word_1_207' title='bbox 1357 1749 1570 1790; x_wconf 83' lang='lat' dir='ltr'>distantiam,</span> <span class='ocrx_word' id='word_1_208' title='bbox 1594 1759 1684 1794; x_wconf 87' lang='lat' dir='ltr'>quae</span> 
     </span>
     <span class='ocr_line' id='line_1_24' title="bbox 217 1795 1684 1842; baseline -0.002 -10"><span class='ocrx_word' id='word_1_209' title='bbox 217 1799 261 1833; x_wconf 87' lang='lat' dir='ltr'>ad</span> <span class='ocrx_word' id='word_1_210' title='bbox 284 1798 553 1832; x_wconf 87' lang='lat' dir='ltr'>scintillationem</span> <span class='ocrx_word' id='word_1_211' title='bbox 577 1804 735 1842; x_wconf 89' lang='lat' dir='ltr'>respectu</span> <span class='ocrx_word' id='word_1_212' title='bbox 760 1809 779 1830; x_wconf 91' lang='lat' dir='ltr'>e</span> <span class='ocrx_word' id='word_1_213' title='bbox 801 1802 895 1830; x_wconf 86' lang='lat' dir='ltr'>terra</span> <span class='ocrx_word' id='word_1_214' title='bbox 918 1797 1123 1830; x_wconf 82' lang='lat' dir='ltr'>cernentium</span> <span class='ocrx_word' id='word_1_215' title='bbox 1147 1797 1343 1839; x_wconf 85' lang='lat' dir='ltr'>sufficeret,</span> <span class='ocrx_word' id='word_1_216' title='bbox 1375 1796 1448 1830; x_wconf 87' lang='lat' dir='ltr'>sive</span> <span class='ocrx_word' id='word_1_217' title='bbox 1469 1795 1530 1830; x_wconf 84' lang='lat' dir='ltr'>tali</span> <span class='ocrx_word' id='word_1_218' title='bbox 1550 1800 1684 1841; x_wconf 87' lang='lat' dir='ltr'>tempo-</span> 
     </span>
     <span class='ocr_line' id='line_1_25' title="bbox 216 1841 1684 1888; baseline -0.003 -10"><span class='ocrx_word' id='word_1_219' title='bbox 216 1856 255 1878; x_wconf 90' lang='lat' dir='ltr'>re</span> <span class='ocrx_word' id='word_1_220' title='bbox 279 1848 496 1888; x_wconf 87' lang='lat' dir='ltr'>conspectum</span> <span class='ocrx_word' id='word_1_221' title='bbox 520 1855 562 1877; x_wconf 88' lang='lat' dir='ltr'>ex</span> <span class='ocrx_word' id='word_1_222' title='bbox 586 1842 750 1876; x_wconf 86' lang='lat' dir='ltr'>accidenti</span> <span class='ocrx_word' id='word_1_223' title='bbox 773 1843 957 1876; x_wconf 85' lang='lat' dir='ltr'><strong>scintillare</strong></span> <span class='ocrx_word' id='word_1_224' title='bbox 980 1842 1182 1887; x_wconf 84' lang='lat' dir='ltr'>contigerit,</span> <span class='ocrx_word' id='word_1_225' title='bbox 1215 1843 1306 1888; x_wconf 89' lang='lat' dir='ltr'>quod</span> <span class='ocrx_word' id='word_1_226' title='bbox 1328 1842 1460 1877; x_wconf 85' lang='lat' dir='ltr'>scilicet</span> <span class='ocrx_word' id='word_1_227' title='bbox 1480 1841 1684 1876; x_wconf 82' lang='lat' dir='ltr'>intuentium</span> 
     </span>
     <span class='ocr_line' id='line_1_26' title="bbox 218 1886 1684 1934; baseline -0.001 -11"><span class='ocrx_word' id='word_1_228' title='bbox 218 1889 308 1924; x_wconf 88' lang='lat' dir='ltr'>oculi</span> <span class='ocrx_word' id='word_1_229' title='bbox 331 1889 410 1923; x_wconf 90' lang='lat' dir='ltr'>solis</span> <span class='ocrx_word' id='word_1_230' title='bbox 429 1901 536 1934; x_wconf 85' lang='lat' dir='ltr'><strong>prope</strong></span> <span class='ocrx_word' id='word_1_231' title='bbox 558 1888 721 1932; x_wconf 78' lang='lat' dir='ltr'>fulgentis</span> <span class='ocrx_word' id='word_1_232' title='bbox 747 1888 894 1933; x_wconf 89' lang='lat' dir='ltr'>perculsi</span> <span class='ocrx_word' id='word_1_233' title='bbox 917 1888 1022 1922; x_wconf 87' lang='lat' dir='ltr'>radiis</span> <span class='ocrx_word' id='word_1_234' title='bbox 1053 1892 1089 1921; x_wconf 84' lang='lat' dir='ltr'>et</span> <span class='ocrx_word' id='word_1_235' title='bbox 1109 1888 1160 1922; x_wconf 86' lang='lat' dir='ltr'>sic</span> <span class='ocrx_word' id='word_1_236' title='bbox 1184 1889 1295 1922; x_wconf 89' lang='lat' dir='ltr'>coacti</span> <span class='ocrx_word' id='word_1_237' title='bbox 1317 1889 1449 1923; x_wconf 87' lang='lat' dir='ltr'>nictare</span> <span class='ocrx_word' id='word_1_238' title='bbox 1469 1886 1684 1922; x_wconf 84' lang='lat' dir='ltr'>scintillatio-</span> 
     </span>
     <span class='ocr_line' id='line_1_27' title="bbox 217 1931 1684 1980; baseline -0.002 -11"><span class='ocrx_word' id='word_1_239' title='bbox 217 1947 292 1969; x_wconf 89' lang='lat' dir='ltr'>nem</span> <span class='ocrx_word' id='word_1_240' title='bbox 315 1935 412 1969; x_wconf 86' lang='lat' dir='ltr'>visae</span> <span class='ocrx_word' id='word_1_241' title='bbox 436 1935 555 1969; x_wconf 86' lang='lat' dir='ltr'>stellae</span> <span class='ocrx_word' id='word_1_242' title='bbox 576 1935 794 1975; x_wconf 82' lang='lat' dir='ltr'>tribuebant,</span> <span class='ocrx_word' id='word_1_243' title='bbox 827 1945 914 1978; x_wconf 92' lang='lat' dir='ltr'>quae</span> <span class='ocrx_word' id='word_1_244' title='bbox 937 1933 1086 1979; x_wconf 88' lang='lat' dir='ltr'>ipsorum</span> <span class='ocrx_word' id='word_1_245' title='bbox 1109 1934 1299 1969; x_wconf 88' lang='lat' dir='ltr'>infirmitati</span> <span class='ocrx_word' id='word_1_246' title='bbox 1320 1933 1565 1980; x_wconf 83' lang='lat' dir='ltr'>trepidantium</span> <span class='ocrx_word' id='word_1_247' title='bbox 1583 1944 1627 1967; x_wconf 85' lang='lat' dir='ltr'>ex</span> <span class='ocrx_word' id='word_1_248' title='bbox 1648 1931 1684 1967; x_wconf 84' lang='lat' dir='ltr'>vi</span> 
     </span>
     <span class='ocr_line' id='line_1_28' title="bbox 216 1979 1684 2026; baseline -0.001 -12"><span class='ocrx_word' id='word_1_249' title='bbox 216 1983 317 2026; x_wconf 86' lang='lat' dir='ltr'>plena</span> <span class='ocrx_word' id='word_1_250' title='bbox 339 1981 467 2015; x_wconf 88' lang='lat' dir='ltr'>iubaris</span> <span class='ocrx_word' id='word_1_251' title='bbox 491 1980 611 2015; x_wconf 86' lang='lat' dir='ltr'>solaris</span> <span class='ocrx_word' id='word_1_252' title='bbox 634 1979 749 2014; x_wconf 85' lang='lat' dir='ltr'>verius</span> <span class='ocrx_word' id='word_1_253' title='bbox 772 1980 1009 2024; x_wconf 78' lang='lat' dir='ltr'>imputaretur.</span> <span class='ocrx_word' id='word_1_254' title='bbox 1046 1985 1228 2025; x_wconf 88' lang='lat' dir='ltr'>utcumque</span> <span class='ocrx_word' id='word_1_255' title='bbox 1250 1980 1307 2023; x_wconf 78' lang='lat' dir='ltr'>sit,</span> <span class='ocrx_word' id='word_1_256' title='bbox 1322 1981 1388 2015; x_wconf 86' lang='lat' dir='ltr'>hoc</span> <span class='ocrx_word' id='word_1_257' title='bbox 1431 1979 1542 2014; x_wconf 79' lang='lat' dir='ltr'>uidem</span> <span class='ocrx_word' id='word_1_258' title='bbox 1564 1982 1684 2013; x_wconf 81' lang='lat' dir='ltr'>osten-</span> 
     </span>
     <span class='ocr_line' id='line_1_29' title="bbox 218 2025 1684 2072; baseline 0.001 -13"><span class='ocrx_word' id='word_1_259' title='bbox 218 2033 290 2059; x_wconf 84' lang='lat' dir='ltr'>tum</span> <span class='ocrx_word' id='word_1_260' title='bbox 313 2026 348 2059; x_wconf 93' lang='lat' dir='ltr'>in</span> <span class='ocrx_word' id='word_1_261' title='bbox 371 2038 466 2060; x_wconf 89' lang='lat' dir='ltr'>omen</span> <span class='ocrx_word' id='word_1_262' title='bbox 490 2026 595 2072; x_wconf 78' lang='lat' dir='ltr'>aliqui</span> <span class='ocrx_word' id='word_1_263' title='bbox 618 2026 802 2060; x_wconf 82' lang='lat' dir='ltr'>trabebant</span> <span class='ocrx_word' id='word_1_264' title='bbox 824 2035 1039 2070; x_wconf 88' lang='lat' dir='ltr'>prosperum,</span> <span class='ocrx_word' id='word_1_265' title='bbox 1073 2025 1200 2071; x_wconf 88' lang='lat' dir='ltr'>quippe</span> <span class='ocrx_word' id='word_1_266' title='bbox 1229 2026 1288 2071; x_wconf 90' lang='lat' dir='ltr'>qui</span> <span class='ocrx_word' id='word_1_267' title='bbox 1318 2025 1405 2072; x_wconf 80' lang='lat' dir='ltr'>signi</span> <span class='ocrx_word' id='word_1_268' title='bbox 1433 2025 1505 2060; x_wconf 86' lang='lat' dir='ltr'>cari</span> <span class='ocrx_word' id='word_1_269' title='bbox 1534 2035 1684 2070; x_wconf 70' lang='lat' dir='ltr'>augura-</span> 
     </span>
     <span class='ocr_line' id='line_1_30' title="bbox 218 2070 1683 2117; baseline 0.001 -13"><span class='ocrx_word' id='word_1_270' title='bbox 218 2072 346 2105; x_wconf 82' lang='lat' dir='ltr'>rentur‘</span> <span class='ocrx_word' id='word_1_271' title='bbox 359 2073 566 2106; x_wconf 88' lang='lat' dir='ltr'>exorituram</span> <span class='ocrx_word' id='word_1_272' title='bbox 587 2071 671 2117; x_wconf 85' lang='lat' dir='ltr'>ipsis</span> <span class='ocrx_word' id='word_1_273' title='bbox 694 2071 825 2105; x_wconf 80' lang='lat' dir='ltr'>felicem</span> <span class='ocrx_word' id='word_1_274' title='bbox 847 2072 967 2111; x_wconf 83' lang='lat' dir='ltr'>lucem,</span> <span class='ocrx_word' id='word_1_275' title='bbox 989 2071 1139 2106; x_wconf 88' lang='lat' dir='ltr'>tenebris</span> <span class='ocrx_word' id='word_1_276' title='bbox 1162 2073 1293 2106; x_wconf 85' lang='lat' dir='ltr'>cunctis</span> <span class='ocrx_word' id='word_1_277' title='bbox 1313 2078 1350 2107; x_wconf 90' lang='lat' dir='ltr'>et</span> <span class='ocrx_word' id='word_1_278' title='bbox 1370 2070 1562 2117; x_wconf 67' lang='lat' dir='ltr'>caliginosis</span> <span class='ocrx_word' id='word_1_279' title='bbox 1589 2070 1683 2106; x_wconf 85' lang='lat' dir='ltr'>offu-</span> 
     </span>
     <span class='ocr_line' id='line_1_31' title="bbox 219 2116 1684 2162; baseline -0.001 -11"><span class='ocrx_word' id='word_1_280' title='bbox 219 2117 281 2151; x_wconf 87' lang='lat' dir='ltr'>ciis</span> <span class='ocrx_word' id='word_1_281' title='bbox 305 2128 455 2151; x_wconf 90' lang='lat' dir='ltr'>errorum</span> <span class='ocrx_word' id='word_1_282' title='bbox 477 2130 518 2152; x_wconf 88' lang='lat' dir='ltr'>ac</span> <span class='ocrx_word' id='word_1_283' title='bbox 540 2118 724 2151; x_wconf 76' lang='lat' dir='ltr'>factionum</span> <span class='ocrx_word' id='word_1_284' title='bbox 748 2117 864 2162; x_wconf 89' lang='lat' dir='ltr'>procul</span> <span class='ocrx_word' id='word_1_285' title='bbox 887 2117 1065 2161; x_wconf 78' lang='lat' dir='ltr'>abigendis</span> <span class='ocrx_word' id='word_1_286' title='bbox 1083 2118 1196 2151; x_wconf 89' lang='lat' dir='ltr'>fausto</span> <span class='ocrx_word' id='word_1_287' title='bbox 1220 2129 1262 2152; x_wconf 87' lang='lat' dir='ltr'>ac</span> <span class='ocrx_word' id='word_1_288' title='bbox 1283 2117 1425 2153; x_wconf 84' lang='lat' dir='ltr'>salutari</span> <span class='ocrx_word' id='word_1_289' title='bbox 1445 2116 1606 2162; x_wconf 80' lang='lat' dir='ltr'>reg’unine</span> <span class='ocrx_word' id='word_1_290' title='bbox 1620 2127 1684 2162; x_wconf 89' lang='lat' dir='ltr'>pa·-</span> 
     </span>
     <span class='ocr_line' id='line_1_32' title="bbox 216 2162 1684 2209; baseline 0.001 -14"><span class='ocrx_word' id='word_1_291' title='bbox 216 2162 404 2204; x_wconf 88' lang='lat' dir='ltr'>triarchae,</span> <span class='ocrx_word' id='word_1_292' title='bbox 427 2163 487 2208; x_wconf 89' lang='lat' dir='ltr'>qui</span> <span class='ocrx_word' id='word_1_293' title='bbox 521 2174 608 2196; x_wconf 91' lang='lat' dir='ltr'>nunc</span> <span class='ocrx_word' id='word_1_294' title='bbox 632 2163 796 2197; x_wconf 88' lang='lat' dir='ltr'>ecclesiae</span> <span class='ocrx_word' id='word_1_295' title='bbox 818 2163 1047 2208; x_wconf 85' lang='lat' dir='ltr'>gubernacula</span> <span class='ocrx_word' id='word_1_296' title='bbox 1068 2169 1275 2207; x_wconf 82' lang='lat' dir='ltr'>capesseret.</span> <span class='ocrx_word' id='word_1_297' title='bbox 1319 2167 1439 2199; x_wconf 85' lang='lat' dir='ltr'>contra.</span> <span class='ocrx_word' id='word_1_298' title='bbox 1458 2162 1684 2209; x_wconf 80' lang='lat' dir='ltr'>sapientiores</span> 
     </span>
     <span class='ocr_line' id='line_1_33' title="bbox 219 2206 1682 2253; baseline 0 -12"><span class='ocrx_word' id='word_1_299' title='bbox 219 2208 376 2252; x_wconf 86' lang='lat' dir='ltr'>portendi</span> <span class='ocrx_word' id='word_1_300' title='bbox 408 2220 447 2242; x_wconf 92' lang='lat' dir='ltr'>eo</span> <span class='ocrx_word' id='word_1_301' title='bbox 481 2208 575 2252; x_wconf 87' lang='lat' dir='ltr'>signo</span> <span class='ocrx_word' id='word_1_302' title='bbox 599 2209 824 2246; x_wconf 67' lang='lat' dir='ltr'>maximorum</span> <span class='ocrx_word' id='word_1_303' title='bbox 858 2209 1008 2243; x_wconf 87' lang='lat' dir='ltr'>virorum</span> <span class='ocrx_word' id='word_1_304' title='bbox 1040 2208 1255 2244; x_wconf 88' lang='lat' dir='ltr'>abolitionem</span> <span class='ocrx_word' id='word_1_305' title='bbox 1284 2209 1320 2244; x_wconf 90' lang='lat' dir='ltr'>in</span> <span class='ocrx_word' id='word_1_306' title='bbox 1350 2209 1490 2250; x_wconf 83' lang='lat' dir='ltr'>nihilum</span> <span class='ocrx_word' id='word_1_307' title='bbox 1513 2213 1550 2243; x_wconf 88' lang='lat' dir='ltr'>et</span> <span class='ocrx_word' id='word_1_308' title='bbox 1574 2206 1682 2253; x_wconf 87' lang='lat' dir='ltr'>ipsius</span> 
     </span>
     <span class='ocr_line' id='line_1_34' title="bbox 217 2252 1682 2308; baseline 0.001 -23"><span class='ocrx_word' id='word_1_309' title='bbox 217 2252 396 2297; x_wconf 79' lang='lat' dir='ltr'>dignitatis</span> <span class='ocrx_word' id='word_1_310' title='bbox 427 2265 495 2299; x_wconf 91' lang='lat' dir='ltr'>qua</span> <span class='ocrx_word' id='word_1_311' title='bbox 529 2253 701 2288; x_wconf 85' lang='lat' dir='ltr'>floruisset</span> <span class='ocrx_word' id='word_1_312' title='bbox 733 2255 895 2289; x_wconf 86' lang='lat' dir='ltr'>hactenus</span> <span class='ocrx_word' id='word_1_313' title='bbox 928 2254 1077 2299; x_wconf 82' lang='lat' dir='ltr'>ipsorum</span> <span class='ocrx_word' id='word_1_314' title='bbox 1119 2256 1264 2290; x_wconf 87' lang='lat' dir='ltr'>ecclesia</span> <span class='ocrx_word' id='word_1_315' title='bbox 1295 2254 1546 2308; x_wconf 74' lang='lat' dir='ltr'>corruptionem</span> <span class='ocrx_word' id='word_1_316' title='bbox 1576 2259 1682 2299; x_wconf 84' lang='lat' dir='ltr'>atque</span> 
     </span>
     <span class='ocr_line' id='line_1_35' title="bbox 216 2298 1683 2344; baseline 0 -12"><span class='ocrx_word' id='word_1_317' title='bbox 216 2298 389 2333; x_wconf 85' lang='lat' dir='ltr'>interitum</span> <span class='ocrx_word' id='word_1_318' title='bbox 411 2300 647 2334; x_wconf 82' lang='lat' dir='ltr'>ominabautur</span> <span class='ocrx_word' id='word_1_319' title='bbox 670 2299 896 2335; x_wconf 78' lang='lat' dir='ltr'>vaticinantes</span> <span class='ocrx_word' id='word_1_320' title='bbox 926 2301 1047 2344; x_wconf 84' lang='lat' dir='ltr'>opinor</span> <span class='ocrx_word' id='word_1_321' title='bbox 1068 2301 1202 2342; x_wconf 85' lang='lat' dir='ltr'>verius,</span> <span class='ocrx_word' id='word_1_322' title='bbox 1231 2301 1310 2335; x_wconf 90' lang='lat' dir='ltr'>dum</span> <span class='ocrx_word' id='word_1_323' title='bbox 1328 2299 1503 2334; x_wconf 73' lang='lat' dir='ltr'>celsissimi</span> <span class='ocrx_word' id='word_1_324' title='bbox 1523 2301 1683 2344; x_wconf 78' lang='lat' dir='ltr'>planetae</span> 
     </span>
     <span class='ocr_line' id='line_1_36' title="bbox 220 2344 1684 2390; baseline 0 -12"><span class='ocrx_word' id='word_1_325' title='bbox 220 2344 460 2378; x_wconf 84' lang='lat' dir='ltr'>exaltationem</span> <span class='ocrx_word' id='word_1_326' title='bbox 493 2356 652 2378; x_wconf 86' lang='lat' dir='ltr'>summam</span> <span class='ocrx_word' id='word_1_327' title='bbox 683 2345 804 2379; x_wconf 85' lang='lat' dir='ltr'>minari</span> <span class='ocrx_word' id='word_1_328' title='bbox 837 2346 1022 2380; x_wconf 86' lang='lat' dir='ltr'>verticibus</span> <span class='ocrx_word' id='word_1_329' title='bbox 1045 2346 1379 2380; x_wconf 86' lang='lat' dir='ltr'>eminentissimorum</span> <span class='ocrx_word' id='word_1_330' title='bbox 1401 2345 1573 2390; x_wconf 87' lang='lat' dir='ltr'>capitum,</span> <span class='ocrx_word' id='word_1_331' title='bbox 1601 2344 1684 2390; x_wconf 85' lang='lat' dir='ltr'>gelu</span> 
     </span>
     <span class='ocr_line' id='line_1_37' title="bbox 219 2390 1682 2426; baseline 0.001 -3"><span class='ocrx_word' id='word_1_332' title='bbox 219 2401 302 2424; x_wconf 84' lang='lat' dir='ltr'>vero</span> <span class='ocrx_word' id='word_1_333' title='bbox 325 2390 482 2424; x_wconf 89' lang='lat' dir='ltr'>tetricum</span> <span class='ocrx_word' id='word_1_334' title='bbox 504 2390 657 2424; x_wconf 86' lang='lat' dir='ltr'>Saturnii</span> <span class='ocrx_word' id='word_1_335' title='bbox 681 2391 802 2424; x_wconf 90' lang='lat' dir='ltr'>sideris</span> <span class='ocrx_word' id='word_1_336' title='bbox 825 2391 890 2425; x_wconf 88' lang='lat' dir='ltr'>sibi</span> <span class='ocrx_word' id='word_1_337' title='bbox 913 2392 1129 2425; x_wconf 84' lang='lat' dir='ltr'>communiter</span> <span class='ocrx_word' id='word_1_338' title='bbox 1151 2392 1352 2426; x_wconf 83' lang='lat' dir='ltr'>denuntiare</span> <span class='ocrx_word' id='word_1_339' title='bbox 1373 2390 1585 2426; x_wconf 82' lang='lat' dir='ltr'>tristissimas</span> <span class='ocrx_word' id='word_1_340' title='bbox 1607 2391 1682 2425; x_wconf 78' lang='lat' dir='ltr'>hie-</span> 
     </span>
     <span class='ocr_line' id='line_1_38' title="bbox 218 2436 1683 2484; baseline 0.001 -15"><span class='ocrx_word' id='word_1_341' title='bbox 218 2446 290 2470; x_wconf 86' lang='lat' dir='ltr'>mes</span> <span class='ocrx_word' id='word_1_342' title='bbox 313 2436 559 2479; x_wconf 83' lang='lat' dir='ltr'>calamitatum,</span> <span class='ocrx_word' id='word_1_343' title='bbox 590 2447 731 2481; x_wconf 84' lang='lat' dir='ltr'>quarum</span> <span class='ocrx_word' id='word_1_344' title='bbox 754 2436 869 2480; x_wconf 89' lang='lat' dir='ltr'>rigore</span> <span class='ocrx_word' id='word_1_345' title='bbox 890 2436 1026 2479; x_wconf 79' lang='lat' dir='ltr'>glaciali</span> <span class='ocrx_word' id='word_1_346' title='bbox 1046 2448 1124 2470; x_wconf 87' lang='lat' dir='ltr'>mox</span> <span class='ocrx_word' id='word_1_347' title='bbox 1147 2437 1440 2482; x_wconf 81' lang='lat' dir='ltr'>congelascerent,</span> <span class='ocrx_word' id='word_1_348' title='bbox 1474 2436 1683 2484; x_wconf 81' lang='lat' dir='ltr'>interpreta-</span> 
     </span>
     <span class='ocr_line' id='line_1_39' title="bbox 219 2481 1166 2527; baseline 0.001 -11"><span class='ocrx_word' id='word_1_349' title='bbox 219 2481 368 2524; x_wconf 80' lang='lat' dir='ltr'>bantur3</span> <span class='ocrx_word' id='word_1_350' title='bbox 391 2481 425 2515; x_wconf 90' lang='lat' dir='ltr'>id</span> <span class='ocrx_word' id='word_1_351' title='bbox 448 2481 537 2527; x_wconf 89' lang='lat' dir='ltr'>quod</span> <span class='ocrx_word' id='word_1_352' title='bbox 559 2481 674 2515; x_wconf 81' lang='lat' dir='ltr'>statim</span> <span class='ocrx_word' id='word_1_353' title='bbox 698 2484 752 2515; x_wconf 87' lang='lat' dir='ltr'>est</span> <span class='ocrx_word' id='word_1_354' title='bbox 776 2482 955 2515; x_wconf 83' lang='lat' dir='ltr'>eventibus</span> <span class='ocrx_word' id='word_1_355' title='bbox 977 2483 1166 2525; x_wconf 82' lang='lat' dir='ltr'>probatum.</span> 
     </span>
    </p>

    <p class='ocr_par' dir='ltr' id='par_1_7' title="bbox 212 2526 1682 2848">
     <span class='ocr_line' id='line_1_40' title="bbox 312 2526 1680 2572; baseline 0 -10"><span class='ocrx_word' id='word_1_356' title='bbox 312 2528 365 2563; x_wconf 89' lang='lat'>17.</span> <span class='ocrx_word' id='word_1_357' title='bbox 411 2526 501 2562; x_wconf 88' lang='lat' dir='ltr'>Nam</span> <span class='ocrx_word' id='word_1_358' title='bbox 522 2527 611 2561; x_wconf 84' lang='lat' dir='ltr'>feria</span> <span class='ocrx_word' id='word_1_359' title='bbox 632 2527 782 2561; x_wconf 85' lang='lat' dir='ltr'>secunda.</span> <span class='ocrx_word' id='word_1_360' title='bbox 804 2527 1023 2561; x_wconf 84' lang='lat' dir='ltr'>hebdomadis</span> <span class='ocrx_word' id='word_1_361' title='bbox 1045 2539 1145 2572; x_wconf 83' lang='lat' dir='ltr'>quam</span> <span class='ocrx_word' id='word_1_362' title='bbox 1178 2527 1428 2562; x_wconf 84' lang='lat' dir='ltr'>diakinesimam</span> <span class='ocrx_word' id='word_1_363' title='bbox 1450 2530 1585 2566; x_wconf 74' lang='lat' dir='ltr'>vocant.</span> <span class='ocrx_word' id='word_1_364' title='bbox 1606 2530 1680 2562; x_wconf 85' lang='lat' dir='ltr'>sta-</span> 
     </span>
     <span class='ocr_line' id='line_1_41' title="bbox 217 2571 1681 2618; baseline 0.001 -12"><span class='ocrx_word' id='word_1_365' title='bbox 217 2571 278 2606; x_wconf 83' lang='lat' dir='ltr'>tim</span> <span class='ocrx_word' id='word_1_366' title='bbox 300 2572 473 2618; x_wconf 84' lang='lat' dir='ltr'>sequentis</span> <span class='ocrx_word' id='word_1_367' title='bbox 496 2578 574 2618; x_wconf 87' lang='lat' dir='ltr'>post</span> <span class='ocrx_word' id='word_1_368' title='bbox 598 2572 685 2607; x_wconf 92' lang='lat' dir='ltr'>diem</span> <span class='ocrx_word' id='word_1_369' title='bbox 707 2572 981 2612; x_wconf 78' lang='lat' dir='ltr'>resurrectionis,</span> <span class='ocrx_word' id='word_1_370' title='bbox 1005 2573 1207 2618; x_wconf 87' lang='lat' dir='ltr'>proponitur</span> <span class='ocrx_word' id='word_1_371' title='bbox 1229 2574 1373 2608; x_wconf 88' lang='lat' dir='ltr'>edictum</span> <span class='ocrx_word' id='word_1_372' title='bbox 1396 2573 1622 2618; x_wconf 89' lang='lat' dir='ltr'>imperatoris,</span> <span class='ocrx_word' id='word_1_373' title='bbox 1643 2576 1681 2608; x_wconf 85' lang='lat' dir='ltr'>et</span> 
     </span>
     <span class='ocr_line' id='line_1_42' title="bbox 217 2617 1681 2663; baseline 0.001 -11"><span class='ocrx_word' id='word_1_374' title='bbox 217 2617 276 2663; x_wconf 87' lang='lat' dir='ltr'>qui</span> <span class='ocrx_word' id='word_1_375' title='bbox 307 2619 422 2653; x_wconf 85' lang='lat' dir='ltr'>suerat</span> <span class='ocrx_word' id='word_1_376' title='bbox 447 2623 587 2653; x_wconf 88' lang='lat' dir='ltr'>eatenus</span> <span class='ocrx_word' id='word_1_377' title='bbox 610 2618 792 2653; x_wconf 84' lang='lat' dir='ltr'>monachus</span> <span class='ocrx_word' id='word_1_378' title='bbox 814 2618 1015 2652; x_wconf 84' lang='lat' dir='ltr'>Athanasius</span> <span class='ocrx_word' id='word_1_379' title='bbox 1037 2618 1073 2651; x_wconf 91' lang='lat' dir='ltr'>in</span> <span class='ocrx_word' id='word_1_380' title='bbox 1099 2619 1285 2653; x_wconf 84' lang='lat' dir='ltr'>antistitem</span> <span class='ocrx_word' id='word_1_381' title='bbox 1307 2620 1535 2654; x_wconf 85' lang='lat' dir='ltr'>Andronicum</span> <span class='ocrx_word' id='word_1_382' title='bbox 1565 2622 1681 2655; x_wconf 77' lang='lat' dir='ltr'>trans-</span> 
     </span>
     <span class='ocr_line' id='line_1_43' title="bbox 217 2663 1682 2712; baseline 0.001 -14"><span class='ocrx_word' id='word_1_383' title='bbox 217 2664 403 2707; x_wconf 78' lang='lat' dir='ltr'>formatur,</span> <span class='ocrx_word' id='word_1_384' title='bbox 432 2663 588 2710; x_wconf 88' lang='lat' dir='ltr'>idemque</span> <span class='ocrx_word' id='word_1_385' title='bbox 615 2676 680 2698; x_wconf 93' lang='lat' dir='ltr'>non</span> <span class='ocrx_word' id='word_1_386' title='bbox 714 2664 812 2698; x_wconf 89' lang='lat' dir='ltr'>modo</span> <span class='ocrx_word' id='word_1_387' title='bbox 845 2663 1038 2698; x_wconf 88' lang='lat' dir='ltr'>decernitur</span> <span class='ocrx_word' id='word_1_388' title='bbox 1067 2667 1103 2698; x_wconf 89' lang='lat' dir='ltr'>et</span> <span class='ocrx_word' id='word_1_389' title='bbox 1123 2665 1287 2699; x_wconf 86' lang='lat' dir='ltr'>scribitur</span> <span class='ocrx_word' id='word_1_390' title='bbox 1308 2665 1488 2712; x_wconf 87' lang='lat' dir='ltr'>episcopus</span> <span class='ocrx_word' id='word_1_391' title='bbox 1509 2665 1682 2709; x_wconf 85' lang='lat' dir='ltr'>Sardium,</span> 
     </span>
     <span class='ocr_line' id='line_1_44' title="bbox 216 2709 1680 2766; baseline 0.001 -23"><span class='ocrx_word' id='word_1_392' title='bbox 216 2709 280 2744; x_wconf 80' lang='lat' dir='ltr'>sed</span> <span class='ocrx_word' id='word_1_393' title='bbox 303 2714 340 2744; x_wconf 87' lang='lat' dir='ltr'>et</span> <span class='ocrx_word' id='word_1_394' title='bbox 362 2710 398 2744; x_wconf 90' lang='lat' dir='ltr'>in</span> <span class='ocrx_word' id='word_1_395' title='bbox 420 2714 552 2764; x_wconf 85' lang='lat' dir='ltr'>patrem</span> <span class='ocrx_word' id='word_1_396' title='bbox 581 2722 623 2745; x_wconf 88' lang='lat' dir='ltr'>ac</span> <span class='ocrx_word' id='word_1_397' title='bbox 658 2709 902 2744; x_wconf 83' lang='lat' dir='ltr'>confessionum</span> <span class='ocrx_word' id='word_1_398' title='bbox 934 2709 1152 2755; x_wconf 89' lang='lat' dir='ltr'>imperatoris</span> <span class='ocrx_word' id='word_1_399' title='bbox 1181 2711 1345 2745; x_wconf 88' lang='lat' dir='ltr'>arbitrum</span> <span class='ocrx_word' id='word_1_400' title='bbox 1375 2711 1512 2756; x_wconf 86' lang='lat' dir='ltr'>legitur.</span> <span class='ocrx_word' id='word_1_401' title='bbox 1557 2723 1680 2766; x_wconf 86' lang='lat' dir='ltr'>quam-</span> 
     </span>
     <span class='ocr_line' id='line_1_45' title="bbox 216 2755 1680 2802; baseline 0.001 -12"><span class='ocrx_word' id='word_1_402' title='bbox 216 2766 317 2800; x_wconf 90' lang='lat' dir='ltr'>quam</span> <span class='ocrx_word' id='word_1_403' title='bbox 352 2755 469 2791; x_wconf 77' lang='lat' dir='ltr'>audivi</span> <span class='ocrx_word' id='word_1_404' title='bbox 501 2755 657 2802; x_wconf 87' lang='lat' dir='ltr'>equidem</span> <span class='ocrx_word' id='word_1_405' title='bbox 690 2767 711 2790; x_wconf 87' lang='lat' dir='ltr'>a</span> <span class='ocrx_word' id='word_1_406' title='bbox 743 2755 827 2789; x_wconf 87' lang='lat' dir='ltr'>viris</span> <span class='ocrx_word' id='word_1_407' title='bbox 862 2755 951 2790; x_wconf 91' lang='lat' dir='ltr'>omni</span> <span class='ocrx_word' id='word_1_408' title='bbox 983 2755 1148 2790; x_wconf 87' lang='lat' dir='ltr'>mendacii</span> <span class='ocrx_word' id='word_1_409' title='bbox 1177 2756 1374 2802; x_wconf 83' lang='lat' dir='ltr'>exceptione</span> <span class='ocrx_word' id='word_1_410' title='bbox 1407 2763 1467 2791; x_wconf 89' lang='lat' dir='ltr'>aut</span> <span class='ocrx_word' id='word_1_411' title='bbox 1488 2757 1680 2802; x_wconf 76' lang='lat' dir='ltr'>suspicione</span> 
     </span>
     <span class='ocr_line' id='line_1_46' title="bbox 212 2801 1678 2848; baseline 0.003 -13"><span class='ocrx_word' id='word_1_412' title='bbox 212 2804 356 2848; x_wconf 82' lang='lat' dir='ltr'>propter</span> <span class='ocrx_word' id='word_1_413' title='bbox 377 2813 537 2837; x_wconf 85' lang='lat' dir='ltr'>summam</span> <span class='ocrx_word' id='word_1_414' title='bbox 566 2801 762 2847; x_wconf 84' lang='lat' dir='ltr'>religionem</span> <span class='ocrx_word' id='word_1_415' title='bbox 783 2801 1037 2847; x_wconf 84' lang='lat' dir='ltr'>remotissimis,</span> <span class='ocrx_word' id='word_1_416' title='bbox 1073 2801 1163 2836; x_wconf 87' lang='lat' dir='ltr'>haud</span> <span class='ocrx_word' id='word_1_417' title='bbox 1194 2802 1297 2837; x_wconf 86' lang='lat' dir='ltr'>hosce</span> <span class='ocrx_word' id='word_1_418' title='bbox 1323 2802 1372 2837; x_wconf 88' lang='lat' dir='ltr'>illi</span> <span class='ocrx_word' id='word_1_419' title='bbox 1394 2803 1512 2838; x_wconf 85' lang='lat' dir='ltr'>titulos</span> <span class='ocrx_word' id='word_1_420' title='bbox 1535 2804 1579 2839; x_wconf 85' lang='lat' dir='ltr'>ab</span> <span class='ocrx_word' id='word_1_421' title='bbox 1602 2803 1678 2839; x_wconf 77' lang='lat' dir='ltr'>auis</span> 
     </span>
    </p>
   </div>
  </div>
 </body>
</html>
