1858 3126
248 161 344 208 324
665 157 903 202 GEORGII
936 157 1291 202 PACHYMERIS

248 271 420 321 κελεύοι·
459 270 532 314 κᾶν
561 266 684 328 ᾖρται
717 272 761 314 δὲ
793 271 909 328 σφίσι
924 270 972 314 τὸ
994 268 1187 328 φρόνημα
1208 272 1477 317 ε’κλειπουσῶν
1494 278 1578 317 τῶν
1598 272 1714 332 τριή-

250 362 373 403 ρεων,
414 339 539 384 αὐτὸν
561 338 756 393 κελεύειν,
795 341 861 383 καὶ
892 344 1193 395 συνεστηκυιῶν
1222 341 1263 383 ἓν
1295 341 1418 400 ὀλίγῳ
1451 345 1715 387 καταπίπτειν

250 409 375 461 αὖθις
395 411 462 453 καὶ
483 400 698 458 ταπεινοῦς
717 410 915 465 γίνεσθαι.
986 408 1108 451 ταῦτ’
1131 405 1393 463 ἐννοούμενος
1415 408 1623 455 ἀνέστελλε
1639 412 1715 463 τὰς

195 493 227 526 D
252 480 383 538 ὁρμὰς
414 482 495 522 τῶν
526 482 712 530 πολλῶν,
751 478 796 521 οἳ
815 478 865 532 δὴ
889 478 954 520 καὶ
973 480 1293 533 ζηλοτυποῦντες
1317 476 1404 522 οἷον
1423 479 1458 521 εἰ
1478 473 1592 522 οὗτοι
1610 480 1716 538 κατὰ

247 549 456 604 Ῥωμαίων
487 545 619 597 οὕτως
650 544 921 604 ἒπάρθησαν,
960 547 1084 590 καλὸν
1112 546 1244 602 ἔλεγον
1263 550 1468 604 γεφυροῦν
1492 541 1630 591 ἁλιάσι
1649 550 1747 592 καὶὸ

251 622 486 677 φορτηγοῖς,
526 614 580 666 ῶς
598 633 712 666 ,τινας
732 614 985 669 συνδέσμους
1007 612 1195 670 ἐχούσαις
1212 617 1279 658 καὶ
1301 615 1374 666 τὰς
1392 617 1718 673 καθευρεθείσας

252 690 437 731 ἐνταῦθα
469 682 650 741 μεγάλας
682 689 803 738 ναῦς,
845 684 917 727 τὸν
945 690 1020 728 τοῦ
1055 688 1228 727 Γαλατᾶ
1259 682 1475 741 πορθμόν,
1513 686 1580 728 καὶ
1610 685 1715 742 παρ’

251 753 423 811 ἑκάτερα
454 751 625 805 τοξότας
645 771 687 796 τε
705 755 771 796 καὶ
789 751 1070 811 σφενδονήτας
1099 750 1333 808 στήσαντας
1359 751 1490 804 οὕτως
1511 755 1718 812 ἐπιχειρεῖν

249 831 335 874 τοῖς
359 822 471 873 ἐντὸς
489 820 795 877 συνεβούλευον.
850 823 916 864 καὶ
939 822 985 864 τὸ
1006 819 1218 876 βούλευμα
1237 822 1406 879 ἄριστον
1428 824 1691 880 κατεφαίνετο
1705 836 1715 846 ·

200 913 231 947 Ε
251 894 378 950 χωρὶς
406 892 484 948 γὰρ
512 896 595 935 τῶν
623 892 726 949 παρ’
749 888 920 947 ἑκάτερα
942 891 1194 947 τεταγμένων
1215 893 1280 934 καὶ
1299 890 1422 942 ὅσους
1445 892 1490 934 αἶ
1507 895 1599 948 νῆες
1615 890 1716 948 ἓχῶ-
1729 900 1772 934 10

250 980 375 1020 ρουν,
424 962 462 1004 οἳ
494 960 575 1003 ἀπὸ
607 965 689 1004 τῶν
720 959 881 1015 τειχέων
915 957 1124 1015 ἱστάμενοι
1151 957 1272 1014 μόνοι
1301 958 1515 1017 αὐτάρκεις
1547 957 1717 1004 ἐδόκουν

251 1035 328 1082 ιὀἴς
357 1029 627 1085 πεμπομένοις
659 1031 726 1072 καὶ
759 1035 849 1079 ταῖς
878 1028 959 1072 ἀπὸ
990 1033 1072 1072 τῶν
1096 1034 1237 1084 τειχῶν
1255 1029 1424 1086 πέτραις
1445 1026 1718 1084 καταβάλλειν

250 1103 305 1151 εἷς
326 1099 442 1149 τέλος
461 1099 528 1141 καὶ
552 1098 757 1156 ἀφανίζειν
776 1098 873 1147 τοὺς
903 1096 1104 1148 ἐπιόντας.
1175 1096 1195 1140 ὅ
1214 1099 1258 1142 δὲ
1271 1098 1467 1152 βασιλεὺς
1486 1097 1559 1154 τὴν
1579 1100 1718 1152 εἷσβο-

250 1170 324 1224 λὴν
345 1164 572 1222 κινδυνώδη
591 1168 736 1223 κρίνων
747 1167 1052 1222 Χριστιανιιέοΐς
1067 1167 1227 1210 ἔθνεσιν
1248 1166 1341 1210 οὐδ’
1364 1165 1469 1216 ὅλως
1488 1166 1612 1223 ἠφίει,
1632 1167 1717 1210 ἕνε-

111 1250 137 1282 P
162 1245 230 1282 224
254 1238 370 1281 δίδου
397 1237 442 1279 δὲ
464 1238 624 1291 μᾶλλον
655 1233 901 1289 ἀναβάλλων
926 1235 1000 1286 τὰς
1022 1234 1154 1293 ὁρμὰς
1172 1236 1388 1292 ἐμπιπλᾶν.
1460 1234 1579 1294 (24)
1615 1234 1712 1279 ἀλλ’
1729 1239 1772 1275 15

250 1307 390 1350 ἐκεῖνοι
420 1305 475 1360 μὴ
506 1304 663 1359 ἔχοντες
693 1304 814 1348 πλέον
847 1311 972 1347 ποιεῖν
1004 1298 1061 1347 ὧν
1095 1304 1301 1359 ἔπραξαν,
1343 1302 1399 1354 ῶς
1424 1301 1614 1361 ὀργάνοις
1643 1309 1718 1360 τῆς

251 1379 369 1432 σφῶν
388 1374 539 1429 μανίας
557 1374 733 1430 ἐχρῶντο
757 1380 842 1423 τοΐς
865 1380 1096 1431 πειραταῖς,
1134 1373 1178 1415 οἳ
1194 1376 1261 1416 καὶ
1281 1373 1492 1428 αὖτονυχεὶ
1512 1377 1562 1430 τῇ
1582 1377 1717 1430 Πραγ-

251 1447 378 1488 κίπων
399 1440 512 1503 νήσῳ
531 1444 799 1501 προσίσχουσι
814 1475 827 1496 ,
863 1444 930 1486 καὶ
957 1442 1032 1498 οὗχ
1051 1440 1161 1493 ὅπως
1183 1443 1280 1494 τούς
1301 1443 1342 1486 ἐν
1364 1441 1470 1500 αὐτῇ
1490 1440 1618 1485 πάλαι
1639 1459 1717 1486 κα-

250 1577 348 1612 modo
371 1576 464 1622 ipse:
498 1575 594 1610 brevi
617 1578 772 1622 tempore
794 1577 934 1612 structis
966 1577 1211 1623 instructisque
1233 1576 1374 1611 navibus
1396 1576 1570 1621 navalem,
1603 1575 1715 1621 qualis

250 1623 346 1670 prius
370 1624 499 1664 fuerat,
531 1622 665 1667 imperii
695 1624 882 1669 potentiam
906 1628 997 1658 metu
1019 1624 1108 1658 iusto
1130 1623 1360 1668 perculsuram
1384 1622 1531 1656 audaces
1553 1625 1714 1664 exteros;

251 1669 310 1715 qui
341 1669 409 1702 uti>
425 1668 475 1702 sic
506 1668 691 1702 insaniendi
723 1669 957 1703 confidentiam
991 1681 1032 1703 ex
1056 1671 1237 1703 observata
1261 1668 1310 1702 rei
1332 1667 1521 1702 maritimae
1542 1667 1716 1702 Romame

251 1715 429 1750 debilitate
460 1714 704 1759 sumpsissent,
735 1714 785 1748 sic
808 1715 941 1749 eosdem
964 1715 1047 1749 visis
1070 1715 1215 1759 Augusti
1246 1715 1340 1749 iussu
1355 1714 1534 1759 reparatis
1557 1713 1718 1748 armatis-

251 1773 318 1807 que
342 1764 509 1794 momento
532 1760 727 1794 triremibus
749 1763 912 1795 tumorem
933 1762 1130 1795 insolentem
1154 1771 1426 1805 compressurus,
1447 1759 1655 1805 humilesque
1674 1771 1717 1794 ac

253 1806 424 1852 supplices
456 1818 574 1851 pacem
605 1811 762 1840 oraturos
793 1807 926 1841 iterum.
972 1807 1025 1840 his
1059 1811 1243 1852 occupatus
1267 1806 1389 1840 mentis
1411 1805 1449 1840 in
1470 1817 1551 1852 spes
1573 1805 1716 1841 blandas

251 1864 379 1899 pronae
401 1853 489 1886 bene
512 1852 665 1887 ominatis
688 1852 861 1894 sensibus,
884 1853 1050 1898 repressit
1070 1853 1254 1898 imperator
1276 1852 1423 1897 impetus
1445 1852 1635 1894 multorum,
1654 1851 1715 1898 qui

253 1910 438 1945 generosae
462 1898 636 1932 cuiusdam
659 1899 893 1933 aemulationis
915 1899 1076 1933 instinctu
1090 1925 1099 1941 ‚
1130 1899 1199 1933 rati
1220 1910 1290 1932 rem
1311 1898 1483 1943 indignam
1503 1910 1568 1932 nec
1589 1898 1718 1933 tolera-

252 1946 353 1979 bilem
387 1945 642 1987 contumeliam,
674 1948 804 1978 tantum
839 1945 900 1978 hos
934 1946 1081 1979 advenas
1115 1946 1277 1979 adversus
1299 1944 1470 1978 Romanos
1492 1944 1618 1979 efferre
1640 1954 1717 1978 seso

253 2002 374 2032 ausoS‚
406 2002 447 2024 ne
471 1991 604 2035 impune
627 1991 841 2025 temerariam
864 1991 1073 2025 insolentiam
1096 1992 1249 2034 ferrent,
1279 1991 1439 2036 optimum
1463 1991 1558 2025 factu
1579 1990 1717 2025 aiebant

252 2048 460 2080 congregare
484 2048 589 2071 naves
612 2048 728 2071 omnes
748 2037 948 2082 piscatorias
971 2037 1146 2073 onerarias
1167 2042 1203 2071 et
1226 2037 1370 2071 maiores
1393 2036 1498 2079 alias,
1533 2047 1717 2082 quaecum-

251 2094 318 2125 que
349 2087 429 2115 tunc
461 2083 551 2117 circa
577 2089 694 2117 nostra
727 2083 844 2117 littora
866 2083 1114 2128 reperirentur,
1149 2083 1261 2129 iisque
1283 2083 1442 2117 continua
1461 2082 1552 2117 serie
1573 2082 1716 2117 invicem

251 2126 368 2170 ligatis
401 2129 493 2162 velut
527 2133 630 2173 ponte
662 2129 805 2173 quodam
828 2135 1047 2164 consternere
1068 2129 1215 2163 medium
1237 2130 1329 2164 inter
1351 2129 1513 2164 Galatam
1538 2134 1576 2162 et
1597 2129 1715 2163 urbem

253 2174 402 2213 fretum,
434 2178 503 2207 tum
535 2174 709 2220 dispositis
740 2186 843 2220 super
869 2175 945 2209 hinc
979 2176 1056 2210 inde
1086 2176 1274 2219 sagittariis
1297 2180 1334 2210 et
1355 2174 1608 2215 fundibulariis,
1635 2172 1714 2207 telis

251 2223 370 2263 petere
393 2219 483 2253 intra
505 2219 628 2257 iactum
651 2221 730 2255 inde
753 2221 883 2266 positas
906 2222 1055 2257 Venetas
1077 2233 1192 2256 naves.
1239 2222 1303 2256 hoc
1323 2221 1372 2256 illi
1393 2220 1617 2262 suadebant3.
1631 2229 1714 2252 con-

252 2264 428 2307 siliumque
462 2267 650 2310 apparebat
679 2267 850 2311 optimum.
901 2279 978 2302 nam
1011 2272 1149 2313 praeter
1172 2279 1231 2302 eos
1253 2267 1312 2313 qui
1333 2267 1400 2301 iam
1423 2277 1467 2300 ex
1487 2269 1633 2310 utroque
1653 2263 1714 2298 lit-

250 2315 326 2344 tore
351 2310 492 2344 Venetis
515 2322 555 2344 eo
578 2312 766 2356 progressis
787 2313 1017 2355 imminebant,
1041 2317 1246 2359 praeterque
1267 2323 1352 2358 quos
1373 2311 1471 2346 modo
1487 2310 1714 2345 memorabam

252 2355 455 2390 iaculatores
479 2368 498 2389 e
521 2357 677 2399 navibus,
700 2359 753 2391 vel
776 2360 835 2402 qui
859 2359 979 2403 pinnas
1002 2360 1164 2394 moenium
1187 2369 1333 2403 superne
1356 2357 1565 2397 obtinebant,
1591 2355 1621 2390 si
1642 2355 1712 2390 tela

252 2406 289 2436 et
319 2407 437 2446 petras
466 2402 647 2436 muralibus
681 2403 825 2438 ballistis
855 2405 891 2438 in
923 2405 1107 2439 subiectam
1131 2406 1295 2439 Venetam
1317 2403 1458 2438 classem
1480 2401 1714 2444 demitterent,

253 2446 309 2481 vel
332 2446 396 2480 soli
419 2447 595 2481 suffecturi
617 2447 817 2482 videbantur
839 2450 1020 2494 perdendis
1035 2450 1186 2484 funditus
1209 2449 1374 2495 planeque
1397 2447 1443 2483 ad
1465 2447 1601 2483 nihilum
1621 2447 1714 2482 redi-

254 2492 372 2538 gendis
393 2493 583 2527 temerariis
607 2494 873 2537 aggressoribus.
918 2507 1032 2530 verum
1054 2496 1236 2541 imperator
1259 2505 1403 2539 pugnam
1425 2494 1516 2528 illam
1540 2493 1714 2528 Christia—

254 2538 304 2573 nis
327 2539 484 2583 gentibus
507 2539 727 2584 periculosam
748 2540 900 2574 iudicans
921 2552 1133 2586 nequaquam
1150 2540 1341 2585 acquievit,
1364 2539 1425 2574 sed
1447 2539 1578 2574 remisit
1598 2538 1712 2584 potius

254 2595 383 2619 omnem
413 2584 622 2630 repugnandi
656 2585 836 2629 impetum,
875 2586 1012 2620 incertis
1049 2590 1085 2620 et
1111 2585 1185 2620 sine
1207 2585 1276 2619 fine
1295 2585 1518 2630 pendentibus
1542 2585 1714 2620 delibera-

254 2630 404 2665 tionibus
442 2631 641 2675 indulgens,
679 2630 894 2676 spatiumque
928 2631 978 2666 sic
1018 2631 1157 2666 Venetis
1186 2631 1327 2666 liberum
1356 2632 1542 2666 concedens
1574 2631 1711 2676 impune

255 2675 442 2722 peragendi
480 2676 571 2722 quod
608 2679 808 2721 coeperant,
845 2677 921 2710 urbi
965 2680 1070 2722 atque
1109 2676 1249 2721 imperio
1284 2678 1473 2722 procaciter
1503 2676 1710 2712 insultando.

258 2721 356 2766 (24)
389 2721 479 2768 quod
508 2723 600 2756 ultra
631 2733 704 2756 cum
725 2722 771 2756 illi
794 2721 950 2757 viderent
971 2733 1010 2757 se
1032 2723 1122 2757 haud
1150 2723 1218 2757 iam
1241 2723 1423 2769 quidquam
1447 2723 1588 2769 amplius
1609 2733 1711 2768 posse

256 2769 395 2809 facere,
429 2770 468 2802 ut
497 2767 729 2802 instrumentis
759 2768 885 2803 furoris
918 2769 1067 2814 ipsorum
1089 2769 1143 2803 usi
1164 2769 1283 2814 piratis
1305 2772 1394 2804 sunt.
1440 2769 1474 2803 hi
1496 2771 1598 2804 nocte
1618 2768 1712 2803 inse--¹

257 2817 335 2847 cuta
357 2813 403 2849 ad
425 2813 566 2849 insulam
587 2813 782 2860 Principum
805 2814 998 2862 appellunt;
1020 2814 1133 2861 ibique
1156 2826 1223 2850 uon
1243 2815 1349 2851 solum
1370 2822 1508 2851 veteres
1530 2815 1596 2851 loci
1617 2813 1712 2850 ineo·¹
