1858 3126
263 152 361 199 366
688 150 924 197 GEORGII
956 155 1307 202 PACHYMERIS

214 271 245 306 D
270 263 325 316 ὥς
346 261 451 315 εἰκός
458 297 471 318 ,
507 262 807 322 παραλλάττειν
825 267 884 323 μὴ
903 265 1027 323 ξ’χοιεν
1047 268 1123 319 τὰς
1147 267 1364 327 ὁμολογίας
1383 268 1616 327 αἷδούμενοι
1629 305 1643 326 ,
1677 273 1728 329 ἤν

259 352 322 384 τις
353 334 394 377 ἓν
423 332 583 392 ὑστέρῳ
613 342 882 391 γνωσιμαχεῒν
914 337 1072 393 αῗροΐτο
1101 338 1256 393 μαθών
1286 339 1334 382 τὸ
1351 338 1586 397 πρόσωπον.
1654 341 1730 385 κάν

259 400 422 452 τούτοις
456 400 589 459 ἦμὲρα
614 404 689 458 μὲν
721 404 795 455 ἕως
820 404 902 459 ὀψὲ
931 403 1116 461 διηνύετο
1131 439 1145 460 ,
1178 407 1253 458 νῦξ
1276 407 1323 450 δ’
1346 408 1580 453 ἐπελθοῦσα
1604 410 1730 453 καλὸν

259 469 452 528 ἡγεῖσθαι
475 473 542 514 καὶ
563 471 610 514 τὸ
632 475 746 516 νυκτὶ
768 475 991 517 πείθεσθαι
1009 476 1076 517 καὶ
1095 476 1270 529 βασιλέα
1289 478 1356 519 καὶ
1375 477 1472 527 τοὺς
1490 477 1601 535 ἄμφ’
1629 479 1728 522 ἐκεῖ-

261 558 333 583 νον
364 540 525 583 ἔπειθε·
561 537 691 585 λύσαν
725 541 772 585 δ’
806 543 991 601 αι’ψηρὴν
1017 543 1171 601 ἀγορὴν
1198 545 1327 601 μηδὲν
1357 545 1481 589 πλέον
1499 550 1582 590 τῶν
1604 545 1762 593 ἄτιον-5

261 608 447 653 σθέντων
466 608 637 664 ἔχοντες.
1027 661 1031 665 ,

123 686 148 719 Ρ
173 685 238 722 251
402 678 479 724 36.
538 677 646 733 ’Ἀμα
668 679 710 722 δ’
739 679 790 739 ἕῳ
810 679 1061 736 συγκαλέσας
1077 682 1145 723 καὶ
1168 675 1295 732 αὖθις
1313 679 1334 725 ὅ
1354 683 1547 737 βασιλεῦς
1565 682 1615 727 οὗ
1632 680 1733 727 τοῦ-

263 764 359 798 τους
377 744 527 801 μόνον,
566 747 664 790 ἀλλ’
692 747 768 804 ἤδη
790 751 857 791 καὶ
878 748 976 792 ὅσον
997 745 1046 804 ἦν
1065 754 1139 805 τῆς
1157 750 1362 800 πολιτείας
1381 749 1571 807 καθαρόν
1597 769 1641 795 τε
1663 754 1732 795 καὶ

262 815 467 872 ἔκκριτον,
505 817 570 858 καὶ
602 817 811 872 μοναχοῦς
845 818 990 873 σχεδὸν
1011 816 1191 872 πάντας,
1227 818 1328 875 ἔγνω
1349 821 1416 863 καὶ
1445 818 1566 863 πάλιν
1585 821 1627 863 ἐν
1643 837 1731 864 κοι-

262 889 321 944 νῷ
344 885 396 928 τὰ
423 886 512 942 περὶ
533 883 682 929 τούτου
705 888 963 942 δημηγορεῖν.
1035 885 1090 938 ὥς
1109 889 1246 931 τοίνυν
1270 888 1316 931 τὸ
1340 892 1505 945 πλῆθος
1532 887 1554 932 ὅ
1573 906 1728 946 χρυσο-
1742 901 1786 936 10

261 954 463 1010 τρι’κλινος
497 953 572 997 οὗκ
603 951 741 1012 ἐχώρει
770 953 876 998 πολύ
906 973 948 1011 γε
982 954 1048 1008 ὅν,
1095 957 1276 1007 ἐξελθών
1300 955 1382 1001 ἀπὸ
1410 962 1486 1000 τοῦ
1506 954 1729 1014 περιπάτου

263 1023 380 1080 σφίσι
399 1020 588 1066 κάτωθεν
609 1024 841 1080 ἱσταμένοις
854 1057 866 1076 ,
899 1026 989 1080 περὶ
1009 1025 1158 1068 ἐκεῖνον
1180 1029 1262 1068 τῶν
1281 1026 1399 1081 ἱερῶν
1420 1025 1582 1083 ἀνδρῶν
1602 1026 1731 1070 ὄντων

204 1100 234 1135 Β
264 1093 331 1135 καὶ
350 1091 448 1135 ὅσον
468 1093 699 1146 βασίλειον,
735 1091 861 1136 πόλλ’
883 1092 988 1136 ἄττα
1011 1091 1182 1146 διεξιών,
1218 1096 1284 1136 καὶ
1303 1094 1414 1144 ὅπως
1433 1095 1583 1151 ἐλέχθη
1602 1112 1644 1138 τε
1662 1096 1731 1138 καὶ

263 1158 452 1216 ἐπράχθη
475 1160 646 1205 ἕκαστον
678 1158 814 1205 πάντα
845 1161 950 1204 κατὰ
969 1162 1093 1218 μέρος
1111 1160 1349 1220 διειληφώς,
1385 1163 1500 1214 τέλος
1513 1161 1730 1220 ὑπερθαυ-

262 1227 402 1285 μάσας
423 1230 497 1284 μὲν
518 1229 590 1273 τὸν
602 1229 735 1287 ἄνδρα
747 1263 760 1283 ,
797 1227 987 1287 κρύπτων
1005 1230 1063 1273 ἔτι
1085 1230 1265 1286 τοῖνομα
1278 1264 1292 1285 ,
1327 1229 1660 1289 ὗπερθαυμάζειν
1684 1232 1730 1275 δέ
1741 1245 1784 1281 15

266 1300 332 1341 καὶ
353 1298 450 1348 τοὺς
469 1299 635 1350 λοιποὺς
656 1295 929 1355 ἐργασάμενος
939 1332 952 1352 ,
989 1301 1179 1342 ἐντεῦθεν
1197 1301 1240 1351 ἐξ
1260 1299 1388 1343 αὐτοῦ
1404 1298 1526 1357 λόγου
1546 1302 1633 1357 (καὶ
1650 1300 1729 1358 γὰρ

214 1377 244 1411 C
268 1366 494 1422 ἡτοίμαστο
524 1369 590 1410 καὶ
624 1372 751 1426 στολῇ
779 1369 845 1411 καὶ
875 1365 981 1426 ζώνῃ
1011 1370 1078 1411 καὶ
1114 1366 1327 1429 καλύπτρᾳ
1352 1370 1419 1412 καὶ
1447 1367 1728 1426 ὑποδήμασιν)

264 1438 417 1498 ἐξορμᾷ
446 1436 521 1492 μὲν
553 1438 701 1488 ἐκεῖνος
728 1438 825 1494 πεζῇ
854 1436 955 1495 πρὸς
983 1436 1055 1480 τὸν
1088 1436 1187 1488 τέως
1216 1437 1447 1494 ἄγνωστον,
1492 1438 1670 1496 ἐξορμᾶν
1683 1438 1729 1482 δὲ

258 1580 335 1614 dam
365 1578 680 1625 impediendamque
711 1583 873 1626 quantum
906 1583 1046 1626 possent
1077 1581 1151 1615 eius
1179 1579 1427 1615 restitutionem
1455 1581 1491 1615 in
1515 1580 1726 1626 patriarcha-

258 1630 353 1668 tum,
375 1625 441 1659 nisi
464 1626 596 1671 pudore
619 1627 763 1672 quodam
786 1627 956 1671 levitatis,
981 1639 1024 1661 ne
1046 1627 1178 1661 resilire
1201 1627 1395 1660 dicerentur
1417 1638 1438 1662 a
1461 1627 1565 1661 semel
1587 1632 1728 1662 ostensa

258 1671 440 1712 sententia,
464 1672 581 1706 favere
605 1672 798 1707 nominatim
821 1673 938 1717 agnito
958 1678 1141 1717 pergerent
1163 1672 1283 1715 eidem,
1305 1684 1403 1718 quem
1426 1672 1516 1707 citra
1537 1673 1730 1708 nomencla-

256 1717 384 1752 tionem
415 1717 598 1752 indicatum
628 1718 853 1753 admiratione
876 1729 914 1753 se
937 1720 1026 1752 ultro
1049 1718 1205 1762 dignatos
1235 1718 1467 1764 applausuque
1488 1718 1729 1756 meminissent.

257 1764 312 1799 his
334 1763 424 1798 ultro
448 1763 602 1809 citroque
634 1766 842 1800 sermonibus
868 1764 923 1798 die
953 1764 988 1798 in
1011 1764 1152 1798 solidum
1185 1775 1357 1809 expensa,
1389 1775 1456 1798 nox
1485 1764 1728 1810 superveniens

260 1809 352 1844 nocti
376 1810 498 1844 cedere
520 1809 718 1855 imperatori
739 1817 775 1845 et
799 1810 872 1846 aliis
894 1810 1012 1845 suasit.
1060 1810 1233 1845 solverunt
1254 1810 1360 1854 igitur
1382 1810 1538 1847 celerem.
1561 1815 1600 1844 ut
1623 1813 1728 1855 poEta

262 1855 430 1902 loquitur,
464 1860 682 1899 conventum,
716 1857 780 1892 boc
802 1862 877 1900 est,
911 1856 968 1902 qui
990 1856 1072 1891 licet
1094 1859 1169 1890 tota
1190 1855 1247 1890 die
1269 1855 1446 1901 durasset,
1477 1856 1726 1901 praefestinato

261 1902 417 1936 dimissus
439 1901 547 1936 videri
573 1906 724 1948 poterat,
746 1903 903 1948 quoniam
925 1902 1146 1937 dirimebatur
1167 1901 1307 1945 infecto,
1331 1901 1427 1937 cuius
1448 1902 1571 1946 gratia,
1588 1906 1624 1937 et
1645 1905 1726 1937 voto

263 1948 482 1983 convocantis
504 1948 662 1993 Augusti,
686 1951 874 1992 coiverant,
899 1949 1046 1994 negotio.
1093 1947 1175 1983 nihil
1198 1948 1283 1982 enim
1305 1948 1396 1983 ultra
1419 1959 1536 1983 sonum
1559 1959 1643 1983 aure
1665 1958 1727 1983 ao·

262 2000 398 2040 ceptum
420 1994 622 2029 iactaturum
645 1995 724 2029 hinc
745 1994 822 2030 inde
844 1996 1025 2030 verborum
1049 1996 1180 2030 domum
1201 1993 1356 2040 plerique
1378 1996 1578 2031 retulerunt.

355 2041 413 2075 36.
458 2041 613 2075 Diluculo
644 2052 749 2096 porro
780 2046 937 2085 posterae
971 2040 1057 2084 diei,
1088 2039 1282 2076 convocatis
1311 2051 1429 2075 rursus
1449 2040 1638 2086 imperator
1657 2049 1725 2074 non

264 2085 308 2119 iis
331 2086 436 2120 solum
459 2098 544 2132 quos
571 2087 681 2132 pridie
704 2087 869 2122 allocutus
891 2089 1028 2131 fuerat,
1050 2088 1112 2122 sed
1134 2092 1170 2121 et
1193 2098 1214 2120 e
1244 2097 1387 2132 corpore
1409 2085 1532 2121 civium
1555 2085 1727 2120 honestis-

263 2131 358 2165 simis
388 2144 429 2165 ac
457 2132 646 2167 lectissimis
678 2134 889 2179 quibusque,
920 2134 1092 2168 monachis
1125 2143 1207 2168 vero
1242 2133 1348 2167 ferme
1368 2131 1552 2174 universis,
1574 2130 1726 2166 decrevit

263 2177 355 2230 apud
380 2177 441 2212 hos
467 2190 582 2213 omues
605 2180 648 2213 de
671 2180 789 2214 eodem
811 2180 933 2214 iterum
955 2184 1154 2224 argumento
1180 2190 1305 2223 agere,
1333 2190 1400 2213 non
1421 2182 1462 2213 ut
1483 2177 1557 2212 heri
1579 2175 1725 2211 familia-

263 2223 356 2256 rlbus
379 2223 702 2268 interrogationibus
726 2238 767 2261 ac
789 2226 976 2271 promiscuo
999 2225 1164 2272 colloquio
1177 2251 1189 2269 ‚
1211 2224 1272 2260 sed
1295 2230 1463 2270 perpetua·
1483 2235 1504 2257 e
1525 2223 1599 2257 loco
1620 2233 1726 2267 supe-

261 2267 357 2311 riori,
380 2274 549 2314 tamquam
572 2271 615 2304 ad
639 2272 843 2313 concionem,
860 2272 1015 2307 habenda
1037 2272 1202 2307 oratione.
1249 2282 1324 2305 cum
1347 2274 1459 2305 autem
1481 2267 1725 2302 multitudinem

261 2325 344 2348 sane
374 2315 542 2359 ingentem
574 2328 712 2351 aureum
735 2317 913 2352 triclinium
943 2330 1010 2352 non
1032 2321 1190 2364 caperet,
1221 2328 1263 2351 ex
1296 2315 1488 2350 ambulacro
1509 2324 1586 2348 sese
1607 2313 1725 2359 profe-

262 2370 362 2401 rens,
386 2360 580 2406 habensque
603 2363 696 2397 circa
716 2375 754 2397 se
777 2369 938 2409 quantum
960 2369 1037 2399 erat
1058 2374 1230 2398 sacrorum
1251 2361 1417 2396 hominum
1440 2363 1476 2393 et
1495 2357 1641 2404 palatini
1664 2370 1725 2395 co-

262 2405 416 2448 mitatus,
448 2407 493 2440 ad
517 2411 662 2442 stantem
684 2409 824 2443 inferius
847 2411 1032 2444 confertam
1054 2410 1188 2444 turbam
1210 2413 1280 2442 tum
1304 2407 1371 2442 alia
1392 2405 1555 2451 quaedam
1580 2405 1624 2439 ad
1646 2416 1727 2439 sco-

262 2462 338 2495 pum
364 2453 613 2488 accommodata
636 2453 810 2497 disseruit,
837 2459 908 2489 tum
930 2454 1170 2500 praedictionis
1193 2453 1298 2487 totins
1319 2451 1470 2486 ordinem
1495 2450 1725 2496 particulatim

263 2497 430 2542 exposuit,
455 2509 617 2533 enarrans
640 2503 680 2534 ut
701 2500 847 2545 quidque
870 2501 1079 2545 exploratum
1101 2504 1206 2545 atque
1227 2502 1352 2540 actum,
1367 2497 1601 2531 demonstrans
1623 2507 1724 2542 quam

262 2554 330 2577 non
351 2543 445 2578 facili
466 2544 680 2587 credulitate,
701 2545 762 2579 sed
784 2549 864 2590 post
889 2550 1018 2580 certum
1045 2547 1177 2580 demum
1199 2543 1464 2589 experimentum
1487 2546 1726 2578 eventusma-

263 2588 399 2632 nifesti,
424 2589 585 2625 vaticinio
609 2590 654 2625 sit
675 2590 761 2625 fides
793 2590 958 2625 adhibita.
1004 2592 1139 2626 tandem
1161 2590 1198 2625 in
1227 2589 1481 2624 admirationem
1503 2598 1726 2642 prorumpens

261 2647 419 2670 summam
433 2660 446 2680 ‚
477 2637 730 2681 praeconisque
752 2635 819 2670 viri
842 2637 902 2682 qui
923 2636 1006 2671 talia
1028 2636 1229 2682 praevidere
1249 2646 1535 2681 praemonereque
1557 2638 1726 2680 potmsset

262 2681 373 2726 (cuius
396 2685 508 2716 tamen
531 2682 639 2716 adhuc
661 2683 784 2717 silebat
817 2686 953 2725 nomen)
983 2682 1018 2716 in
1049 2682 1244 2717 immensum
1273 2692 1505 2726 exaggerans,
1538 2680 1637 2715 motis
1657 2679 1724 2714 iam

262 2727 473 2763 auditoribus
504 2732 541 2763 et
572 2728 606 2762 in
629 2740 746 2775 parem
768 2727 874 2773 ignoti
897 2729 988 2763 vatis
1010 2728 1263 2763 admirationem
1285 2728 1426 2770 tractis,
1451 2738 1494 2761 ex
1516 2726 1592 2772 ipso
1614 2725 1724 2772 proti-

262 2784 325 2807 nus
347 2784 501 2808 sermone
532 2774 628 2819 (nam
659 2775 702 2809 ad
725 2776 788 2810 hoc
810 2774 875 2809 iam
899 2779 1000 2810 antea
1022 2774 1132 2816 stola,
1154 2786 1262 2816 zona,
1283 2778 1419 2818 tegmen
1440 2772 1571 2818 regium
1593 2770 1723 2818 capitis,

262 2820 492 2856 calceamenta
513 2825 720 2868 praeparata
741 2821 895 2867 fueraut)
917 2820 985 2856 iter
1005 2820 1110 2868 pedes
1131 2819 1205 2866 ipse
1227 2830 1410 2865 aggressus
1433 2823 1488 2854 est
1511 2819 1556 2855 ad
1581 2816 1725 2853 innomi-

1848 2555 1858 2699 n—fl-—dm
1853 2515 1858 2536 —
1852 2410 1858 2491 μη..-
1856 2382 1858 2387 .
1855 2306 1858 2350 ,ΑΗ
1850 2211 1858 2288 ,ςι,..
1855 2181 1858 2191 ..

1848 3034 1853 3044 ·—
1850 2964 1858 3024 Asna-
1850 2887 1858 2955 ..κ-..-
1848 2842 1858 2879 ..4.
