1820 3112
361 145 438 188 DE
462 143 794 187 ANDRONICO
828 139 1203 186 PALAEOLOGO
1237 141 1284 185 L.
1319 138 1375 185 H.
1509 137 1603 183 153

286 258 361 304 18.
429 257 573 306 Αὐτὸς
594 257 638 299 δὲ
668 253 842 313 φθάσας
862 253 929 297 ἔπ’
963 254 1189 309 ἀνατολῆς,
1228 252 1300 296 τὸν
1322 251 1604 308 πορφυρογέν-
1632 254 1663 288 C

146 343 269 382 νητον
286 326 530 375 ἀποστείλας
556 325 699 380 ἔχοντα
726 326 792 366 καὶ
816 324 890 377 τὴν
911 327 1180 366 συνοικοῦσαν
1200 323 1244 365 ἐκ
1263 326 1346 365 τῶν
1366 325 1440 363 τοῦ
1459 318 1608 364 Ῥαοὺλ

148 395 252 438 κατὰ
271 395 405 451 γένος,
441 394 689 448 ἐξεληλακώς
722 392 791 435 ἐπ’
816 392 1020 446 ἀνατολῆς
1054 390 1187 444 ὥρμα.
1257 393 1324 432 καὶ
1356 389 1534 432 διελθών
1555 388 1610 431 τὰ

147 469 223 519 τῆς
242 465 444 513 Βιθυνίας
463 462 582 518 μέρη,
615 463 681 504 καὶ
703 459 782 503 ὅσα
800 461 879 517 πρὸ
899 465 1048 514 μικροῦ
1069 459 1221 515 ἐρρέθη
1242 460 1310 500 ἐπί
1326 476 1367 502 τε.
1388 463 1446 517 τῷ
1467 458 1609 516 Βέκκῳ

116 534 219 578 ὁκαὶ
243 539 331 582 τοῖς
362 536 519 581 λοιποῖς
550 530 831 586 εἰργασμένος,
867 534 926 586 τῷ
955 530 1168 585 Νυμφαίῳ
1194 529 1435 583 ἐφίσταται,
1473 526 1610 583 φέρων

148 602 215 644 καὶ
235 600 304 643 τὸν
327 598 592 652 Μουζάλωνα
624 598 726 651 πρὸς
755 602 813 655 τῷ
832 602 906 640 τοῦ
921 596 1098 652 μεγάλου
1121 597 1346 652 λογοθέτου
1376 593 1612 649 σεμνώματι

148 670 215 712 καὶ
233 666 602 724 πρωτοβεστιιῖριον
625 664 886 719 κλεϊζόμενον.
956 660 1003 708 οὗ
1025 665 1073 719 δί)
1097 667 1162 707 καὶ
1188 662 1418 719 σκήνήσας,
1458 665 1612 706 ἐκεῖθεν

148 737 203 780 τὰ
229 737 324 780 κατ’
355 737 555 791 ἀνατολὴν
582 733 857 788 διοικούμενος
878 767 892 788 ,
939 734 1149 776 ἐσκέπτετο
1184 736 1249 775 καὶ
1283 735 1373 787 περὶ
1410 737 1484 775 τοῦ
1517 733 1609 774 υἱοῦ
1634 732 1662 767 P
1687 732 1754 767 103

148 804 345 860 Μιχαήλ,
383 807 593 861 ἐπαγαγεῖν
631 805 765 861 ἐκείνῳ
795 805 839 846 ἐκ
866 807 940 845 τοῦ
974 803 1095 859 ρηγός
1113 804 1299 852 Πουλιάς
1328 802 1402 856 τὴν
1420 798 1612 855 συνοική-

96 883 328 927 1οσουσαν,
361 872 387 929 ἦ
417 873 459 917 ἐκ
489 878 562 916 τοῦ
593 873 683 914 υἱοῦ
712 877 787 914 τοῦ
821 873 1079 914 Βαλδουΐιόυ
1108 873 1174 913 καὶ
1204 876 1277 925 τῆς
1306 870 1517 925 θυγατρὸς
1537 873 1611 912 τοῦ

149 940 395 998 Καροῦλου,
430 943 707 997 Λῖκατερίνα,
746 939 834 995 ἣτις
860 942 926 983 καὶ
953 942 1016 982 ἐπὶ
1047 945 1104 998 τῷ
1126 939 1228 994 πρὸς
1247 939 1404 995 μητρὸς
1430 940 1531 997 θείῳ
1551 942 1610 997 τῷ

149 1011 227 1070 υἱῷ
247 1009 468 1065 Καρούλου
494 1012 615 1053 θειάν
635 1008 711 1063 εἶχε
728 1010 803 1063 τὴν
823 1014 898 1052 τοῦ
922 1013 994 1062 τῆς
1018 1008 1220 1063 Οὗγγρίας
1237 1008 1359 1065 ῥηγός
1380 1008 1608 1064 θυγατέρα,

149 1081 270 1122 θείαν
291 1075 420 1122 οὖσαν
439 1079 542 1134 πρὸς
559 1078 717 1133 μητρὸς
735 1079 800 1119 καὶ
823 1083 880 1135 τῷ
898 1081 1064 1130 βασιλεῖ
1077 1076 1250 1132 111ιχαήλ
1265 1110 1277 1128 ,
1314 1076 1403 1130 ἣτις
1429 1079 1496 1119 καὶ
1516 1076 1612 1126 τοὺς

148 1145 307 1203 γάμους
333 1150 447 1190 δυοῖν
479 1148 672 1203 ἀδελφοῖν
702 1146 779 1188 ἀνὰ
801 1147 923 1201 μέρος
946 1144 1194 1201 κατήπειγεν.
1267 1144 1365 1188 ὅθεν
1397 1147 1463 1188 καὶ
1489 1145 1615 1188 αὐτὸν

96 1223 140 1260 15
150 1217 226 1271 μὲν
256 1217 319 1259 ἐπὶ
343 1221 417 1270 τῆς
451 1214 606 1265 πόλεως
636 1218 863 1258 καταλείπει
886 1213 907 1257 ὃ
926 1213 1142 1268 βασιλεῦς,
1179 1214 1277 1264 τοὶ-ς
1299 1214 1347 1256 δέ
1363 1231 1406 1270 γε
1423 1219 1481 1272 τῷ
1503 1213 1615 1269 κήδει

150 1282 436 1339 μεσιτεύοντας
450 1284 633 1334 Ἰταλοὺς
659 1282 825 1339 ἐπήγετο
855 1283 958 1339 πρὸς
977 1284 1023 1325 τὸ
1048 1282 1296 1339 Νύμφαιον,
1331 1283 1461 1336 συχνοὶ
1484 1301 1612 1325 κατα-
1636 1286 1666 1320 Β

151 1354 353 1396 ναλίσκων
374 1355 442 1396 καὶ
462 1351 924 1410 προσᾳιλοτιμοῦμενος,
965 1350 1091 1394 -νεῦων
1114 1351 1208 1401 ὅλος
1230 1354 1285 1401 εἷς
1303 1356 1425 1394 ‘tofto
1446 1353 1512 1394 καὶ
1534 1349 1615 1404 μό-

151 1438 223 1464 νον
242 1420 291 1464 οὔ
311 1423 378 1463 καὶ
396 1422 648 1475 συνδέσμους
667 1426 748 1463 τῶν
768 1421 997 1476 ἀναγκαίων
1016 1418 1267 1474 ποιοίμενος.
1325 1421 1387 1462 ἐπὶ
1409 1420 1512 1462 πολὺ
1535 1419 1613 1475 γὰρ

152 1491 220 1532 καὶ
248 1487 571 1545 προσελιπάρουν
601 1490 759 1542 ἐκεῖνοι,
798 1491 865 1532 καὶ
896 1489 1105 1544 συμφέρον
1130 1489 1378 1544 παμπληθὲς
1399 1486 1527 1532 ἐδόκει
1546 1490 1615 1530 καὶ

98 1559 355 1613 Ξοβασιλέως
376 1557 490 1610 ἄξιον
517 1558 563 1601 τό
596 1556 877 1615 συνάλλαγμα.
955 1555 1132 1602 ὖπέτεινε
1163 1559 1207 1601 δὲ
1236 1560 1303 1601 καὶ
1327 1558 1511 1615 χρηστὰς
1538 1557 1614 1607 τὰς

244 1697 482 1748 10.ἧ]ἦδ’
504 1694 551 1747 ἦν
573 1698 624 1747 vj?
652 1747 660 1755 .

246 1827 301 1861 18.
345 1826 425 1872 Ipse
456 1838 557 1872 porro
577 1827 769 1871 Augustus,
798 1827 899 1862 misso
930 1827 1024 1874 prius
1054 1826 1087 1861 iu
1120 1826 1296 1861 Orientem
1319 1824 1610 1870 Porphyrogenito

154 1881 268 1906 secum
289 1883 428 1907 uxorem
450 1874 616 1916 ducente,
647 1885 735 1918 quae
758 1876 794 1907 et
814 1874 888 1919 ipsa
918 1880 993 1908 erat
1016 1885 1057 1907 ex
1080 1873 1199 1906 Raiilis
1221 1873 1346 1916 stirpe,
1378 1876 1515 1905 secutus
1536 1871 1611 1916 ipse

154 1927 291 1962 quoque
322 1930 440 1952 versus
472 1919 595 1953 Ortum
625 1920 739 1953 movit.
786 1923 1085 1965 transgressusque
1114 1924 1231 1963 partes
1262 1917 1464 1961 Bithyniae,
1498 1929 1539 1951 ac
1569 1917 1611 1950 iis

155 1961 278 2003 obiter,
300 1975 388 2008 quae
409 1965 508 2009 paulo
531 1970 611 1998 ante
634 1970 817 1999 memorata
840 1972 930 2005 sunt,
954 1977 1026 1999 cum
1051 1965 1162 1998 Vecco
1185 1964 1389 2008 reliquisque
1414 1963 1612 2006 transactis,

155 2007 390 2052 Nymphaeum
413 2010 569 2054 pervenit
590 2011 743 2044 comitem
773 2012 899 2045 hahens
922 2011 1150 2050 Muzalonem‚
1185 2021 1287 2054 super
1309 2008 1483 2054 antiquum
1506 2009 1613 2044 hono·-

155 2064 225 2087 rem
249 2054 361 2098 magni
383 2055 576 2098 logothetae
597 2067 685 2089 nova
708 2057 967 2100 protovestiarii
989 2056 1151 2098 dignitate
1173 2055 1380 2088 decoratum.
1425 2055 1481 2088 hic
1505 2054 1614 2099 impe-

155 2104 251 2133 rator
273 2100 342 2133 fixo
366 2101 542 2144 Augustali
565 2101 742 2135 attendere
764 2102 842 2136 inde
862 2102 1055 2137 ordinandis
1086 2100 1297 2134 orientalium
1319 2102 1421 2134 rebus
1443 2106 1613 2134 tractuum

154 2145 299 2186 institit3
331 2145 496 2191 simulque
524 2146 674 2180 incubuit
703 2147 738 2180 in
766 2159 881 2181 curam
912 2147 1189 2182 conficiendarum
1221 2146 1410 2191 nuptiarum
1438 2146 1616 2181 Michaelis

154 2190 231 2233 filii,
255 2191 309 2226 cui
332 2202 488 2236 sponsam
511 2191 643 2236 legerat
673 2193 764 2236 regis
788 2193 930 2238 Apuliae
958 2193 1082 2234 filiam,
1119 2203 1160 2226 ex
1187 2192 1340 2226 Balduini
1370 2192 1440 2226 filio
1475 2198 1511 2227 et
1543 2193 1615 2227 filia

157 2236 272 2270 Caroli
302 2243 426 2272 natam.
473 2238 556 2272 haec
589 2239 789 2272 Aecaterina
822 2242 1015 2283 nuncupata
1045 2249 1108 2283 per
1141 2239 1338 2272 avunculum
1370 2239 1474 2273 filium
1500 2238 1617 2273 Caroli

155 2286 373 2317 materteram
398 2283 515 2317 babuit
537 2283 638 2317 filiam
662 2283 754 2327 regis
778 2284 995 2328 Hungariae,
1029 2295 1118 2329 quae
1139 2290 1322 2320 matertera
1343 2284 1425 2319 item
1448 2290 1524 2318 erat
1546 2283 1617 2318 Mi-

157 2328 285 2363 chaelis
307 2329 456 2363 eiusdem
479 2329 624 2373 Augusti
646 2329 788 2363 iunioris
821 2342 863 2364 ex
894 2330 990 2364 huius
1021 2341 1139 2364 sorore
1161 2329 1282 2375 geniti.
1325 2342 1432 2376 quare
1454 2331 1511 2365 illa
1536 2341 1619 2364 con-

155 2373 282 2418 iugium
316 2374 408 2409 istud
441 2375 581 2409 duorum
615 2375 680 2409 sibi
705 2387 724 2408 e
756 2376 928 2410 sororibus
949 2381 1106 2421 nepotum
1126 2388 1189 2422 pro
1212 2388 1262 2418 se,
1286 2383 1443 2423 quantum
1468 2378 1616 2421 poterat,

157 2420 314 2464 urgebat.
361 2421 521 2466 quocirca
545 2421 609 2455 etsi
633 2421 831 2455 michaelem
864 2427 903 2456 ut
925 2434 963 2456 se
986 2423 1128 2456 absente
1149 2423 1224 2457 urbi
1248 2429 1423 2469 praeesset
1447 2424 1618 2457 constan-

157 2465 295 2510 tinopoli
318 2470 418 2511 pater
439 2467 645 2512 reliquerat,
676 2473 787 2501 tamen
817 2468 924 2502 Italos
954 2467 1052 2502 huius
1085 2469 1315 2504 conciliatores
1347 2468 1550 2504 matrimonii
1574 2466 1618 2500 ad

157 2522 199 2545 se
212 2510 291 2545 inde
305 2511 433 2546 accitos
449 2512 639 2558 Nymphaei
661 2512 929 2557 splendidissime
949 2514 1123 2556 tractavit,
1143 2516 1298 2560 ingentes
1313 2519 1347 2549 in
1371 2526 1429 2550 eos
1451 2515 1618 2548 honorau-

158 2555 220 2590 dos
243 2561 394 2602 sumptus
417 2558 546 2592 faciens
560 2585 569 2600 ,
593 2559 828 2604 negotiumque
852 2571 934 2593 cura
955 2564 1050 2594 tanta
1073 2565 1109 2594 et
1131 2561 1243 2596 studio
1266 2573 1467 2607 capessens,
1491 2564 1529 2594 ut
1551 2569 1618 2603 pa-

161 2612 232 2636 rum
255 2603 299 2636 ab
321 2603 439 2638 ultimo
474 2616 612 2639 assensu
644 2610 748 2650 atque
777 2606 862 2640 adeo
894 2617 915 2639 a
945 2605 1171 2642 celebratione
1192 2607 1395 2654 sponsalium
1418 2617 1474 2641 res
1497 2605 1618 2638 abesse

159 2647 345 2682 videretur.
390 2660 465 2683 nam
488 2657 524 2694 et
544 2651 651 2695 legati
674 2651 766 2695 regis
791 2651 936 2696 Apuliae
957 2663 1161 2699 magnopere
1182 2660 1222 2688 ut
1244 2654 1363 2688 foedus
1386 2654 1486 2687 fieret
1508 2651 1617 2684 insta-

159 2691 266 2747 bant,
296 2698 333 2727 et
356 2694 440 2728 utile
459 2696 496 2729 id
520 2696 725 2751 dignumque
748 2698 900 2741 Augusto
926 2697 1113 2743 coniugium
1136 2700 1261 2746 passim
1283 2710 1399 2734 omnes
1421 2697 1617 2732 censebant.

160 2741 252 2772 vobs
273 2739 349 2774 istis
370 2741 506 2776 multam
529 2748 679 2776 secutun
708 2749 850 2776 eventus
879 2753 973 2788 spem
1003 2744 1153 2780 addebat
1180 2745 1294 2780 multis
1316 2744 1422 2790 signis
1444 2743 1618 2783 declarata

159 2782 373 2829 imperatoris
394 2785 429 2821 in
451 2799 525 2823 eam
547 2788 746 2824 affinitatem
767 2788 969 2836 propensio,
999 2794 1041 2826 ut
1060 2790 1140 2826 Itali
1170 2792 1243 2827 eius
1263 2790 1391 2836 negotii
1413 2792 1619 2824 tractatores
