1858 3126
472 159 576 203 un.
608 157 683 206 111.
753 156 1230 206 CHRONOLOGIGUS.
1304 143 1307 146 ’
1403 139 1411 145 ’
1480 160 1578 207 817

142 267 318 319 neglecto
336 266 498 316 Kublai,
528 281 642 318 quem
667 266 827 306 tandem
852 265 1114 319 praevaluisse
1138 264 1355 316 Arigbugne
1369 266 1575 320 Abulpha-

140 323 273 374 regius
292 324 434 372 tradit,
464 330 504 361 et
530 324 570 360 in
602 324 771 374 quadam
802 324 930 374 specie
953 322 1125 362 absoluti
1152 322 1307 373 imperii
1333 323 1575 374 aliquamdiu

140 379 302 431 pacifice
325 379 475 416 indicat
498 379 645 417 vixisse
661 393 672 427 ;
702 386 741 418 et
766 378 798 417 si
820 378 888 429 qui
906 386 997 430 post
1010 379 1053 417 in
1070 384 1245 417 extremo
1262 378 1333 417 illo
1350 378 1476 418 limite
1491 379 1576 418 Mo.

139 434 358 484 gulensium
378 435 552 472 Kaanum
583 434 743 473 titulum
763 441 1025 486 sumpserunt.
1080 448 1179 485 quos
1203 447 1252 472 ne
1270 435 1467 474 mentione
1484 436 1576 486 qui—

139 490 228 528 dem
243 490 460 540 dignandos
490 496 731 541 putaverunt
756 496 824 528 aut
854 498 989 528 noster
1010 489 1075 528 hic
1098 489 1430 541 Abulpharagius,
1460 497 1529 530 aut
1551 504 1575 530 e

58 586 61 589 ,
138 545 281 596 quibus
300 546 616 598 supplementum
635 545 894 584 concinnatur
910 543 1027 584 huius
1048 545 1256 594 Chronici,
1285 546 1333 583 Al
1348 545 1574 598 Iannabius,

137 600 331 639 Abull'eda
356 607 394 639 et
421 601 506 638 Ebn
538 601 765 653 Yuxmphus,
810 601 956 640 Arabes
985 607 1023 640 et
1052 601 1129 653 ipsi
1158 599 1401 652 chronologi.
1466 603 1572 641 unde

136 655 362 694 Monkakao
395 657 517 694 Ksani
542 653 693 708 ἆμὲσως
725 657 954 695 continuare
982 670 1191 709 possumus
1210 657 1405 704 Abakam,
1434 671 1573 697 nnme-

135 712 260 750 rando
278 725 364 749 eum
384 719 565 762 quartum
588 727 610 750 a
631 711 893 764 Gingizchane
909 720 949 752 et
967 713 1143 751 absolute
1159 713 1339 764 quintum
1357 713 1572 766 imperato-

135 780 218 806 rem
239 767 535 814 Mogulemium.

245 823 353 862 XllI.
391 823 574 861 Abakas-
586 820 691 861 Chan
710 822 786 874 (sic
805 823 909 862 enim
930 823 1041 861 illum
1059 823 1238 862 nominat
1254 822 1568 875 Abulpharsgius

134 890 185 916 ex
205 890 284 928 quo
304 884 363 916 est
384 878 637 929 inauguratus
655 879 887 930 imperator)
907 879 1012 917 misit
1029 878 1078 916 ad
1090 879 1398 930 recuperandam
1414 881 1569 931 Syriam

134 934 349 972 exercitum
364 962 376 982 ,
405 934 469 972 cui
486 934 620 973 ducem
642 935 829 985 praefecit
843 935 1001 973 fratrem
1018 948 1130 973 suum
1147 941 1244 973 natu
1262 936 1467 984 minorem,
1496 949 1570 974 vo-

134 994 266 1027 catum
286 991 534 1041 Kangortac',
575 989 848 1028 Bundokdaro
871 990 1034 1041 Aegypti
1056 996 1095 1028 et
1113 992 1247 1042 Syriae
1264 991 1426 1029 Sultane
1447 991 1567 1042 paulo

132 1050 223 1086 ante
257 1045 366 1083 victo
394 1051 433 1083 et
463 1051 630 1084 mortuo.
694 1045 937 1096 Mogulenses
976 1045 1140 1084 ductore
1168 1046 1387 1096 Kungortai
1425 1053 1568 1084 cuncta

131 1099 261 1138 statim
286 1099 370 1138 illic
398 1100 655 1151 subegerunt,
686 1102 801 1139 facile
828 1101 1021 1152 progressi
1046 1101 1236 1140 Halebum
1266 1115 1410 1153 usque,
1440 1108 1479 1139 et
1496 1103 1568 1139 illa

130 1154 218 1207 ipsa
242 1155 338 1193 urbe
357 1156 577 1206 subiugata:
604 1169 766 1206 verum,
794 1164 840 1195 ut
862 1157 952 1195 alias
982 1158 1177 1208 fecerant,
1205 1157 1323 1196 nimis
1344 1158 1424 1196 cito
1443 1171 1568 1195 reces-

130 1216 286 1258 serunt,
314 1211 403 1249 ideo
430 1225 526 1250 mox
562 1215 687 1250 coacti
711 1227 755 1251 eo
777 1213 904 1251 redire
924 1214 1022 1250 duce
1042 1214 1184 1263 Munga
1217 1213 1399 1261 Timuro,
1429 1227 1566 1251 corro-

128 1265 268 1304 borato
286 1267 410 1318 copiis
435 1269 538 1317 regis
558 1269 782 1317 Armeniae,
812 1275 930 1319 prout
951 1274 1232 1319 consequenter
1250 1268 1334 1306 illic
1353 1270 1566 1320 exponitur

129 1321 364 1360 distinctius.
419 1323 487 1361 sed
510 1336 580 1374 ego
605 1323 745 1362 harum
773 1338 926 1373 rerum,
955 1331 1074 1375 prout
1100 1325 1142 1362 in
1160 1322 1356 1362 Chronico
1375 1325 1566 1374 digerun-

128 1382 219 1426 tur,
247 1378 385 1416 seriem
406 1379 591 1416 attentius
610 1379 820 1430 explorans
837 1379 1089 1417 conturbatas
1110 1380 1316 1431 paululum
1345 1379 1562 1432 deprehen-

128 1432 180 1470 do
199 1432 476 1484 Abulpharagii
493 1435 684 1482 rationes3
712 1435 818 1486 quod
839 1435 1020 1486 equidem
1032 1464 1043 1483 ‚
1069 1442 1234 1487 propter
1249 1436 1293 1474 in
1307 1435 1400 1474 aliis
1417 1436 1564 1487 proba-

126 1493 207 1526 tam
222 1487 340 1526 huius
354 1488 471 1527 fidem
490 1503 536 1527 ac
557 1490 811 1540 diligentiam,
839 1491 965 1529 errori
981 1491 1234 1529 librariorum
1251 1491 1291 1529 in
1308 1504 1564 1533 numerorum

126 1549 239 1581 notas
256 1544 441 1595 irrepenti
462 1545 643 1584 libentius
668 1546 957 1597 imputaverim.
1013 1547 1206 1598 scriptum
1223 1547 1406 1585 videlicet
1418 1547 1563 1597 legitur

124 1612 166 1651 p.
184 1602 267 1640 360
285 1597 402 1637 huius
421 1599 604 1640 chronici
626 1615 728 1639 anno
748 1602 911 1653 Hegirae
931 1604 1012 1645 679
1027 1603 1190 1640 missum
1207 1602 1251 1640 in
1270 1602 1424 1654 Syriam
1446 1603 1563 1640 Kun·

124 1653 262 1705 gortai.
316 1656 506 1694 kalendae
527 1656 764 1696 Muharrami
794 1658 886 1695 anni
915 1658 1069 1695 Arabici
1098 1658 1212 1696 istius
1231 1659 1379 1696 cadunt
1394 1657 1438 1695 in
1457 1659 1560 1696 diem

123 1710 279 1748 tertiam
306 1710 400 1750 Maii
420 1711 563 1750 Iuliani
591 1713 634 1750 in
664 1726 767 1751 anno
793 1713 938 1752 Christi
961 1716 1077 1755 1280.
1134 1713 1266 1752 statim
1283 1719 1373 1764 post
1398 1713 1559 1751 additur

122 1764 232 1803 hunc
251 1767 466 1804 exercitum
495 1768 595 1806 duce
613 1770 828 1819 Kungortai
846 1783 928 1807 rem
949 1769 991 1806 in
1007 1769 1121 1820 Syria
1142 1768 1304 1819 gessisse
1320 1766 1446 1806 hieme
1465 1769 1558 1805 anni

123 1820 287 1870 Hegirae
307 1824 400 1869 680,
425 1835 540 1872 quem
556 1823 759 1862 inchoasse
778 1831 926 1863 certum
948 1830 1006 1861 est
1022 1837 1065 1861 ea
1086 1824 1148 1862 die
1166 1836 1265 1875 quae
1284 1822 1428 1874 Aprilis
1446 1823 1558 1861 vice-

123 1875 223 1912 sima
241 1876 411 1919 secunda
430 1878 472 1913 in
494 1891 597 1916 anno
620 1879 767 1916 Christi
787 1883 890 1922 1281
914 1885 1112 1917 numerata
1130 1885 1200 1917 est.
1256 1877 1323 1916 hic
1344 1877 1446 1915 illud
1471 1878 1557 1929 pri-

122 1943 231 1968 mum
257 1930 609 1981 inopinatissimum
637 1934 836 1982 occurrit,
873 1934 979 1983 quod
1013 1947 1123 1971 mora
1150 1933 1266 1970 solidi
1298 1933 1382 1971 fere
1409 1932 1556 1971 biennii

122 1985 358 2024 interiicitur
386 1986 488 2023 inter
509 1987 665 2025 initium
689 1988 948 2038 expeditionis
978 2000 999 2026 e
1029 1988 1252 2039 propinquo
1287 1994 1486 2039 susceptae
1514 1994 1554 2026 et

121 2054 206 2079 rem
231 2054 303 2092 per
334 2054 417 2079 eam
453 2048 611 2092 gestam.
666 2043 776 2080 addit
804 2040 1117 2093 Abulpharagius
1153 2043 1373 2093 Kungortai
1411 2049 1553 2082 cuncta

120 2101 326 2148 peragrata
353 2095 465 2146 syria
491 2102 530 2134 et
555 2110 678 2147 usque
707 2098 757 2136 ad
786 2097 975 2136 Halebum
1003 2098 1118 2136 facile
1153 2098 1311 2136 subacta
1328 2100 1551 2138 recessisse:

120 2164 259 2190 verum
279 2151 554 2190 rebellantibus
582 2153 711 2190 denuo
738 2153 919 2191 videlicet
940 2153 1022 2190 illic
1042 2153 1219 2203 gentibus
1239 2153 1397 2191 missum
1414 2155 1550 2191 eodem

120 2208 169 2245 ab
200 2206 332 2245 Abaka
361 2207 480 2244 alium
511 2208 726 2245 exercitum
756 2208 1035 2258 quinquaginta
1073 2209 1237 2246 millium
1268 2221 1369 2246 anno
1387 2208 1549 2260 Hegirae

120 2265 214 2311 681,
233 2263 455 2314 praeposito
482 2263 542 2300 illi
558 2263 719 2302 ductore
743 2263 886 2314 Munga
905 2264 1065 2301 Timui-o
1083 2265 1203 2301 fratre
1228 2277 1299 2301 suo
1316 2270 1411 2302 natu
1428 2264 1548 2302 mini-

120 2331 205 2366 ωας
236 2317 297 2356 cui
327 2318 508 2356 comitem
538 2332 577 2356 se
595 2319 775 2356 adiunxit
791 2332 863 2357 rex
890 2319 1092 2357 Armeniae
1118 2332 1205 2356 cum
1219 2319 1390 2371 propriis
1411 2320 1545 2372 copiis.
1569 2323 1596 2359 P
1619 2324 1685 2359 593

119 2371 162 2411 hi
187 2374 266 2411 duo
292 2374 409 2411 simul
435 2374 559 2411 iuncti
588 2375 784 2412 exercitus
813 2374 949 2412 obvios
974 2373 1077 2413 inter
1103 2374 1263 2412 Hamam
1290 2381 1329 2426 et
1343 2374 1546 2414 Hemesam

119 2427 341 2467 habuerunt
359 2431 479 2480 Syros
498 2429 613 2467 simul
631 2436 670 2467 et
688 2429 901 2480 Aegyptios
919 2430 1155 2480 praevalidis
1182 2429 1304 2481 copiis
1320 2430 1544 2480 instructos,

121 2496 210 2521 cum
234 2484 376 2535 quibus
397 2485 527 2522 statim
549 2485 629 2524 acri
662 2491 701 2523 et
727 2491 890 2523 cruento
910 2484 1056 2536 praelio
1083 2485 1310 2531 commisso,
1339 2499 1412 2524 nec
1428 2486 1545 2537 plane

119 2538 288 2578 victores
303 2540 546 2590 Mogulenses
565 2546 603 2579 et
622 2540 817 2589 Armenii,
844 2553 916 2578 nec
936 2545 1065 2577 tamen
1080 2553 1242 2591 prorsus
1260 2540 1355 2579 victi
1372 2542 1541 2579 suerunt.

119 2599 210 2644 post
233 2594 346 2633 illum
369 2596 531 2634 dubium
561 2603 744 2635 eventum
778 2596 918 2646 Munga
947 2595 1125 2634 exercitu
1149 2595 1192 2633 in
1226 2595 1542 2648 Mesopotamiam

119 2649 295 2698 reducto,
307 2650 361 2687 >in
379 2651 520 2690 itinere
538 2665 673 2690 versus
692 2652 843 2690 Nisibin
861 2662 1009 2689 veneno
1026 2651 1224 2689 extinctus
1243 2657 1310 2690 est.
1364 2649 1428 2688 his
1447 2663 1541 2688 con·

119 2703 232 2741 tinue
267 2705 576 2758 Abulpharagius
611 2708 749 2746 attexit
776 2708 910 2746 eodem
936 2719 1062 2754 anno,
1096 2718 1232 2757 nempe
1259 2704 1421 2756 Hegirae
1447 2708 1540 2755 681,

120 2757 290 2796 Abakam
302 2786 315 2805 ,
344 2767 547 2811 postquam
563 2761 758 2801 Hamdani
774 2764 917 2802 festum
935 2761 1102 2800 Paschae
1122 2773 1210 2800 cum
1229 2761 1456 2800 Christianis
1473 2774 1540 2800 ce-

175 2818 345 2862 Georgius
377 2821 593 2863 Pachymcres
623 2822 670 2854 11.
1221 2817 1276 2858 52
