<?xml version="1.0" encoding="UTF-8"?>
<!DOCTYPE html PUBLIC "-//W3C//DTD XHTML 1.0 Transitional//EN"
    "http://www.w3.org/TR/xhtml1/DTD/xhtml1-transitional.dtd">
<html xmlns="http://www.w3.org/1999/xhtml" xml:lang="en" lang="en">
 <head>
  <title>
</title>
<meta http-equiv="Content-Type" content="text/html;charset=utf-8" />
  <meta name='ocr-system' content='tesseract 3.04.00' />
  <meta name='ocr-capabilities' content='ocr_page ocr_carea ocr_par ocr_line ocrx_word'/>
</head>
<body>
  <div class='ocr_page' id='page_1' title='image "./corpusscriptorum18niebuoft_0154.png"; bbox 0 0 1820 3112; ppageno 0'>
   <div class='ocr_carea' id='block_1_1' title="bbox 183 135 1223 187">
    <p class='ocr_par' dir='ltr' id='par_1_1' title="bbox 183 135 1223 187">
     <span class='ocr_line' id='line_1_1' title="bbox 183 135 1223 187; baseline 0.005 -5"><span class='ocrx_word' id='word_1_1' title='bbox 183 135 279 183; x_wconf 89' lang='grc'><strong>138</strong></span> <span class='ocrx_word' id='word_1_2' title='bbox 602 139 838 184; x_wconf 87' lang='lat' dir='ltr'>GEORGII</span> <span class='ocrx_word' id='word_1_3' title='bbox 872 141 1223 187; x_wconf 86' lang='lat' dir='ltr'>PACHYMERIS</span> 
     </span>
    </p>
   </div>
   <div class='ocr_carea' id='block_1_2' title="bbox 129 251 1703 1349">
    <p class='ocr_par' dir='ltr' id='par_1_2' title="bbox 129 251 1703 1349">
     <span class='ocr_line' id='line_1_2' title="bbox 177 251 1643 314; baseline 0.005 -19"><span class='ocrx_word' id='word_1_4' title='bbox 177 252 283 296; x_wconf 79' lang='grc' dir='ltr'><strong><em>κατὰ</em></strong></span> <span class='ocrx_word' id='word_1_5' title='bbox 303 252 444 307; x_wconf 84' lang='grc' dir='ltr'><strong><em>καιρὸν</em></strong></span> <span class='ocrx_word' id='word_1_6' title='bbox 466 251 742 300; x_wconf 83' lang='grc' dir='ltr'><strong><em>ἐνδωσόντων.</em></strong></span> <span class='ocrx_word' id='word_1_7' title='bbox 811 255 944 299; x_wconf 76' lang='grc' dir='ltr'><strong><em>ταῦθ’</em></strong></span> <span class='ocrx_word' id='word_1_8' title='bbox 975 254 1199 311; x_wconf 69' lang='grc' dir='ltr'><strong>εΥοῖκινθος</strong></span> <span class='ocrx_word' id='word_1_9' title='bbox 1230 256 1355 313; x_wconf 75' lang='grc' dir='ltr'><strong><em>λέγων</em></strong></span> <span class='ocrx_word' id='word_1_10' title='bbox 1379 257 1643 314; x_wconf 81' lang='grc' dir='ltr'><strong><em>περιεβουκό-</em></strong></span> 
     </span>
     <span class='ocr_line' id='line_1_3' title="bbox 179 321 1642 383; baseline 0.006 -21"><span class='ocrx_word' id='word_1_11' title='bbox 179 325 237 364; x_wconf 87' lang='grc' dir='ltr'><strong>λει</strong></span> <span class='ocrx_word' id='word_1_12' title='bbox 269 321 342 371; x_wconf 79' lang='grc' dir='ltr'><strong><em>τὰς</em></strong></span> <span class='ocrx_word' id='word_1_13' title='bbox 372 322 540 372; x_wconf 78' lang='grc' dir='ltr'><strong><em>ἐλπίδας</em></strong></span> <span class='ocrx_word' id='word_1_14' title='bbox 567 328 625 381; x_wconf 81' lang='grc' dir='ltr'><strong>τῷ</strong></span> <span class='ocrx_word' id='word_1_15' title='bbox 651 329 834 377; x_wconf 80' lang='grc' dir='ltr'><strong><em>βασιλεῖ,</em></strong></span> <span class='ocrx_word' id='word_1_16' title='bbox 884 323 987 368; x_wconf 78' lang='grc' dir='ltr'><strong><em>ὥστε</em></strong></span> <span class='ocrx_word' id='word_1_17' title='bbox 1017 327 1084 368; x_wconf 82' lang='grc' dir='ltr'><strong>καὶ</strong></span> <span class='ocrx_word' id='word_1_18' title='bbox 1111 326 1186 380; x_wconf 86' lang='grc' dir='ltr'><strong><em>τὴν</em></strong></span> <span class='ocrx_word' id='word_1_19' title='bbox 1214 331 1288 369; x_wconf 83' lang='grc' dir='ltr'><strong><em>τοῦ</em></strong></span> <span class='ocrx_word' id='word_1_20' title='bbox 1311 328 1491 370; x_wconf 55' lang='lat' dir='ltr'><strong>Menoeis*</strong></span> <span class='ocrx_word' id='word_1_21' title='bbox 1511 327 1642 383; x_wconf 84' lang='grc' dir='ltr'><strong><em>μονὴν</em></strong></span> 
     </span>
     <span class='ocr_line' id='line_1_4' title="bbox 129 390 1643 451; baseline 0.004 -18"><span class='ocrx_word' id='word_1_22' title='bbox 129 398 159 433; x_wconf 88' lang='lat' dir='ltr'>C</span> <span class='ocrx_word' id='word_1_23' title='bbox 183 390 344 440; x_wconf 82' lang='grc' dir='ltr'><strong><em>ἐκείνοις</em></strong></span> <span class='ocrx_word' id='word_1_24' title='bbox 373 390 546 444; x_wconf 80' lang='grc' dir='ltr'><strong><em>ἀνεῖναι,</em></strong></span> <span class='ocrx_word' id='word_1_25' title='bbox 581 393 648 434; x_wconf 83' lang='grc' dir='ltr'><strong>καὶ</strong></span> <span class='ocrx_word' id='word_1_26' title='bbox 667 398 839 450; x_wconf 78' lang='grc' dir='ltr'>θαρρεῖν</span> <span class='ocrx_word' id='word_1_27' title='bbox 867 394 941 448; x_wconf 83' lang='grc' dir='ltr'><strong><em>τὴν</em></strong></span> <span class='ocrx_word' id='word_1_28' title='bbox 961 395 1118 437; x_wconf 85' lang='grc' dir='ltr'><strong><em>ἐκείνων</em></strong></span> <span class='ocrx_word' id='word_1_29' title='bbox 1144 392 1336 447; x_wconf 81' lang='grc' dir='ltr'><strong><em>ὁμόνοιαν</em></strong></span> <span class='ocrx_word' id='word_1_30' title='bbox 1368 395 1443 438; x_wconf 78' lang='grc' dir='ltr'><strong>οὐκ</strong></span> <span class='ocrx_word' id='word_1_31' title='bbox 1473 397 1528 446; x_wconf 77' lang='grc' dir='ltr'><strong><em>εἷς</em></strong></span> <span class='ocrx_word' id='word_1_32' title='bbox 1556 415 1643 451; x_wconf 81' lang='grc' dir='ltr'><strong>μα-</strong></span> 
     </span>
     <span class='ocr_line' id='line_1_5' title="bbox 178 457 1642 519; baseline 0.004 -17"><span class='ocrx_word' id='word_1_33' title='bbox 178 458 279 514; x_wconf 81' lang='grc' dir='ltr'><strong><em>κρὰν</em></strong></span> <span class='ocrx_word' id='word_1_34' title='bbox 308 457 563 514; x_wconf 74' lang='grc' dir='ltr'><strong><em>γενήσεσθαι.</em></strong></span> <span class='ocrx_word' id='word_1_35' title='bbox 636 461 732 504; x_wconf 75' lang='grc' dir='ltr'><strong><em>ἀλλ’</em></strong></span> <span class='ocrx_word' id='word_1_36' title='bbox 765 457 814 517; x_wconf 69' lang='grc' dir='ltr'><strong><em>ἦν</em></strong></span> <span class='ocrx_word' id='word_1_37' title='bbox 847 467 980 506; x_wconf 81' lang='grc' dir='ltr'><strong><em>ταῦτα</em></strong></span> <span class='ocrx_word' id='word_1_38' title='bbox 1011 462 1134 506; x_wconf 74' lang='grc' dir='ltr'><strong><em>πάντ’</em></strong></span> <span class='ocrx_word' id='word_1_39' title='bbox 1167 463 1320 519; x_wconf 78' lang='grc' dir='ltr'><strong><em>ὄνειρος</em></strong></span> <span class='ocrx_word' id='word_1_40' title='bbox 1343 462 1642 519; x_wconf 77' lang='grc' dir='ltr'><strong><em>ἐντυπούμενος</em></strong></span> 
     </span>
     <span class='ocr_line' id='line_1_6' title="bbox 177 525 1676 589; baseline 0.005 -20"><span class='ocrx_word' id='word_1_41' title='bbox 177 528 229 570; x_wconf 77' lang='grc' dir='ltr'><strong>τὰ</strong></span> <span class='ocrx_word' id='word_1_42' title='bbox 247 525 501 585; x_wconf 74' lang='grc' dir='ltr'><strong><em>ἀνύπαρκτα.</em></strong></span> <span class='ocrx_word' id='word_1_43' title='bbox 573 529 708 584; x_wconf 77' lang='grc' dir='ltr'><strong><em>ἀμέλει</em></strong></span> <span class='ocrx_word' id='word_1_44' title='bbox 727 549 791 575; x_wconf 90' lang='grc' dir='ltr'><strong>τοι</strong></span> <span class='ocrx_word' id='word_1_45' title='bbox 811 531 1018 581; x_wconf 79' lang='grc' dir='ltr'><strong><em>κάκείνους</em></strong></span> <span class='ocrx_word' id='word_1_46' title='bbox 1035 533 1123 586; x_wconf 76' lang='grc' dir='ltr'><strong><em>μὲν,</em></strong></span> <span class='ocrx_word' id='word_1_47' title='bbox 1147 533 1230 574; x_wconf 81' lang='grc' dir='ltr'><strong><em>ἐπεὶ</em></strong></span> <span class='ocrx_word' id='word_1_48' title='bbox 1251 530 1444 583; x_wconf 75' lang='grc' dir='ltr'><strong><em>πολλάκις</em></strong></span> <span class='ocrx_word' id='word_1_49' title='bbox 1465 535 1676 589; x_wconf 84' lang='grc' dir='ltr'><strong><em>προσμί-5</em></strong></span> 
     </span>
     <span class='ocr_line' id='line_1_7' title="bbox 178 598 1636 659; baseline 0.005 -21"><span class='ocrx_word' id='word_1_50' title='bbox 178 599 253 647; x_wconf 80' lang='grc' dir='ltr'><strong>ξας</strong></span> <span class='ocrx_word' id='word_1_51' title='bbox 282 598 348 638; x_wconf 84' lang='grc' dir='ltr'><strong>καὶ</strong></span> <span class='ocrx_word' id='word_1_52' title='bbox 376 606 513 651; x_wconf 78' lang='grc' dir='ltr'><strong><em>τιμαῖς</em></strong></span> <span class='ocrx_word' id='word_1_53' title='bbox 537 601 746 654; x_wconf 79' lang='grc' dir='ltr'><strong><em>μεγίσταις</em></strong></span> <span class='ocrx_word' id='word_1_54' title='bbox 777 598 1091 655; x_wconf 79' lang='grc' dir='ltr'><strong><em>δεξιωσάμενος,</em></strong></span> <span class='ocrx_word' id='word_1_55' title='bbox 1141 600 1244 644; x_wconf 80' lang='grc' dir='ltr'><strong><em>ὥστε</em></strong></span> <span class='ocrx_word' id='word_1_56' title='bbox 1269 603 1439 651; x_wconf 84' lang='grc' dir='ltr'><strong><em>καὶτοῖς</em></strong></span> <span class='ocrx_word' id='word_1_57' title='bbox 1463 606 1636 659; x_wconf 83' lang='grc' dir='ltr'><strong><em>τυφλοῖς</em></strong></span> 
     </span>
     <span class='ocr_line' id='line_1_8' title="bbox 177 663 1646 727; baseline 0.004 -20"><span class='ocrx_word' id='word_1_58' title='bbox 177 663 531 716; x_wconf 72' lang='grc' dir='ltr'><strong><em>ὑπεξανίστασθαι</em></strong></span> <span class='ocrx_word' id='word_1_59' title='bbox 558 674 773 724; x_wconf 80' lang='grc' dir='ltr'><strong><em>προσιοῦσι</em></strong></span> <span class='ocrx_word' id='word_1_60' title='bbox 806 671 872 712; x_wconf 81' lang='grc' dir='ltr'><strong>καὶ</strong></span> <span class='ocrx_word' id='word_1_61' title='bbox 893 672 1126 726; x_wconf 74' lang='grc' dir='ltr'><strong><em>μακαρίζειν</em></strong></span> <span class='ocrx_word' id='word_1_62' title='bbox 1155 670 1208 712; x_wconf 82' lang='grc' dir='ltr'><strong>τὰ</strong></span> <span class='ocrx_word' id='word_1_63' title='bbox 1233 668 1351 726; x_wconf 80' lang='grc' dir='ltr'><strong><em>πάθη</em></strong></span> <span class='ocrx_word' id='word_1_64' title='bbox 1367 673 1434 713; x_wconf 82' lang='grc' dir='ltr'><strong>καὶ</strong></span> <span class='ocrx_word' id='word_1_65' title='bbox 1451 688 1646 727; x_wconf 85' lang='grc' dir='ltr'><strong><em>παρακα-</em></strong></span> 
     </span>
     <span class='ocr_line' id='line_1_9' title="bbox 179 735 1645 795; baseline 0.005 -19"><span class='ocrx_word' id='word_1_66' title='bbox 179 738 261 776; x_wconf 88' lang='grc' dir='ltr'><strong><em>λεΐν</em></strong></span> <span class='ocrx_word' id='word_1_67' title='bbox 290 735 349 790; x_wconf 86' lang='grc' dir='ltr'><strong>μὴ</strong></span> <span class='ocrx_word' id='word_1_68' title='bbox 381 736 485 778; x_wconf 82' lang='grc' dir='ltr'><strong><em>καλὰ</em></strong></span> <span class='ocrx_word' id='word_1_69' title='bbox 515 735 731 781; x_wconf 78' lang='grc' dir='ltr'><strong><em>καλύπτειν</em></strong></span> <span class='ocrx_word' id='word_1_70' title='bbox 762 746 927 791; x_wconf 82' lang='grc' dir='ltr'><strong><em>κακοῖς,</em></strong></span> <span class='ocrx_word' id='word_1_71' title='bbox 972 739 1042 782; x_wconf 81' lang='grc' dir='ltr'><strong><em>τὸν</em></strong></span> <span class='ocrx_word' id='word_1_72' title='bbox 1069 737 1171 795; x_wconf 74' lang='grc' dir='ltr'><strong><em>ὑπὲρ</em></strong></span> <span class='ocrx_word' id='word_1_73' title='bbox 1200 743 1304 781; x_wconf 81' lang='grc' dir='ltr'><strong><em>θεοῦ</em></strong></span> <span class='ocrx_word' id='word_1_74' title='bbox 1323 741 1390 782; x_wconf 81' lang='grc' dir='ltr'><strong>καὶ</strong></span> <span class='ocrx_word' id='word_1_75' title='bbox 1411 744 1495 783; x_wconf 83' lang='grc' dir='ltr'><strong><em>τῶν</em></strong></span> <span class='ocrx_word' id='word_1_76' title='bbox 1516 740 1645 783; x_wconf 80' lang='grc' dir='ltr'><strong><em>θείων</em></strong></span> 
     </span>
     <span class='ocr_line' id='line_1_10' title="bbox 130 805 1639 865; baseline 0.004 -20"><span class='ocrx_word' id='word_1_77' title='bbox 130 805 164 840; x_wconf 89' lang='lat' dir='ltr'>D</span> <span class='ocrx_word' id='word_1_78' title='bbox 189 806 307 858; x_wconf 83' lang='grc' dir='ltr'><strong><em>ζῆλον</em></strong></span> <span class='ocrx_word' id='word_1_79' title='bbox 341 811 432 854; x_wconf 87' lang='grc' dir='ltr'><strong><em>ταῖς</em></strong></span> <span class='ocrx_word' id='word_1_80' title='bbox 468 810 542 859; x_wconf 79' lang='grc' dir='ltr'><strong><em>τῆς</em></strong></span> <span class='ocrx_word' id='word_1_81' title='bbox 574 806 703 850; x_wconf 70' lang='grc' dir='ltr'><strong><em>αὐτοῦ</em></strong></span> <span class='ocrx_word' id='word_1_82' title='bbox 734 809 948 862; x_wconf 77' lang='grc' dir='ltr'><strong><em>ἐκκλησίας</em></strong></span> <span class='ocrx_word' id='word_1_83' title='bbox 978 807 1249 857; x_wconf 80' lang='grc' dir='ltr'><strong><em>ἀποστασιάις</em></strong></span> <span class='ocrx_word' id='word_1_84' title='bbox 1266 841 1279 860; x_wconf 91' lang='grc'>,</span> <span class='ocrx_word' id='word_1_85' title='bbox 1333 808 1451 858; x_wconf 74' lang='grc' dir='ltr'><strong><em>τέλος</em></strong></span> <span class='ocrx_word' id='word_1_86' title='bbox 1478 807 1639 865; x_wconf 77' lang='grc' dir='ltr'><strong><em>ἀφίησι,</em></strong></span> 
     </span>
     <span class='ocr_line' id='line_1_11' title="bbox 179 872 1702 933; baseline 0.004 -19"><span class='ocrx_word' id='word_1_87' title='bbox 179 872 391 915; x_wconf 76' lang='grc' dir='ltr'><strong><em>σκέπτεται</em></strong></span> <span class='ocrx_word' id='word_1_88' title='bbox 411 875 455 916; x_wconf 83' lang='grc' dir='ltr'><strong><em>δέ</em></strong></span> <span class='ocrx_word' id='word_1_89' title='bbox 475 875 578 929; x_wconf 82' lang='grc' dir='ltr'><strong><em>μετὰ</em></strong></span> <span class='ocrx_word' id='word_1_90' title='bbox 607 881 743 918; x_wconf 83' lang='grc' dir='ltr'><strong><em>κοινοῦ</em></strong></span> <span class='ocrx_word' id='word_1_91' title='bbox 767 878 980 932; x_wconf 82' lang='grc' dir='ltr'><strong><em>συνεδρίου</em></strong></span> <span class='ocrx_word' id='word_1_92' title='bbox 999 879 1065 919; x_wconf 77' lang='grc' dir='ltr'><strong>καὶ</strong></span> <span class='ocrx_word' id='word_1_93' title='bbox 1088 877 1196 930; x_wconf 78' lang='grc' dir='ltr'><strong><em>ἱεροῦ</em></strong></span> <span class='ocrx_word' id='word_1_94' title='bbox 1218 875 1356 928; x_wconf 84' lang='grc' dir='ltr'><strong><em>ὁποῖος</em></strong></span> <span class='ocrx_word' id='word_1_95' title='bbox 1385 876 1435 920; x_wconf 76' lang='grc' dir='ltr'><strong><em>ἂν</em></strong></span> <span class='ocrx_word' id='word_1_96' title='bbox 1456 878 1523 920; x_wconf 80' lang='grc' dir='ltr'><strong>καὶ</strong></span> <span class='ocrx_word' id='word_1_97' title='bbox 1543 881 1702 933; x_wconf 59' lang='lat' dir='ltr'><strong>uby-10</strong></span> 
     </span>
     <span class='ocr_line' id='line_1_12' title="bbox 178 942 1647 1002; baseline 0.003 -19"><span class='ocrx_word' id='word_1_98' title='bbox 178 942 274 996; x_wconf 83' lang='grc' dir='ltr'><strong><em>θείη</em></strong></span> <span class='ocrx_word' id='word_1_99' title='bbox 295 944 350 992; x_wconf 81' lang='grc' dir='ltr'><strong>εἷς</strong></span> <span class='ocrx_word' id='word_1_100' title='bbox 371 945 627 998; x_wconf 84' lang='grc' dir='ltr'><strong><em>προστασίαν</em></strong></span> <span class='ocrx_word' id='word_1_101' title='bbox 647 950 721 999; x_wconf 87' lang='grc' dir='ltr'><strong><em>τῆς</em></strong></span> <span class='ocrx_word' id='word_1_102' title='bbox 743 946 957 1000; x_wconf 79' lang='grc' dir='ltr'><strong><em>ἐκκλησίας</em></strong></span> <span class='ocrx_word' id='word_1_103' title='bbox 975 945 1079 999; x_wconf 81' lang='grc' dir='ltr'><strong><em>μετὰ</em></strong></span> <span class='ocrx_word' id='word_1_104' title='bbox 1100 949 1140 988; x_wconf 92' lang='grc' dir='ltr'><em>Γ</em></span> <span class='ocrx_word' id='word_1_105' title='bbox 1138 944 1340 1002; x_wconf 81' lang='grc' dir='ltr'><strong><em>ρηγόριον.</em></strong></span> <span class='ocrx_word' id='word_1_106' title='bbox 1410 947 1551 990; x_wconf 84' lang='grc' dir='ltr'><strong><em>ἐκεῖνοι</em></strong></span> <span class='ocrx_word' id='word_1_107' title='bbox 1569 946 1647 1001; x_wconf 74' lang='grc' dir='ltr'><strong><em>μὲν</em></strong></span> 
     </span>
     <span class='ocr_line' id='line_1_13' title="bbox 177 1009 1646 1073; baseline 0.003 -21"><span class='ocrx_word' id='word_1_108' title='bbox 177 1009 257 1066; x_wconf 76' lang='grc' dir='ltr'><strong><em>γὰρ</em></strong></span> <span class='ocrx_word' id='word_1_109' title='bbox 299 1013 366 1053; x_wconf 86' lang='grc' dir='ltr'><strong>καὶ</strong></span> <span class='ocrx_word' id='word_1_110' title='bbox 407 1011 578 1067; x_wconf 82' lang='grc' dir='ltr'><strong><em>ἀκίχητα</em></strong></span> <span class='ocrx_word' id='word_1_111' title='bbox 618 1012 835 1057; x_wconf 79' lang='grc' dir='ltr'><strong><em>διώκουσιν</em></strong></span> <span class='ocrx_word' id='word_1_112' title='bbox 874 1012 1050 1073; x_wconf 74' lang='grc' dir='ltr'><strong><em>ἐῴκεσαν</em></strong></span> <span class='ocrx_word' id='word_1_113' title='bbox 1093 1014 1281 1070; x_wconf 77' lang='grc' dir='ltr'><strong><em>ἄντικρυς</em></strong></span> <span class='ocrx_word' id='word_1_114' title='bbox 1301 1047 1314 1067; x_wconf 84' lang='grc'><strong><em>,</em></strong></span> <span class='ocrx_word' id='word_1_115' title='bbox 1374 1013 1540 1057; x_wconf 77' lang='grc' dir='ltr'><strong><em>ἀθετεῖν</em></strong></span> <span class='ocrx_word' id='word_1_116' title='bbox 1570 1015 1646 1066; x_wconf 76' lang='grc' dir='ltr'><strong><em>μὲν</em></strong></span> 
     </span>
     <span class='ocr_line' id='line_1_14' title="bbox 177 1078 1644 1139; baseline 0.004 -19"><span class='ocrx_word' id='word_1_117' title='bbox 177 1078 386 1130; x_wconf 80' lang='grc' dir='ltr'><strong><em>ἀξιοῦντες</em></strong></span> <span class='ocrx_word' id='word_1_118' title='bbox 413 1081 485 1123; x_wconf 82' lang='grc' dir='ltr'><strong><em>τὸν</em></strong></span> <span class='ocrx_word' id='word_1_119' title='bbox 515 1080 692 1139; x_wconf 80' lang='grc' dir='ltr'><strong>Ἰωσήφ,</strong></span> <span class='ocrx_word' id='word_1_120' title='bbox 744 1082 907 1126; x_wconf 77' lang='grc' dir='ltr'><strong><em>ἀθετεῖν</em></strong></span> <span class='ocrx_word' id='word_1_121' title='bbox 933 1084 977 1125; x_wconf 82' lang='grc' dir='ltr'><strong><em>δέ</em></strong></span> <span class='ocrx_word' id='word_1_122' title='bbox 1008 1085 1075 1125; x_wconf 80' lang='grc' dir='ltr'><strong>καὶ</strong></span> <span class='ocrx_word' id='word_1_123' title='bbox 1112 1082 1245 1139; x_wconf 76' lang='grc' dir='ltr'><strong><em>δόγμα</em></strong></span> <span class='ocrx_word' id='word_1_124' title='bbox 1267 1087 1340 1137; x_wconf 80' lang='grc' dir='ltr'><strong><em>τῆς</em></strong></span> <span class='ocrx_word' id='word_1_125' title='bbox 1363 1083 1577 1138; x_wconf 78' lang='grc' dir='ltr'><strong><em>ἐκκλησίας</em></strong></span> <span class='ocrx_word' id='word_1_126' title='bbox 1595 1082 1644 1126; x_wconf 80' lang='grc' dir='ltr'><strong>τὸ</strong></span> 
     </span>
     <span class='ocr_line' id='line_1_15' title="bbox 178 1147 1642 1208; baseline 0.003 -19"><span class='ocrx_word' id='word_1_127' title='bbox 178 1147 246 1190; x_wconf 79' lang='grc' dir='ltr'><strong>διὰ</strong></span> <span class='ocrx_word' id='word_1_128' title='bbox 279 1153 351 1191; x_wconf 84' lang='grc' dir='ltr'><strong><em>τοῦ</em></strong></span> <span class='ocrx_word' id='word_1_129' title='bbox 375 1149 467 1192; x_wconf 81' lang='grc' dir='ltr'><strong><em>υἱοῦ</em></strong></span> <span class='ocrx_word' id='word_1_130' title='bbox 492 1151 535 1192; x_wconf 82' lang='grc' dir='ltr'><strong>ἐκ</strong></span> <span class='ocrx_word' id='word_1_131' title='bbox 563 1151 720 1207; x_wconf 80' lang='grc' dir='ltr'><strong><em>πατρὸς</em></strong></span> <span class='ocrx_word' id='word_1_132' title='bbox 744 1149 1062 1207; x_wconf 69' lang='grc' dir='ltr'><strong><em>ἐκπορεύεσθαι,</em></strong></span> <span class='ocrx_word' id='word_1_133' title='bbox 1102 1152 1296 1207; x_wconf 72' lang='grc' dir='ltr'><strong><em>ἀρχιερεῖς</em></strong></span> <span class='ocrx_word' id='word_1_134' title='bbox 1317 1151 1363 1194; x_wconf 77' lang='grc' dir='ltr'><strong>δὲ</strong></span> <span class='ocrx_word' id='word_1_135' title='bbox 1382 1156 1642 1208; x_wconf 79' lang='grc' dir='ltr'><strong><em>φιλοκρινεΐν,</em></strong></span> 
     </span>
     <span class='ocr_line' id='line_1_16' title="bbox 177 1215 1703 1275; baseline 0.004 -17"><span class='ocrx_word' id='word_1_136' title='bbox 177 1218 245 1258; x_wconf 87' lang='grc' dir='ltr'><strong>καὶ</strong></span> <span class='ocrx_word' id='word_1_137' title='bbox 272 1215 494 1274; x_wconf 76' lang='grc' dir='ltr'><strong><em>ἱερωσύνην</em></strong></span> <span class='ocrx_word' id='word_1_138' title='bbox 523 1220 596 1274; x_wconf 84' lang='grc' dir='ltr'><strong><em>τὴν</em></strong></span> <span class='ocrx_word' id='word_1_139' title='bbox 624 1221 698 1274; x_wconf 74' lang='grc' dir='ltr'><strong><em>μὲν</em></strong></span> <span class='ocrx_word' id='word_1_140' title='bbox 719 1222 964 1274; x_wconf 83' lang='grc' dir='ltr'><strong><em>προσίεσθαι</em></strong></span> <span class='ocrx_word' id='word_1_141' title='bbox 994 1220 1068 1275; x_wconf 84' lang='grc' dir='ltr'><strong><em>τὴν</em></strong></span> <span class='ocrx_word' id='word_1_142' title='bbox 1089 1220 1131 1262; x_wconf 77' lang='grc' dir='ltr'><strong>δ’</strong></span> <span class='ocrx_word' id='word_1_143' title='bbox 1156 1220 1431 1274; x_wconf 76' lang='grc' dir='ltr'><strong><em>ἀποπέμπειν,</em></strong></span> <span class='ocrx_word' id='word_1_144' title='bbox 1467 1221 1538 1262; x_wconf 86' lang='grc' dir='ltr'><strong>καί</strong></span> <span class='ocrx_word' id='word_1_145' title='bbox 1552 1237 1644 1262; x_wconf 74' lang='grc' dir='ltr'><strong><em>τινα</em></strong></span> <span class='ocrx_word' id='word_1_146' title='bbox 1657 1228 1703 1264; x_wconf 83' lang='lat'><strong>15</strong></span> 
     </span>
     <span class='ocr_line' id='line_1_17' title="bbox 177 1286 1646 1349; baseline 0.001 -21"><span class='ocrx_word' id='word_1_147' title='bbox 177 1291 353 1330; x_wconf 83' lang='grc' dir='ltr'><strong><em>τοιαῦτα</em></strong></span> <span class='ocrx_word' id='word_1_148' title='bbox 384 1287 488 1331; x_wconf 77' lang='grc' dir='ltr'><strong><em>πολὺ</em></strong></span> <span class='ocrx_word' id='word_1_149' title='bbox 519 1288 567 1331; x_wconf 85' lang='grc' dir='ltr'><strong>τὸ</strong></span> <span class='ocrx_word' id='word_1_150' title='bbox 597 1290 788 1346; x_wconf 75' lang='grc' dir='ltr'><strong><em>δυσχερὲς</em></strong></span> <span class='ocrx_word' id='word_1_151' title='bbox 811 1291 878 1331; x_wconf 81' lang='grc' dir='ltr'><strong>καὶ</strong></span> <span class='ocrx_word' id='word_1_152' title='bbox 906 1291 962 1340; x_wconf 79' lang='grc' dir='ltr'><strong>εἷς</strong></span> <span class='ocrx_word' id='word_1_153' title='bbox 989 1289 1115 1345; x_wconf 78' lang='grc' dir='ltr'><strong><em>ἀκοὴν</em></strong></span> <span class='ocrx_word' id='word_1_154' title='bbox 1141 1289 1286 1344; x_wconf 63' lang='grc' dir='ltr'><strong><em>ἔχοντα</em></strong></span> <span class='ocrx_word' id='word_1_155' title='bbox 1308 1286 1440 1344; x_wconf 85' lang='grc' dir='ltr'><strong><em>μόνην</em></strong></span> <span class='ocrx_word' id='word_1_156' title='bbox 1459 1292 1537 1349; x_wconf 72' lang='grc' dir='ltr'><strong>μιᾷ</strong></span> <span class='ocrx_word' id='word_1_157' title='bbox 1565 1289 1646 1332; x_wconf 83' lang='grc' dir='ltr'><strong><em>τινὶ</em></strong></span> 
     </span>
    </p>
   </div>
   <div class='ocr_carea' id='block_1_3' title="bbox 178 1428 1654 2856">
    <p class='ocr_par' dir='ltr' id='par_1_3' title="bbox 178 1428 1654 2856">
     <span class='ocr_line' id='line_1_18' title="bbox 179 1428 1647 1477; baseline 0.001 -14"><span class='ocrx_word' id='word_1_158' title='bbox 179 1431 256 1471; x_wconf 86' lang='lat' dir='ltr'><strong>tur,</strong></span> <span class='ocrx_word' id='word_1_159' title='bbox 287 1431 327 1465; x_wconf 85' lang='lat' dir='ltr'><strong>ut</strong></span> <span class='ocrx_word' id='word_1_160' title='bbox 347 1428 477 1464; x_wconf 85' lang='lat' dir='ltr'><strong>inflecti</strong></span> <span class='ocrx_word' id='word_1_161' title='bbox 499 1441 538 1464; x_wconf 88' lang='lat' dir='ltr'><strong>se</strong></span> <span class='ocrx_word' id='word_1_162' title='bbox 559 1430 672 1465; x_wconf 88' lang='lat' dir='ltr'><strong>sinant</strong></span> <span class='ocrx_word' id='word_1_163' title='bbox 694 1431 737 1465; x_wconf 86' lang='lat' dir='ltr'><strong>ad</strong></span> <span class='ocrx_word' id='word_1_164' title='bbox 762 1431 1007 1467; x_wconf 87' lang='lat' dir='ltr'><strong>schismaticam</strong></span> <span class='ocrx_word' id='word_1_165' title='bbox 1029 1430 1250 1477; x_wconf 86' lang='lat' dir='ltr'><strong>pertinaciam</strong></span> <span class='ocrx_word' id='word_1_166' title='bbox 1281 1430 1316 1466; x_wconf 89' lang='lat' dir='ltr'><strong>in</strong></span> <span class='ocrx_word' id='word_1_167' title='bbox 1346 1434 1498 1476; x_wconf 84' lang='lat' dir='ltr'><strong>tempore</strong></span> <span class='ocrx_word' id='word_1_168' title='bbox 1526 1428 1647 1464; x_wconf 81' lang='lat' dir='ltr'><strong>remit-</strong></span> 
     </span>
     <span class='ocr_line' id='line_1_19' title="bbox 178 1475 1649 1523; baseline -0.001 -12"><span class='ocrx_word' id='word_1_169' title='bbox 178 1476 326 1512; x_wconf 83' lang='lat' dir='ltr'>tendam.</span> <span class='ocrx_word' id='word_1_170' title='bbox 372 1476 456 1510; x_wconf 87' lang='lat' dir='ltr'><strong>talia</strong></span> <span class='ocrx_word' id='word_1_171' title='bbox 475 1475 665 1511; x_wconf 76' lang='lat' dir='ltr'>disserebat</span> <span class='ocrx_word' id='word_1_172' title='bbox 687 1478 922 1522; x_wconf 84' lang='lat' dir='ltr'><strong>Hyacinthus,</strong></span> <span class='ocrx_word' id='word_1_173' title='bbox 957 1490 1018 1523; x_wconf 88' lang='lat' dir='ltr'><strong>spe</strong></span> <span class='ocrx_word' id='word_1_174' title='bbox 1044 1479 1093 1512; x_wconf 89' lang='lat' dir='ltr'><strong>sic</strong></span> <span class='ocrx_word' id='word_1_175' title='bbox 1115 1478 1204 1512; x_wconf 89' lang='lat' dir='ltr'><strong>inani</strong></span> <span class='ocrx_word' id='word_1_176' title='bbox 1226 1478 1357 1512; x_wconf 85' lang='lat' dir='ltr'><strong>lactans</strong></span> <span class='ocrx_word' id='word_1_177' title='bbox 1380 1476 1550 1511; x_wconf 81' lang='lat' dir='ltr'><strong>credulam</strong></span> <span class='ocrx_word' id='word_1_178' title='bbox 1573 1477 1649 1510; x_wconf 85' lang='lat' dir='ltr'><strong>Au-</strong></span> 
     </span>
     <span class='ocr_line' id='line_1_20' title="bbox 178 1522 1645 1570; baseline 0.001 -15"><span class='ocrx_word' id='word_1_179' title='bbox 178 1522 271 1567; x_wconf 82' lang='lat' dir='ltr'><strong>gusti</strong></span> <span class='ocrx_word' id='word_1_180' title='bbox 302 1528 470 1564; x_wconf 86' lang='lat' dir='ltr'><strong>mentem,</strong></span> <span class='ocrx_word' id='word_1_181' title='bbox 502 1524 721 1569; x_wconf 82' lang='lat' dir='ltr'><strong>favoremque</strong></span> <span class='ocrx_word' id='word_1_182' title='bbox 751 1524 858 1570; x_wconf 88' lang='lat' dir='ltr'><strong>ipsius</strong></span> <span class='ocrx_word' id='word_1_183' title='bbox 888 1525 997 1568; x_wconf 85' lang='lat' dir='ltr'><strong>magis</strong></span> <span class='ocrx_word' id='word_1_184' title='bbox 1030 1524 1094 1558; x_wconf 83' lang='lat' dir='ltr'>sibi</span> <span class='ocrx_word' id='word_1_185' title='bbox 1126 1524 1299 1569; x_wconf 73' lang='lat' dir='ltr'><strong>magisque</strong></span> <span class='ocrx_word' id='word_1_186' title='bbox 1322 1535 1364 1558; x_wconf 88' lang='lat' dir='ltr'><strong>ac</strong></span> <span class='ocrx_word' id='word_1_187' title='bbox 1385 1522 1454 1557; x_wconf 88' lang='lat' dir='ltr'><strong>suis</strong></span> <span class='ocrx_word' id='word_1_188' title='bbox 1477 1532 1645 1557; x_wconf 86' lang='lat' dir='ltr'><strong>asserens.</strong></span> 
     </span>
     <span class='ocr_line' id='line_1_21' title="bbox 204 1568 1647 1616; baseline 0.001 -15"><span class='ocrx_word' id='word_1_189' title='bbox 204 1569 302 1612; x_wconf 86' lang='lat' dir='ltr'><strong>ignus</strong></span> <span class='ocrx_word' id='word_1_190' title='bbox 324 1568 396 1602; x_wconf 84' lang='lat' dir='ltr'><strong>eius</strong></span> <span class='ocrx_word' id='word_1_191' title='bbox 423 1568 512 1602; x_wconf 87' lang='lat' dir='ltr'><strong>haud</strong></span> <span class='ocrx_word' id='word_1_192' title='bbox 537 1571 814 1604; x_wconf 89' lang='lat' dir='ltr'><strong>contemnendum</strong></span> <span class='ocrx_word' id='word_1_193' title='bbox 847 1570 913 1604; x_wconf 93' lang='lat' dir='ltr'><strong>fuit</strong></span> <span class='ocrx_word' id='word_1_194' title='bbox 938 1571 1026 1616; x_wconf 91' lang='lat' dir='ltr'><strong>quod</strong></span> <span class='ocrx_word' id='word_1_195' title='bbox 1051 1571 1288 1604; x_wconf 89' lang='lat' dir='ltr'><strong>monasterium</strong></span> <span class='ocrx_word' id='word_1_196' title='bbox 1319 1581 1341 1604; x_wconf 93' lang='lat' dir='ltr'><strong>a</strong></span> <span class='ocrx_word' id='word_1_197' title='bbox 1364 1568 1494 1603; x_wconf 87' lang='lat' dir='ltr'><strong>Mosele</strong></span> <span class='ocrx_word' id='word_1_198' title='bbox 1524 1578 1647 1602; x_wconf 85' lang='lat' dir='ltr'><strong>nomen</strong></span> 
     </span>
     <span class='ocr_line' id='line_1_22' title="bbox 204 1613 1647 1661; baseline -0.001 -14"><span class='ocrx_word' id='word_1_199' title='bbox 204 1615 307 1648; x_wconf 88' lang='lat' dir='ltr'><strong>abens</strong></span> <span class='ocrx_word' id='word_1_200' title='bbox 331 1615 381 1648; x_wconf 92' lang='lat' dir='ltr'><strong>eis</strong></span> <span class='ocrx_word' id='word_1_201' title='bbox 403 1613 562 1656; x_wconf 78' lang='lat' dir='ltr'><strong>indulsit3</strong></span> <span class='ocrx_word' id='word_1_202' title='bbox 593 1627 743 1661; x_wconf 83' lang='lat' dir='ltr'><strong>praeque</strong></span> <span class='ocrx_word' id='word_1_203' title='bbox 772 1627 810 1650; x_wconf 89' lang='lat' dir='ltr'><strong>se</strong></span> <span class='ocrx_word' id='word_1_204' title='bbox 841 1617 907 1650; x_wconf 88' lang='lat' dir='ltr'><strong>iam</strong></span> <span class='ocrx_word' id='word_1_205' title='bbox 938 1617 1122 1650; x_wconf 59' lang='lat' dir='ltr'><strong>tum⁸tulit</strong></span> <span class='ocrx_word' id='word_1_206' title='bbox 1155 1623 1250 1649; x_wconf 86' lang='lat' dir='ltr'><strong>certo</strong></span> <span class='ocrx_word' id='word_1_207' title='bbox 1274 1615 1446 1649; x_wconf 86' lang='lat' dir='ltr'><strong>confidere</strong></span> <span class='ocrx_word' id='word_1_208' title='bbox 1468 1613 1647 1647; x_wconf 80' lang='lat' dir='ltr'><strong>universae</strong></span> 
     </span>
     <span class='ocr_line' id='line_1_23' title="bbox 178 1658 1648 1706; baseline -0.001 -12"><span class='ocrx_word' id='word_1_209' title='bbox 178 1660 387 1694; x_wconf 87' lang='lat' dir='ltr'><strong>Arsenianae</strong></span> <span class='ocrx_word' id='word_1_210' title='bbox 409 1665 524 1694; x_wconf 88' lang='lat' dir='ltr'><strong>sectae</strong></span> <span class='ocrx_word' id='word_1_211' title='bbox 546 1661 678 1706; x_wconf 83' lang='lat' dir='ltr'><strong>plenam</strong></span> <span class='ocrx_word' id='word_1_212' title='bbox 701 1674 775 1696; x_wconf 90' lang='lat' dir='ltr'><strong>cum</strong></span> <span class='ocrx_word' id='word_1_213' title='bbox 810 1662 953 1696; x_wconf 87' lang='lat' dir='ltr'><strong>ecclesia</strong></span> <span class='ocrx_word' id='word_1_214' title='bbox 975 1662 1184 1696; x_wconf 81' lang='lat' dir='ltr'><strong>concordiam</strong></span> <span class='ocrx_word' id='word_1_215' title='bbox 1208 1666 1286 1706; x_wconf 89' lang='lat' dir='ltr'><strong>post</strong></span> <span class='ocrx_word' id='word_1_216' title='bbox 1308 1672 1373 1695; x_wconf 93' lang='lat' dir='ltr'><strong>non</strong></span> <span class='ocrx_word' id='word_1_217' title='bbox 1396 1660 1535 1694; x_wconf 89' lang='lat' dir='ltr'><strong>multum</strong></span> <span class='ocrx_word' id='word_1_218' title='bbox 1557 1658 1648 1693; x_wconf 83' lang='lat' dir='ltr'><strong>exti-</strong></span> 
     </span>
     <span class='ocr_line' id='line_1_24' title="bbox 182 1705 1648 1753; baseline -0.001 -13"><span class='ocrx_word' id='word_1_219' title='bbox 182 1711 305 1740; x_wconf 86' lang='lat' dir='ltr'><strong>turam.</strong></span> <span class='ocrx_word' id='word_1_220' title='bbox 350 1706 410 1741; x_wconf 85' lang='lat' dir='ltr'><strong>sed</strong></span> <span class='ocrx_word' id='word_1_221' title='bbox 434 1707 519 1740; x_wconf 86' lang='lat' dir='ltr'><strong>haec</strong></span> <span class='ocrx_word' id='word_1_222' title='bbox 541 1708 622 1741; x_wconf 87' lang='lat' dir='ltr'><strong>nihil</strong></span> <span class='ocrx_word' id='word_1_223' title='bbox 644 1708 774 1742; x_wconf 89' lang='lat' dir='ltr'><strong>demum</strong></span> <span class='ocrx_word' id='word_1_224' title='bbox 798 1708 888 1742; x_wconf 89' lang='lat' dir='ltr'><strong>aliud</strong></span> <span class='ocrx_word' id='word_1_225' title='bbox 913 1713 1010 1742; x_wconf 89' lang='lat' dir='ltr'><strong>erant</strong></span> <span class='ocrx_word' id='word_1_226' title='bbox 1032 1719 1130 1753; x_wconf 87' lang='lat' dir='ltr'><strong>quam</strong></span> <span class='ocrx_word' id='word_1_227' title='bbox 1156 1719 1281 1741; x_wconf 90' lang='lat' dir='ltr'><strong>merum</strong></span> <span class='ocrx_word' id='word_1_228' title='bbox 1304 1706 1486 1749; x_wconf 85' lang='lat' dir='ltr'><strong>somnium,</strong></span> <span class='ocrx_word' id='word_1_229' title='bbox 1519 1705 1648 1739; x_wconf 80' lang='lat' dir='ltr'><strong>formas</strong></span> 
     </span>
     <span class='ocr_line' id='line_1_25' title="bbox 180 1750 1648 1796; baseline -0.002 -9"><span class='ocrx_word' id='word_1_230' title='bbox 180 1758 310 1787; x_wconf 88' lang='lat' dir='ltr'><strong>temere</strong></span> <span class='ocrx_word' id='word_1_231' title='bbox 331 1756 470 1787; x_wconf 88' lang='lat' dir='ltr'><strong>nectens</strong></span> <span class='ocrx_word' id='word_1_232' title='bbox 499 1753 713 1788; x_wconf 88' lang='lat' dir='ltr'><strong>insociabiles</strong></span> <span class='ocrx_word' id='word_1_233' title='bbox 744 1755 778 1788; x_wconf 93' lang='lat' dir='ltr'><strong>in</strong></span> <span class='ocrx_word' id='word_1_234' title='bbox 809 1765 931 1796; x_wconf 88' lang='lat' dir='ltr'><strong>unum,</strong></span> <span class='ocrx_word' id='word_1_235' title='bbox 962 1754 1094 1788; x_wconf 89' lang='lat' dir='ltr'><strong>nonnisi</strong></span> <span class='ocrx_word' id='word_1_236' title='bbox 1123 1753 1277 1788; x_wconf 82' lang='lat' dir='ltr'><strong>fabulose</strong></span> <span class='ocrx_word' id='word_1_237' title='bbox 1299 1751 1478 1786; x_wconf 79' lang='lat' dir='ltr'><strong>conflabile</strong></span> <span class='ocrx_word' id='word_1_238' title='bbox 1499 1750 1648 1785; x_wconf 72' lang='lat' dir='ltr'><strong>coitione</strong></span> 
     </span>
     <span class='ocr_line' id='line_1_26' title="bbox 181 1796 1648 1846; baseline -0.001 -14"><span class='ocrx_word' id='word_1_239' title='bbox 181 1804 378 1833; x_wconf 85' lang='lat' dir='ltr'><strong>naturarum</strong></span> <span class='ocrx_word' id='word_1_240' title='bbox 401 1810 479 1832; x_wconf 88' lang='lat' dir='ltr'><strong>sese</strong></span> <span class='ocrx_word' id='word_1_241' title='bbox 501 1799 644 1833; x_wconf 85' lang='lat' dir='ltr'><strong>invicem</strong></span> <span class='ocrx_word' id='word_1_242' title='bbox 675 1799 921 1834; x_wconf 81' lang='lat' dir='ltr'><strong>excludentium</strong></span> <span class='ocrx_word' id='word_1_243' title='bbox 944 1806 1127 1846; x_wconf 84' lang='lat' dir='ltr'><strong>spectrum.</strong></span> <span class='ocrx_word' id='word_1_244' title='bbox 1174 1803 1211 1832; x_wconf 89' lang='lat' dir='ltr'><strong>et</strong></span> <span class='ocrx_word' id='word_1_245' title='bbox 1240 1799 1348 1833; x_wconf 89' lang='lat' dir='ltr'><strong>sensit</strong></span> <span class='ocrx_word' id='word_1_246' title='bbox 1370 1797 1507 1831; x_wconf 87' lang='lat' dir='ltr'><strong>tandem</strong></span> <span class='ocrx_word' id='word_1_247' title='bbox 1528 1796 1648 1841; x_wconf 83' lang='lat' dir='ltr'><strong>Augu-</strong></span> 
     </span>
     <span class='ocr_line' id='line_1_27' title="bbox 181 1843 1648 1891; baseline -0.001 -13"><span class='ocrx_word' id='word_1_248' title='bbox 181 1849 258 1879; x_wconf 88' lang='lat' dir='ltr'><strong>stus</strong></span> <span class='ocrx_word' id='word_1_249' title='bbox 282 1856 320 1879; x_wconf 85' lang='lat' dir='ltr'><strong>se</strong></span> <span class='ocrx_word' id='word_1_250' title='bbox 343 1856 481 1890; x_wconf 83' lang='lat' dir='ltr'><strong>operam</strong></span> <span class='ocrx_word' id='word_1_251' title='bbox 504 1845 659 1890; x_wconf 84' lang='lat' dir='ltr'><strong>perdere.</strong></span> <span class='ocrx_word' id='word_1_252' title='bbox 705 1845 822 1891; x_wconf 90' lang='lat' dir='ltr'><strong>itaque</strong></span> <span class='ocrx_word' id='word_1_253' title='bbox 846 1850 924 1891; x_wconf 92' lang='lat' dir='ltr'><strong>post</strong></span> <span class='ocrx_word' id='word_1_254' title='bbox 951 1846 1089 1891; x_wconf 87' lang='lat' dir='ltr'><strong>saepius</strong></span> <span class='ocrx_word' id='word_1_255' title='bbox 1112 1845 1276 1880; x_wconf 87' lang='lat' dir='ltr'><strong>admissos</strong></span> <span class='ocrx_word' id='word_1_256' title='bbox 1299 1844 1500 1889; x_wconf 88' lang='lat' dir='ltr'><strong>auditosque</strong></span> <span class='ocrx_word' id='word_1_257' title='bbox 1526 1845 1563 1877; x_wconf 80' lang='lat' dir='ltr'><strong>et</strong></span> <span class='ocrx_word' id='word_1_258' title='bbox 1585 1843 1648 1876; x_wconf 87' lang='lat' dir='ltr'><strong>ho-</strong></span> 
     </span>
     <span class='ocr_line' id='line_1_28' title="bbox 182 1887 1648 1937; baseline -0.001 -13"><span class='ocrx_word' id='word_1_259' title='bbox 182 1891 276 1925; x_wconf 91' lang='lat' dir='ltr'><strong>noris</strong></span> <span class='ocrx_word' id='word_1_260' title='bbox 297 1891 491 1936; x_wconf 81' lang='lat' dir='ltr'><strong>favorisque</strong></span> <span class='ocrx_word' id='word_1_261' title='bbox 511 1891 647 1926; x_wconf 90' lang='lat' dir='ltr'><strong>indiciis</strong></span> <span class='ocrx_word' id='word_1_262' title='bbox 677 1892 947 1937; x_wconf 78' lang='lat' dir='ltr'><strong>exquisitissimis</strong></span> <span class='ocrx_word' id='word_1_263' title='bbox 977 1893 1105 1925; x_wconf 85' lang='lat' dir='ltr'><strong>frustra</strong></span> <span class='ocrx_word' id='word_1_264' title='bbox 1128 1892 1236 1925; x_wconf 88' lang='lat' dir='ltr'><strong>cultos</strong></span> <span class='ocrx_word' id='word_1_265' title='bbox 1259 1890 1422 1936; x_wconf 84' lang='lat' dir='ltr'><strong>primores</strong></span> <span class='ocrx_word' id='word_1_266' title='bbox 1444 1887 1648 1924; x_wconf 73' lang='lat' dir='ltr'><strong>Arseniano-</strong></span> 
     </span>
     <span class='ocr_line' id='line_1_29' title="bbox 183 1935 1650 1984; baseline -0.001 -14"><span class='ocrx_word' id='word_1_267' title='bbox 183 1947 270 1979; x_wconf 83' lang='lat' dir='ltr'><strong>rum,</strong></span> <span class='ocrx_word' id='word_1_268' title='bbox 295 1938 379 1971; x_wconf 91' lang='lat' dir='ltr'><strong>adeo</strong></span> <span class='ocrx_word' id='word_1_269' title='bbox 400 1936 536 1982; x_wconf 89' lang='lat' dir='ltr'><strong>quidem</strong></span> <span class='ocrx_word' id='word_1_270' title='bbox 559 1943 597 1972; x_wconf 85' lang='lat' dir='ltr'><strong>ut</strong></span> <span class='ocrx_word' id='word_1_271' title='bbox 619 1938 662 1972; x_wconf 90' lang='lat' dir='ltr'><strong>iis</strong></span> <span class='ocrx_word' id='word_1_272' title='bbox 682 1938 773 1972; x_wconf 86' lang='lat' dir='ltr'><strong>inter</strong></span> <span class='ocrx_word' id='word_1_273' title='bbox 795 1937 888 1983; x_wconf 84' lang='lat' dir='ltr'><strong>ipsos</strong></span> <span class='ocrx_word' id='word_1_274' title='bbox 911 1939 970 1984; x_wconf 91' lang='lat' dir='ltr'><strong>qui</strong></span> <span class='ocrx_word' id='word_1_275' title='bbox 991 1937 1229 1971; x_wconf 86' lang='lat' dir='ltr'><strong>excaecatione</strong></span> <span class='ocrx_word' id='word_1_276' title='bbox 1260 1936 1368 1982; x_wconf 83' lang='lat' dir='ltr'><strong>puniti</strong></span> <span class='ocrx_word' id='word_1_277' title='bbox 1397 1935 1475 1970; x_wconf 90' lang='lat' dir='ltr'><strong>olim</strong></span> <span class='ocrx_word' id='word_1_278' title='bbox 1499 1935 1650 1976; x_wconf 75' lang='lat' dir='ltr'><strong>fueraut,</strong></span> 
     </span>
     <span class='ocr_line' id='line_1_30' title="bbox 182 1981 1648 2028; baseline -0.001 -12"><span class='ocrx_word' id='word_1_279' title='bbox 182 1982 397 2016; x_wconf 79' lang='lat' dir='ltr'><strong>venientibus</strong></span> <span class='ocrx_word' id='word_1_280' title='bbox 422 1983 465 2017; x_wconf 90' lang='lat' dir='ltr'><strong>ad</strong></span> <span class='ocrx_word' id='word_1_281' title='bbox 488 1995 525 2017; x_wconf 88' lang='lat' dir='ltr'><strong>se</strong></span> <span class='ocrx_word' id='word_1_282' title='bbox 548 1991 765 2028; x_wconf 85' lang='lat' dir='ltr'><strong>assurgeret,</strong></span> <span class='ocrx_word' id='word_1_283' title='bbox 789 1989 824 2018; x_wconf 91' lang='lat' dir='ltr'><strong>et</strong></span> <span class='ocrx_word' id='word_1_284' title='bbox 847 1985 966 2018; x_wconf 90' lang='lat' dir='ltr'><strong>beatos</strong></span> <span class='ocrx_word' id='word_1_285' title='bbox 988 1984 1063 2018; x_wconf 89' lang='lat' dir='ltr'><strong>illos</strong></span> <span class='ocrx_word' id='word_1_286' title='bbox 1087 1983 1305 2016; x_wconf 75' lang='lat' dir='ltr'><strong>cicatricibus</strong></span> <span class='ocrx_word' id='word_1_287' title='bbox 1331 1981 1406 2016; x_wconf 86' lang='lat' dir='ltr'><strong>istis</strong></span> <span class='ocrx_word' id='word_1_288' title='bbox 1437 1981 1575 2015; x_wconf 87' lang='lat' dir='ltr'><strong>virtutis</strong></span> <span class='ocrx_word' id='word_1_289' title='bbox 1605 1991 1648 2014; x_wconf 87' lang='lat' dir='ltr'><strong>ac</strong></span> 
     </span>
     <span class='ocr_line' id='line_1_31' title="bbox 182 2027 1649 2075; baseline -0.001 -14"><span class='ocrx_word' id='word_1_290' title='bbox 182 2029 394 2062; x_wconf 78' lang='lat' dir='ltr'><strong>constantiae</strong></span> <span class='ocrx_word' id='word_1_291' title='bbox 417 2029 566 2073; x_wconf 90' lang='lat' dir='ltr'><strong>ipsorum</strong></span> <span class='ocrx_word' id='word_1_292' title='bbox 589 2030 755 2064; x_wconf 87' lang='lat' dir='ltr'><strong>indicibus</strong></span> <span class='ocrx_word' id='word_1_293' title='bbox 779 2030 1011 2075; x_wconf 87' lang='lat' dir='ltr'><strong>praedicaret,</strong></span> <span class='ocrx_word' id='word_1_294' title='bbox 1039 2030 1223 2064; x_wconf 87' lang='lat' dir='ltr'><strong>adhortans</strong></span> <span class='ocrx_word' id='word_1_295' title='bbox 1244 2028 1384 2062; x_wconf 88' lang='lat' dir='ltr'><strong>subinde</strong></span> <span class='ocrx_word' id='word_1_296' title='bbox 1407 2027 1500 2073; x_wconf 91' lang='lat' dir='ltr'><strong>ipsos</strong></span> <span class='ocrx_word' id='word_1_297' title='bbox 1523 2038 1567 2061; x_wconf 87' lang='lat' dir='ltr'><strong>ne</strong></span> <span class='ocrx_word' id='word_1_298' title='bbox 1588 2038 1649 2060; x_wconf 84' lang='lat' dir='ltr'><strong>ve·</strong></span> 
     </span>
     <span class='ocr_line' id='line_1_32' title="bbox 182 2073 1649 2121; baseline 0 -15"><span class='ocrx_word' id='word_1_299' title='bbox 182 2078 260 2107; x_wconf 88' lang='lat' dir='ltr'><strong>tera</strong></span> <span class='ocrx_word' id='word_1_300' title='bbox 282 2074 406 2108; x_wconf 85' lang='lat' dir='ltr'><strong>decora</strong></span> <span class='ocrx_word' id='word_1_301' title='bbox 429 2077 620 2110; x_wconf 89' lang='lat' dir='ltr'><strong>recentibus</strong></span> <span class='ocrx_word' id='word_1_302' title='bbox 643 2077 781 2110; x_wconf 89' lang='lat' dir='ltr'><strong>maculis</strong></span> <span class='ocrx_word' id='word_1_303' title='bbox 803 2077 1024 2121; x_wconf 84' lang='lat' dir='ltr'><strong>obtegerent,</strong></span> <span class='ocrx_word' id='word_1_304' title='bbox 1057 2076 1119 2109; x_wconf 94' lang='lat' dir='ltr'><strong>hoc</strong></span> <span class='ocrx_word' id='word_1_305' title='bbox 1145 2080 1199 2108; x_wconf 86' lang='lat' dir='ltr'><strong>est</strong></span> <span class='ocrx_word' id='word_1_306' title='bbox 1230 2087 1272 2108; x_wconf 91' lang='lat' dir='ltr'><strong>ne</strong></span> <span class='ocrx_word' id='word_1_307' title='bbox 1296 2086 1395 2120; x_wconf 87' lang='lat' dir='ltr'><strong>quem</strong></span> <span class='ocrx_word' id='word_1_308' title='bbox 1418 2075 1586 2117; x_wconf 83' lang='lat' dir='ltr'><strong>ingentem</strong></span> <span class='ocrx_word' id='word_1_309' title='bbox 1611 2073 1649 2106; x_wconf 66' lang='lat' dir='ltr'><strong>et</strong></span> 
     </span>
     <span class='ocr_line' id='line_1_33' title="bbox 181 2120 1650 2166; baseline 0 -14"><span class='ocrx_word' id='word_1_310' title='bbox 181 2120 282 2153; x_wconf 84' lang='lat' dir='ltr'><strong>valde</strong></span> <span class='ocrx_word' id='word_1_311' title='bbox 303 2120 504 2155; x_wconf 88' lang='lat' dir='ltr'><strong>laudabilem</strong></span> <span class='ocrx_word' id='word_1_312' title='bbox 527 2128 608 2156; x_wconf 91' lang='lat' dir='ltr'><strong>tunc</strong></span> <span class='ocrx_word' id='word_1_313' title='bbox 632 2127 891 2163; x_wconf 85' lang='lat' dir='ltr'><strong>monstrassent,</strong></span> <span class='ocrx_word' id='word_1_314' title='bbox 925 2134 1000 2156; x_wconf 92' lang='lat' dir='ltr'><strong>cum</strong></span> <span class='ocrx_word' id='word_1_315' title='bbox 1022 2121 1081 2155; x_wconf 92' lang='lat' dir='ltr'><strong>illa</strong></span> <span class='ocrx_word' id='word_1_316' title='bbox 1112 2126 1191 2155; x_wconf 87' lang='lat' dir='ltr'><strong>sunt</strong></span> <span class='ocrx_word' id='word_1_317' title='bbox 1217 2121 1328 2166; x_wconf 87' lang='lat' dir='ltr'><strong>passi,</strong></span> <span class='ocrx_word' id='word_1_318' title='bbox 1362 2131 1423 2165; x_wconf 86' lang='lat' dir='ltr'><strong>pro</strong></span> <span class='ocrx_word' id='word_1_319' title='bbox 1447 2121 1511 2153; x_wconf 88' lang='lat' dir='ltr'><strong>deo</strong></span> <span class='ocrx_word' id='word_1_320' title='bbox 1535 2124 1572 2153; x_wconf 87' lang='lat' dir='ltr'><strong>et</strong></span> <span class='ocrx_word' id='word_1_321' title='bbox 1591 2129 1650 2151; x_wconf 76' lang='lat' dir='ltr'><strong>re-</strong></span> 
     </span>
     <span class='ocr_line' id='line_1_34' title="bbox 182 2162 1650 2213; baseline -0.001 -15"><span class='ocrx_word' id='word_1_322' title='bbox 182 2165 247 2199; x_wconf 91' lang='lat' dir='ltr'><strong>bus</strong></span> <span class='ocrx_word' id='word_1_323' title='bbox 271 2165 392 2199; x_wconf 89' lang='lat' dir='ltr'><strong>divinis</strong></span> <span class='ocrx_word' id='word_1_324' title='bbox 414 2167 542 2211; x_wconf 88' lang='lat' dir='ltr'><strong>zelum,</strong></span> <span class='ocrx_word' id='word_1_325' title='bbox 575 2169 617 2202; x_wconf 89' lang='lat' dir='ltr'><strong>ad</strong></span> <span class='ocrx_word' id='word_1_326' title='bbox 649 2175 835 2202; x_wconf 88' lang='lat' dir='ltr'><strong>extremum</strong></span> <span class='ocrx_word' id='word_1_327' title='bbox 867 2173 1120 2213; x_wconf 84' lang='lat' dir='ltr'><strong>corrumperent</strong></span> <span class='ocrx_word' id='word_1_328' title='bbox 1154 2167 1403 2201; x_wconf 81' lang='lat' dir='ltr'><strong>defectionibus</strong></span> <span class='ocrx_word' id='word_1_329' title='bbox 1437 2167 1480 2199; x_wconf 83' lang='lat' dir='ltr'><strong>ab</strong></span> <span class='ocrx_word' id='word_1_330' title='bbox 1504 2162 1650 2198; x_wconf 76' lang='lat' dir='ltr'><strong>ecclesia</strong></span> 
     </span>
     <span class='ocr_line' id='line_1_35' title="bbox 181 2210 1650 2259; baseline -0.001 -15"><span class='ocrx_word' id='word_1_331' title='bbox 181 2210 310 2255; x_wconf 78' lang='lat' dir='ltr'><strong>ipsius,</strong></span> <span class='ocrx_word' id='word_1_332' title='bbox 348 2212 411 2244; x_wconf 86' lang='lat' dir='ltr'><strong>hoc</strong></span> <span class='ocrx_word' id='word_1_333' title='bbox 433 2218 486 2245; x_wconf 92' lang='lat' dir='ltr'><strong>est</strong></span> <span class='ocrx_word' id='word_1_334' title='bbox 508 2225 606 2258; x_wconf 82' lang='lat' dir='ltr'><strong>quarn</strong></span> <span class='ocrx_word' id='word_1_335' title='bbox 629 2215 704 2259; x_wconf 86' lang='lat' dir='ltr'><strong>ipse</strong></span> <span class='ocrx_word' id='word_1_336' title='bbox 727 2215 762 2249; x_wconf 92' lang='lat' dir='ltr'><strong>in</strong></span> <span class='ocrx_word' id='word_1_337' title='bbox 784 2214 952 2258; x_wconf 81' lang='lat' dir='ltr'><strong>integrum</strong></span> <span class='ocrx_word' id='word_1_338' title='bbox 975 2214 1206 2255; x_wconf 78' lang='lat' dir='ltr'><strong>restituisset,</strong></span> <span class='ocrx_word' id='word_1_339' title='bbox 1235 2213 1380 2257; x_wconf 87' lang='lat' dir='ltr'><strong>denique</strong></span> <span class='ocrx_word' id='word_1_340' title='bbox 1402 2211 1486 2245; x_wconf 84' lang='lat' dir='ltr'><strong>nihil</strong></span> <span class='ocrx_word' id='word_1_341' title='bbox 1506 2221 1544 2244; x_wconf 83' lang='lat' dir='ltr'><strong>se</strong></span> <span class='ocrx_word' id='word_1_342' title='bbox 1567 2219 1650 2254; x_wconf 85' lang='lat' dir='ltr'><strong>pro-</strong></span> 
     </span>
     <span class='ocr_line' id='line_1_36' title="bbox 183 2255 1650 2303; baseline -0.001 -13"><span class='ocrx_word' id='word_1_343' title='bbox 183 2256 288 2291; x_wconf 85' lang='lat' dir='ltr'><strong>ficere</strong></span> <span class='ocrx_word' id='word_1_344' title='bbox 312 2257 430 2291; x_wconf 78' lang='lat' dir='ltr'><strong>videns</strong></span> <span class='ocrx_word' id='word_1_345' title='bbox 453 2269 567 2292; x_wconf 86' lang='lat' dir='ltr'><strong>omnes</strong></span> <span class='ocrx_word' id='word_1_346' title='bbox 590 2260 726 2303; x_wconf 85' lang='lat' dir='ltr'><strong>dimisit,</strong></span> <span class='ocrx_word' id='word_1_347' title='bbox 751 2261 793 2294; x_wconf 87' lang='lat' dir='ltr'><strong>de</strong></span> <span class='ocrx_word' id='word_1_348' title='bbox 818 2266 955 2295; x_wconf 88' lang='lat' dir='ltr'><strong>caetero</strong></span> <span class='ocrx_word' id='word_1_349' title='bbox 978 2260 1182 2301; x_wconf 87' lang='lat' dir='ltr'><strong>consultans,</strong></span> <span class='ocrx_word' id='word_1_350' title='bbox 1208 2270 1283 2293; x_wconf 89' lang='lat' dir='ltr'><strong>cum</strong></span> <span class='ocrx_word' id='word_1_351' title='bbox 1308 2258 1342 2291; x_wconf 92' lang='lat' dir='ltr'><strong>in</strong></span> <span class='ocrx_word' id='word_1_352' title='bbox 1365 2255 1503 2291; x_wconf 89' lang='lat' dir='ltr'><strong>concilio</strong></span> <span class='ocrx_word' id='word_1_353' title='bbox 1525 2265 1650 2300; x_wconf 82' lang='lat' dir='ltr'><strong>proce·-</strong></span> 
     </span>
     <span class='ocr_line' id='line_1_37' title="bbox 182 2302 1649 2343; baseline -0.002 -7"><span class='ocrx_word' id='word_1_354' title='bbox 182 2314 259 2336; x_wconf 82' lang='lat' dir='ltr'><strong>rum</strong></span> <span class='ocrx_word' id='word_1_355' title='bbox 291 2314 332 2337; x_wconf 88' lang='lat' dir='ltr'><strong>ac</strong></span> <span class='ocrx_word' id='word_1_356' title='bbox 364 2309 557 2338; x_wconf 80' lang='lat' dir='ltr'><strong>senatorum</strong></span> <span class='ocrx_word' id='word_1_357' title='bbox 586 2309 656 2339; x_wconf 91' lang='lat' dir='ltr'><strong>tum</strong></span> <span class='ocrx_word' id='word_1_358' title='bbox 688 2307 790 2340; x_wconf 87' lang='lat' dir='ltr'><strong>etiam</strong></span> <span class='ocrx_word' id='word_1_359' title='bbox 825 2306 860 2340; x_wconf 89' lang='lat' dir='ltr'><strong>in</strong></span> <span class='ocrx_word' id='word_1_360' title='bbox 900 2306 1090 2340; x_wconf 84' lang='lat' dir='ltr'><strong>antistitum</strong></span> <span class='ocrx_word' id='word_1_361' title='bbox 1125 2311 1161 2339; x_wconf 90' lang='lat' dir='ltr'><strong>et</strong></span> <span class='ocrx_word' id='word_1_362' title='bbox 1193 2302 1496 2338; x_wconf 85' lang='lat' dir='ltr'><strong>ecclesiasticorum</strong></span> <span class='ocrx_word' id='word_1_363' title='bbox 1533 2305 1649 2343; x_wconf 83' lang='lat' dir='ltr'><strong>coetu,</strong></span> 
     </span>
     <span class='ocr_line' id='line_1_38' title="bbox 186 2345 1650 2396; baseline -0.003 -14"><span class='ocrx_word' id='word_1_364' title='bbox 186 2348 339 2393; x_wconf 91' lang='lat' dir='ltr'><strong>quisnam</strong></span> <span class='ocrx_word' id='word_1_365' title='bbox 362 2350 534 2383; x_wconf 86' lang='lat' dir='ltr'><strong>vocandus</strong></span> <span class='ocrx_word' id='word_1_366' title='bbox 555 2351 729 2385; x_wconf 86' lang='lat' dir='ltr'><strong>videretur</strong></span> <span class='ocrx_word' id='word_1_367' title='bbox 752 2352 794 2385; x_wconf 92' lang='lat' dir='ltr'><strong>ad</strong></span> <span class='ocrx_word' id='word_1_368' title='bbox 817 2354 967 2396; x_wconf 84' lang='lat' dir='ltr'><strong>regimen</strong></span> <span class='ocrx_word' id='word_1_369' title='bbox 989 2351 1155 2386; x_wconf 87' lang='lat' dir='ltr'><strong>ecclesiae</strong></span> <span class='ocrx_word' id='word_1_370' title='bbox 1177 2355 1255 2396; x_wconf 88' lang='lat' dir='ltr'><strong>post</strong></span> <span class='ocrx_word' id='word_1_371' title='bbox 1275 2347 1488 2392; x_wconf 82' lang='lat' dir='ltr'><strong>Gregorinm.</strong></span> <span class='ocrx_word' id='word_1_372' title='bbox 1536 2350 1574 2379; x_wconf 83' lang='lat' dir='ltr'><strong>at</strong></span> <span class='ocrx_word' id='word_1_373' title='bbox 1593 2345 1650 2378; x_wconf 88' lang='lat' dir='ltr'><strong>in·-</strong></span> 
     </span>
     <span class='ocr_line' id='line_1_39' title="bbox 185 2392 1650 2442; baseline -0.003 -14"><span class='ocrx_word' id='word_1_374' title='bbox 185 2394 285 2428; x_wconf 90' lang='lat' dir='ltr'><strong>terim</strong></span> <span class='ocrx_word' id='word_1_375' title='bbox 309 2394 484 2430; x_wconf 82' lang='lat' dir='ltr'><strong>Arseniani</strong></span> <span class='ocrx_word' id='word_1_376' title='bbox 507 2397 751 2442; x_wconf 86' lang='lat' dir='ltr'><strong>necquidquam</strong></span> <span class='ocrx_word' id='word_1_377' title='bbox 775 2409 812 2430; x_wconf 89' lang='lat' dir='ltr'><strong>se</strong></span> <span class='ocrx_word' id='word_1_378' title='bbox 833 2400 1025 2437; x_wconf 81' lang='lat' dir='ltr'><strong>vexabant,</strong></span> <span class='ocrx_word' id='word_1_379' title='bbox 1058 2398 1167 2430; x_wconf 88' lang='lat' dir='ltr'><strong>instar</strong></span> <span class='ocrx_word' id='word_1_380' title='bbox 1189 2393 1463 2441; x_wconf 84' lang='lat' dir='ltr'><strong>prosequentium</strong></span> <span class='ocrx_word' id='word_1_381' title='bbox 1488 2392 1650 2426; x_wconf 79' lang='lat' dir='ltr'><strong>ardenter</strong></span> 
     </span>
     <span class='ocr_line' id='line_1_40' title="bbox 187 2437 1650 2487; baseline -0.003 -14"><span class='ocrx_word' id='word_1_382' title='bbox 187 2452 331 2486; x_wconf 88' lang='lat' dir='ltr'><strong>quorum</strong></span> <span class='ocrx_word' id='word_1_383' title='bbox 354 2442 636 2486; x_wconf 81' lang='lat' dir='ltr'><strong>assequendorum</strong></span> <span class='ocrx_word' id='word_1_384' title='bbox 659 2454 722 2476; x_wconf 89' lang='lat' dir='ltr'><strong>nec</strong></span> <span class='ocrx_word' id='word_1_385' title='bbox 746 2455 823 2487; x_wconf 87' lang='lat' dir='ltr'><strong>spes</strong></span> <span class='ocrx_word' id='word_1_386' title='bbox 847 2456 909 2477; x_wconf 87' lang='lat' dir='ltr'><strong>nec</strong></span> <span class='ocrx_word' id='word_1_387' title='bbox 931 2443 1076 2477; x_wconf 83' lang='lat' dir='ltr'><strong>facultas</strong></span> <span class='ocrx_word' id='word_1_388' title='bbox 1098 2443 1166 2476; x_wconf 85' lang='lat' dir='ltr'><strong>ulla</strong></span> <span class='ocrx_word' id='word_1_389' title='bbox 1192 2442 1250 2477; x_wconf 91' lang='lat' dir='ltr'><strong>sit.</strong></span> <span class='ocrx_word' id='word_1_390' title='bbox 1295 2440 1468 2473; x_wconf 81' lang='lat' dir='ltr'><strong>instabant</strong></span> <span class='ocrx_word' id='word_1_391' title='bbox 1490 2437 1650 2472; x_wconf 84' lang='lat' dir='ltr'><strong>videlicet</strong></span> 
     </span>
     <span class='ocr_line' id='line_1_41' title="bbox 185 2482 1651 2534; baseline -0.003 -14"><span class='ocrx_word' id='word_1_392' title='bbox 185 2486 276 2531; x_wconf 84' lang='lat' dir='ltr'><strong>apud</strong></span> <span class='ocrx_word' id='word_1_393' title='bbox 301 2487 464 2531; x_wconf 81' lang='lat' dir='ltr'><strong>synodum</strong></span> <span class='ocrx_word' id='word_1_394' title='bbox 486 2494 525 2522; x_wconf 90' lang='lat' dir='ltr'><strong>ut</strong></span> <span class='ocrx_word' id='word_1_395' title='bbox 547 2488 780 2522; x_wconf 87' lang='lat' dir='ltr'><strong>declararetur</strong></span> <span class='ocrx_word' id='word_1_396' title='bbox 803 2489 980 2534; x_wconf 88' lang='lat' dir='ltr'><strong>Iosephum</strong></span> <span class='ocrx_word' id='word_1_397' title='bbox 1013 2500 1076 2522; x_wconf 91' lang='lat' dir='ltr'><strong>nec</strong></span> <span class='ocrx_word' id='word_1_398' title='bbox 1101 2498 1219 2520; x_wconf 86' lang='lat' dir='ltr'><strong>verum</strong></span> <span class='ocrx_word' id='word_1_399' title='bbox 1246 2498 1310 2520; x_wconf 89' lang='lat' dir='ltr'><strong>nec</strong></span> <span class='ocrx_word' id='word_1_400' title='bbox 1338 2484 1519 2529; x_wconf 82' lang='lat' dir='ltr'><strong>legitimum</strong></span> <span class='ocrx_word' id='word_1_401' title='bbox 1542 2482 1651 2516; x_wconf 86' lang='lat' dir='ltr'><strong>fuisse</strong></span> 
     </span>
     <span class='ocr_line' id='line_1_42' title="bbox 187 2527 1652 2578; baseline -0.004 -12"><span class='ocrx_word' id='word_1_402' title='bbox 187 2532 429 2578; x_wconf 77' lang='lat' dir='ltr'><strong>patriarcham.</strong></span> <span class='ocrx_word' id='word_1_403' title='bbox 477 2534 693 2578; x_wconf 88' lang='lat' dir='ltr'><strong>postulabant</strong></span> <span class='ocrx_word' id='word_1_404' title='bbox 716 2540 894 2578; x_wconf 85' lang='lat' dir='ltr'><strong>praeterea</strong></span> <span class='ocrx_word' id='word_1_405' title='bbox 916 2534 1068 2567; x_wconf 87' lang='lat' dir='ltr'><strong>damnari</strong></span> <span class='ocrx_word' id='word_1_406' title='bbox 1090 2533 1211 2577; x_wconf 86' lang='lat' dir='ltr'><strong>dogma</strong></span> <span class='ocrx_word' id='word_1_407' title='bbox 1234 2531 1399 2566; x_wconf 84' lang='lat' dir='ltr'><strong>ecclesiae</strong></span> <span class='ocrx_word' id='word_1_408' title='bbox 1421 2541 1484 2572; x_wconf 88' lang='lat' dir='ltr'><strong>quo</strong></span> <span class='ocrx_word' id='word_1_409' title='bbox 1507 2529 1545 2562; x_wconf 88' lang='lat' dir='ltr'><strong>S.</strong></span> <span class='ocrx_word' id='word_1_410' title='bbox 1570 2527 1652 2572; x_wconf 88' lang='lat' dir='ltr'><strong>Spi-</strong></span> 
     </span>
     <span class='ocr_line' id='line_1_43' title="bbox 188 2575 1652 2625; baseline -0.003 -13"><span class='ocrx_word' id='word_1_411' title='bbox 188 2579 277 2612; x_wconf 87' lang='lat' dir='ltr'><strong>ritus</strong></span> <span class='ocrx_word' id='word_1_412' title='bbox 299 2590 342 2612; x_wconf 87' lang='lat' dir='ltr'><strong>ex</strong></span> <span class='ocrx_word' id='word_1_413' title='bbox 364 2581 462 2623; x_wconf 87' lang='lat' dir='ltr'><strong>patre</strong></span> <span class='ocrx_word' id='word_1_414' title='bbox 484 2591 547 2625; x_wconf 89' lang='lat' dir='ltr'><strong>per</strong></span> <span class='ocrx_word' id='word_1_415' title='bbox 569 2579 670 2613; x_wconf 89' lang='lat' dir='ltr'><strong>filium</strong></span> <span class='ocrx_word' id='word_1_416' title='bbox 696 2582 880 2624; x_wconf 88' lang='lat' dir='ltr'><strong>procedere</strong></span> <span class='ocrx_word' id='word_1_417' title='bbox 903 2580 1112 2613; x_wconf 81' lang='lat' dir='ltr'><strong>affirmatur:</strong></span> <span class='ocrx_word' id='word_1_418' title='bbox 1148 2578 1268 2611; x_wconf 90' lang='lat' dir='ltr'><strong>deinde</strong></span> <span class='ocrx_word' id='word_1_419' title='bbox 1297 2575 1545 2611; x_wconf 87' lang='lat' dir='ltr'><strong>contendebant</strong></span> <span class='ocrx_word' id='word_1_420' title='bbox 1573 2584 1652 2607; x_wconf 88' lang='lat' dir='ltr'><strong>cre-</strong></span> 
     </span>
     <span class='ocr_line' id='line_1_44' title="bbox 187 2619 1652 2664; baseline -0.004 -6"><span class='ocrx_word' id='word_1_421' title='bbox 187 2625 253 2659; x_wconf 88' lang='lat' dir='ltr'><strong>bra</strong></span> <span class='ocrx_word' id='word_1_422' title='bbox 289 2629 326 2658; x_wconf 87' lang='lat' dir='ltr'><strong>et</strong></span> <span class='ocrx_word' id='word_1_423' title='bbox 356 2635 475 2659; x_wconf 87' lang='lat' dir='ltr'><strong>severa</strong></span> <span class='ocrx_word' id='word_1_424' title='bbox 505 2626 711 2660; x_wconf 87' lang='lat' dir='ltr'><strong>instituenda</strong></span> <span class='ocrx_word' id='word_1_425' title='bbox 743 2626 786 2659; x_wconf 87' lang='lat' dir='ltr'><strong>de</strong></span> <span class='ocrx_word' id='word_1_426' title='bbox 816 2626 1028 2659; x_wconf 89' lang='lat' dir='ltr'><strong>sacerdotum</strong></span> <span class='ocrx_word' id='word_1_427' title='bbox 1059 2623 1326 2657; x_wconf 84' lang='lat' dir='ltr'><strong>ordinationibus</strong></span> <span class='ocrx_word' id='word_1_428' title='bbox 1348 2621 1495 2662; x_wconf 89' lang='lat' dir='ltr'><strong>iudicia,</strong></span> <span class='ocrx_word' id='word_1_429' title='bbox 1526 2619 1652 2664; x_wconf 83' lang='lat' dir='ltr'><strong>quibus</strong></span> 
     </span>
     <span class='ocr_line' id='line_1_45' title="bbox 188 2665 1652 2716; baseline -0.004 -12"><span class='ocrx_word' id='word_1_430' title='bbox 188 2670 274 2704; x_wconf 85' lang='lat' dir='ltr'><strong>haec</strong></span> <span class='ocrx_word' id='word_1_431' title='bbox 296 2670 431 2716; x_wconf 79' lang='lat' dir='ltr'><strong>quidem</strong></span> <span class='ocrx_word' id='word_1_432' title='bbox 453 2671 699 2714; x_wconf 83' lang='lat' dir='ltr'><strong>admitteretur,</strong></span> <span class='ocrx_word' id='word_1_433' title='bbox 722 2671 780 2705; x_wconf 89' lang='lat' dir='ltr'><strong>illa</strong></span> <span class='ocrx_word' id='word_1_434' title='bbox 801 2671 1012 2713; x_wconf 85' lang='lat' dir='ltr'><strong>reiiceretur,</strong></span> <span class='ocrx_word' id='word_1_435' title='bbox 1037 2670 1166 2704; x_wconf 85' lang='lat' dir='ltr'><strong>difficili</strong></span> <span class='ocrx_word' id='word_1_436' title='bbox 1188 2674 1224 2703; x_wconf 89' lang='lat' dir='ltr'><strong>et</strong></span> <span class='ocrx_word' id='word_1_437' title='bbox 1247 2669 1424 2714; x_wconf 87' lang='lat' dir='ltr'><strong>perodioso</strong></span> <span class='ocrx_word' id='word_1_438' title='bbox 1447 2665 1652 2700; x_wconf 85' lang='lat' dir='ltr'><strong>discrimine.</strong></span> 
     </span>
     <span class='ocr_line' id='line_1_46' title="bbox 189 2715 1653 2762; baseline -0.003 -13"><span class='ocrx_word' id='word_1_439' title='bbox 189 2717 336 2762; x_wconf 86' lang='lat' dir='ltr'><strong>denique</strong></span> <span class='ocrx_word' id='word_1_440' title='bbox 359 2716 427 2751; x_wconf 82' lang='lat' dir='ltr'><strong>alia</strong></span> <span class='ocrx_word' id='word_1_441' title='bbox 448 2718 614 2762; x_wconf 87' lang='lat' dir='ltr'><strong>quaedam</strong></span> <span class='ocrx_word' id='word_1_442' title='bbox 636 2718 839 2762; x_wconf 82' lang='lat' dir='ltr'><strong>flagitabant</strong></span> <span class='ocrx_word' id='word_1_443' title='bbox 860 2717 1117 2762; x_wconf 87' lang='lat' dir='ltr'><strong>perplexitatem</strong></span> <span class='ocrx_word' id='word_1_444' title='bbox 1139 2715 1402 2749; x_wconf 86' lang='lat' dir='ltr'><strong>inextricabilem</strong></span> <span class='ocrx_word' id='word_1_445' title='bbox 1425 2721 1653 2755; x_wconf 84' lang='lat' dir='ltr'><strong>summamque</strong></span> 
     </span>
     <span class='ocr_line' id='line_1_47' title="bbox 189 2757 1653 2809; baseline -0.004 -13"><span class='ocrx_word' id='word_1_446' title='bbox 189 2762 426 2797; x_wconf 86' lang='lat' dir='ltr'><strong>difficultatem</strong></span> <span class='ocrx_word' id='word_1_447' title='bbox 449 2765 554 2808; x_wconf 84' lang='lat' dir='ltr'><strong>primo</strong></span> <span class='ocrx_word' id='word_1_448' title='bbox 584 2765 659 2809; x_wconf 88' lang='lat' dir='ltr'><strong>ipso</strong></span> <span class='ocrx_word' id='word_1_449' title='bbox 691 2763 809 2798; x_wconf 91' lang='lat' dir='ltr'><strong>auditu</strong></span> <span class='ocrx_word' id='word_1_450' title='bbox 838 2763 1079 2809; x_wconf 85' lang='lat' dir='ltr'><strong>praeferentia.</strong></span> <span class='ocrx_word' id='word_1_451' title='bbox 1124 2761 1184 2796; x_wconf 86' lang='lat' dir='ltr'><strong>sed</strong></span> <span class='ocrx_word' id='word_1_452' title='bbox 1207 2773 1322 2795; x_wconf 82' lang='lat' dir='ltr'><strong>omnes</strong></span> <span class='ocrx_word' id='word_1_453' title='bbox 1346 2759 1490 2794; x_wconf 89' lang='lat' dir='ltr'><strong>omnium</strong></span> <span class='ocrx_word' id='word_1_454' title='bbox 1513 2757 1653 2792; x_wconf 82' lang='lat' dir='ltr'><strong>istarum</strong></span> 
     </span>
     <span class='ocr_line' id='line_1_48' title="bbox 190 2805 1654 2856; baseline -0.003 -13"><span class='ocrx_word' id='word_1_455' title='bbox 190 2809 388 2854; x_wconf 82' lang='lat' dir='ltr'><strong>petitionum</strong></span> <span class='ocrx_word' id='word_1_456' title='bbox 410 2809 638 2846; x_wconf 83' lang='lat' dir='ltr'><strong>absurditates</strong></span> <span class='ocrx_word' id='word_1_457' title='bbox 660 2810 696 2846; x_wconf 90' lang='lat' dir='ltr'><strong>in</strong></span> <span class='ocrx_word' id='word_1_458' title='bbox 718 2821 821 2844; x_wconf 91' lang='lat' dir='ltr'><strong>unum</strong></span> <span class='ocrx_word' id='word_1_459' title='bbox 843 2809 941 2856; x_wconf 82' lang='lat' dir='ltr'><strong>quasi</strong></span> <span class='ocrx_word' id='word_1_460' title='bbox 963 2810 1089 2844; x_wconf 88' lang='lat' dir='ltr'><strong>fascem</strong></span> <span class='ocrx_word' id='word_1_461' title='bbox 1120 2807 1333 2853; x_wconf 84' lang='lat' dir='ltr'><strong>congessisse</strong></span> <span class='ocrx_word' id='word_1_462' title='bbox 1357 2805 1424 2842; x_wconf 86' lang='lat' dir='ltr'><strong>visi</strong></span> <span class='ocrx_word' id='word_1_463' title='bbox 1445 2809 1546 2850; x_wconf 76' lang='lat' dir='ltr'><strong>sunt,</strong></span> <span class='ocrx_word' id='word_1_464' title='bbox 1576 2812 1654 2839; x_wconf 72' lang='lat' dir='ltr'><strong>cum</strong></span> 
     </span>
    </p>
   </div>
  </div>
 </body>
</html>
