1820 3112
365 135 442 178 DE
475 133 807 178 ANDRONICO
841 134 1219 180 PALAEOLOGO
1254 136 1302 178 L.
1322 133 1399 179 ΠΙ.
1515 136 1610 182 261

144 250 229 292 τῶν
245 246 359 305 παρὰ
374 247 577 302 βασιλέως
594 245 917 304 προεληλυθέναι
938 246 1004 306 (τὸ
1023 246 1070 290 δ’
1091 242 1144 304 ἦν
1159 247 1207 291 τὸ
1227 247 1301 304 τὴν
1320 247 1458 292 αὐτῶν
1476 246 1612 292 ὑπαλ-

145 313 307 360 λάττειν
325 314 560 373 στρατείαν)
574 348 587 368 ,
626 318 661 358 εἷ
676 312 737 371 μή
758 332 801 372 γε
819 317 886 358 καὶ
907 320 982 371 τῆς
1000 317 1055 366 εἷς
1072 316 1246 368 βασιλέα
1265 314 1611 375 καταφρονήσεως

145 383 283 440 ιῖρχειν
303 382 477 440 ἐγνώκει.
529 383 577 427 τὸ
598 383 643 426 δ’
667 379 719 439 ἦν
735 383 926 440 ἄντικρυς
943 386 1288 442 καταδημαγωγία
1297 419 1311 439 ,
1345 385 1401 436 ὥς
1418 387 1609 429 ἐντεῦθεν

144 453 221 508 τὴν
242 452 339 495 κατ’
363 452 495 495 αὐτοῦ
515 456 633 510 σφῶν
653 449 804 506 ἶσχῦειν
826 452 1009 495 ἐπίθεσιν
1019 486 1032 505 ,
1068 455 1135 496 καὶ
1157 452 1379 510 πρόβλημα
1398 449 1449 510 ἦν
1468 453 1610 504 αὐτοῖς

111 520 315 577 5ἷσχι·ρόν
338 525 422 564 τῶν
447 520 542 564 κατ’
568 520 719 563 ἐκείνου
749 522 964 578 λοιδοριῶν
992 519 1049 572 ὥς
1077 523 1244 572 δικαίως
1273 523 1507 575 ἐπεξιοῦσιν.
1576 520 1599 567 ὅ
1621 533 1654 568 Ι)

146 589 190 632 δ’
214 588 383 632 ἔνδοθεν
413 588 492 646 ἀφ’
518 587 656 644 ῧψους
685 593 760 632 τοῦ
788 590 947 644 τείχους
966 587 1197 646 ἕωραμένος
1222 590 1325 647 πρὸς
1344 591 1420 647 τὴν
1434 608 1610 648 κατηγο-

146 659 239 715 ρίαν
267 656 467 716 ἀσφαλῶς
493 658 664 711 ἵστατο,
714 658 780 700 καὶ
810 663 869 717 τῷ
898 658 1080 715 ἀρχιερεῖ
1103 661 1433 714 προσωνείδιζεν,
1468 660 1611 711 ἀνοίας

143 727 312 783 κρίνων,
360 727 394 769 εἲ
429 725 770 780 συμπεπεισμένος
801 724 1003 777 τοιούτοις
1035 725 1209 785 ἀνδράσι
1244 734 1372 772 ποιεῖν
1401 728 1455 772 τὰ
1484 727 1607 783 ὅμοια

143 793 245 851 ἐ’γνω
263 794 549 851 παραγεγονώς
567 794 639 837 τὸν
657 795 763 850 μηδὲ
781 795 899 839 σκιὰν
920 795 1111 846 ἀπιστίας
1132 794 1285 842 εἰδότα.
1352 801 1517 852 βασιλεῖ
1529 797 1607 855 γὰρ

90 865 212 910 1οκαὶ
239 866 397 918 μᾶλλον
435 861 652 921 φυλάττειν
683 865 818 906 πίστιν
850 866 917 907 καὶ
949 866 1124 919 βεβαίαν
1156 866 1292 922 φέρειν
1323 866 1398 921 τὴν
1429 865 1603 919 εὔνοιαν,

144 930 258 991 αὐτῷ
290 931 336 974 δὲ
365 931 611 975 τούντεῦθεν
631 933 696 974 καὶ
720 936 880 987 μᾶλλον
898 935 983 988 μηδ
992 932 1005 949 ’
1032 931 1088 983 ὥς
1109 932 1284 991 ἀρχιερεῖ
1304 934 1513 992 προσέχειν
1521 967 1534 987 ,
1573 937 1608 978 εἷ

142 999 219 1055 τὴν
241 999 344 1055 πρὸς
372 998 499 1043 αὐτὸν
529 999 596 1043 διὰ
625 1000 701 1055 τὴν
720 1005 795 1043 τοῦ
815 1001 1040 1056 σχίσματος
1068 1003 1203 1045 αἰτίαν
1222 1002 1465 1057 ἀπέχθειαν,
1503 1002 1525 1047 ὃ
1545 1002 1595 1059 δὴ
1619 1015 1651 1049 E

142 1070 210 1112 καὶ
226 1067 419 1122 βασιλεῦς
440 1066 523 1111 οἶδε
544 1070 610 1111 καὶ
629 1076 833 1126 συγχωρεῖ
847 1069 985 1123 αὐτός,
1020 1077 1107 1120 τοῖς
1126 1070 1263 1114 οὐκέτ’
1286 1067 1377 1114 οὖσι
1395 1071 1501 1115 κατὰ
1521 1076 1604 1126 βα·

142 1136 286 1188 σιλέως
307 1133 519 1192 αι’τιάμασι
546 1138 784 1193 συμπλέκειν
804 1139 939 1182 ἐθέλοι
960 1141 1026 1182 καὶ
1047 1145 1133 1190 τοῖς
1154 1140 1310 1183 ε’πιοῧσι
1328 1138 1604 1199 συμπράττειν

139 1280 180 1303 se
201 1269 444 1314 grassationem
467 1270 687 1315 processisse.
733 1284 796 1307 nec
829 1272 967 1306 dubium
990 1272 1102 1306 videri
1125 1273 1207 1318 quin
1230 1273 1294 1308 hoc
1316 1273 1390 1319 ipse
1410 1274 1444 1308 id
1468 1275 1601 1319 agendo

140 1320 352 1360 spectasset,
385 1321 425 1350 ut
453 1327 492 1350 se
521 1328 542 1350 a
574 1317 691 1351 militia
720 1330 782 1364 per
811 1318 910 1352 istam
943 1319 1185 1354 intolerabilem
1215 1320 1426 1365 spoliationis
1447 1321 1602 1354 iniuriam

140 1360 313 1406 depulsis,
343 1362 473 1406 praeda
494 1362 577 1408 ipsis
601 1368 735 1397 extorta
766 1364 944 1399 seditiosos
967 1370 1182 1407 auctoraret,
1214 1378 1355 1411 quorum
1378 1366 1443 1400 sibi
1465 1366 1516 1400 sic
1539 1367 1603 1400 ob-

140 1406 316 1441 noxiorum
337 1407 409 1441 fida
431 1419 537 1453 opera
558 1413 714 1442 uteretur
737 1410 779 1443 ad
804 1410 1040 1452 rebellionem,
1073 1422 1174 1456 quam
1207 1412 1398 1454 moliretur,
1433 1412 1469 1446 in
1492 1412 1602 1457 impe-

138 1455 288 1487 ratorem
310 1454 551 1497 exequendam.
597 1455 640 1488 ad
662 1456 727 1489 hoc
748 1455 849 1501 plane
871 1456 1075 1500 pertinuisse
1105 1456 1196 1491 illam
1220 1457 1405 1492 affectatae
1426 1458 1602 1503 populari-

140 1497 223 1532 tatis
258 1498 424 1544 speciem,
459 1499 538 1533 illas
567 1511 609 1533 ex
640 1501 751 1535 alieno
784 1501 1002 1547 largitiones,
1033 1502 1110 1536 illas
1142 1503 1324 1538 effusiones
1347 1504 1380 1537 in
1404 1503 1600 1538 vilissimum

138 1555 307 1598 quemque
327 1545 491 1590 pecuniae
512 1544 645 1580 iniuriis
668 1547 854 1591 conflatae,
890 1548 1018 1593 rapinis
1044 1552 1199 1583 extortae
1214 1575 1224 1592 ‚
1257 1555 1297 1584 ut
1318 1549 1512 1584 melioribus
1538 1549 1601 1583 de-

138 1589 298 1632 bilitatis,
333 1591 487 1636 pessimis
511 1592 668 1634 armatis,
698 1593 841 1628 haberet
871 1593 1053 1639 perduellis
1077 1594 1119 1628 ad
1142 1606 1275 1629 manum
1298 1607 1440 1641 quorum
1461 1595 1600 1629 lacertis

139 1646 182 1670 ac
213 1637 425 1671 mucronibus
455 1638 642 1682 Augustum
674 1646 908 1685 oppugnaret,
942 1643 1115 1684 Augusto,
1150 1641 1209 1686 qui
1231 1641 1341 1687 ipsum
1364 1641 1598 1682 defenderent,

138 1681 311 1716 deessent.
354 1681 436 1717 inde
459 1683 543 1718 adeo
567 1692 660 1718 suam
683 1685 790 1727 hanc,
820 1698 920 1731 quam
942 1686 1151 1720 intentarent
1173 1687 1311 1730 rebelli,
1334 1687 1423 1721 haud
1448 1698 1523 1721 esse
1545 1687 1599 1720 in·

138 1726 263 1762 iustam
294 1727 371 1763 vim.
417 1729 474 1774 pia
505 1734 689 1776 sanctaque
710 1731 747 1765 in
770 1732 897 1766 hostem
928 1732 1063 1777 patriae
1095 1744 1171 1767 sese
1203 1745 1298 1767 arma
1329 1733 1500 1775 induisse;
1533 1743 1598 1766 nec

138 1772 208 1807 iam
230 1773 380 1818 privatas
412 1775 517 1808 ultum
541 1775 591 1809 ire
614 1778 849 1821 contumelias,
882 1789 968 1823 quas
991 1778 1060 1812 sint
1081 1779 1125 1812 ab
1148 1778 1223 1823 ipso
1247 1778 1422 1823 perpessi,
1456 1778 1517 1811 sed
1539 1783 1597 1821 ty-

137 1829 278 1853 rannum
300 1821 522 1854 execrabilem
544 1821 635 1856 iusto
657 1823 744 1857 bello
766 1824 934 1869 persequi.
980 1823 1064 1858 talia
1084 1824 1264 1858 seditiosos
1287 1824 1514 1857 vociferantes
1534 1824 1599 1856 de-

139 1868 298 1908 spectans
319 1877 340 1899 e
363 1866 499 1900 summis
520 1868 607 1901 muri
634 1868 746 1914 pinnis
766 1870 1009 1911 Tarchaniota,
1032 1881 1114 1904 suae
1137 1869 1364 1903 defensionem
1386 1868 1597 1903 innocentiae

140 1920 216 1942 cum
234 1910 382 1955 ipsorum
413 1913 629 1947 accusatione
657 1915 856 1949 insolentiae
890 1916 1098 1949 coniunctam
1121 1927 1164 1948 ex
1186 1920 1261 1948 tuto
1284 1914 1433 1948 disertus
1455 1925 1598 1959 perora-

139 1953 221 1995 bat,
250 1955 351 1989 etiam
372 1957 461 1991 ultro
485 1957 806 2004 Philadelpbiensem
834 1962 1030 2006 increpans,
1062 1960 1151 2005 quod
1184 1972 1259 1994 eum
1282 1971 1349 1993 non
1373 1959 1518 2004 puderet
1539 1971 1598 1993 sa-

140 2005 318 2034 crosancta
346 2001 507 2046 insignem
537 2004 702 2048 dignitate
734 2007 958 2049 sanguinariis
989 2018 1027 2040 se
1058 2005 1245 2039 latronibus
1276 2005 1395 2039 ducem
1418 2005 1461 2039 ad
1484 2005 1596 2039 scelus

139 2046 244 2080 ferre.
290 2048 315 2065 “
325 2046 487 2087 omittite,
511 2048 594 2082 heus
614 2051 726 2092 vos‚”
762 2051 954 2096 inquiebat,
989 2051 1054 2085 “si
1076 2050 1151 2095 quis
1172 2051 1282 2096 pudor
1304 2055 1380 2095 est,
1399 2051 1594 2085 mendacem

137 2089 354 2126 iactationem
385 2097 523 2126 vestrae
555 2094 590 2127 in
618 2096 805 2139 Augustum
834 2097 937 2140 fidei,
971 2097 1029 2141 qui
1061 2107 1126 2129 non
1158 2096 1269 2131 studio
1298 2108 1383 2141 erga
1403 2096 1594 2143 principem

137 2137 291 2178 sincero,
326 2137 387 2171 sed
418 2137 498 2171 odio
529 2139 691 2174 adversus
721 2141 918 2176 fidissimum
948 2141 1012 2187 ipsi
1042 2141 1247 2184 ministrum,
1279 2142 1397 2176 ducem
1429 2147 1594 2184 vestrum,

138 2194 242 2218 saevo
274 2183 471 2228 nefarioque
504 2185 722 2220 concitamini.
767 2187 960 2221 rebellionis
983 2198 1082 2231 quam
1104 2186 1232 2232 fingitis
1254 2199 1298 2222 ne
1316 2189 1437 2223 umbra
1457 2188 1592 2234 quidem

138 2232 199 2263 aut
221 2228 332 2273 prima
353 2228 511 2273 cogitatio
535 2232 771 2266 conscientiam
794 2232 973 2267 maculavit
995 2243 1112 2267 meam.
1157 2233 1256 2268 fidem
1279 2234 1474 2278 imperatori
1490 2245 1591 2268 servo

137 2274 303 2318 integram
337 2286 425 2309 nunc
455 2276 619 2319 maxime3
651 2277 686 2311 in
722 2278 818 2312 cuius
848 2277 1042 2323 obsequium
1073 2278 1197 2312 affectu
1228 2280 1443 2314 devotissimo
1465 2279 1591 2314 nemini

139 2320 298 2355 concedo.
345 2326 381 2354 te
395 2321 532 2364 vero,’'
555 2323 780 2370 Theoleptum
802 2324 953 2365 intuens,
977 2326 1175 2369 “nunquam
1197 2325 1366 2371 episcopi,
1389 2325 1479 2371 quod
1502 2325 1589 2360 falso

138 2365 249 2409 geris,
282 2366 488 2412 compellabo
520 2369 672 2412 nomine,
708 2374 767 2404 aut
789 2369 905 2403 debita
926 2369 984 2403 isti
1006 2370 1127 2413 gradui
1146 2372 1365 2405 veneratione
1387 2382 1587 2417 prosequar.

137 2411 205 2445 ista
234 2411 357 2446 dudum
392 2415 590 2450 commercia
619 2415 709 2449 inter
738 2427 799 2450 nos
833 2415 971 2460 abrupit
1004 2420 1103 2449 vetus
1134 2415 1179 2450 de
1207 2417 1370 2462 religione
1400 2417 1591 2451 discidium.

138 2457 263 2491 dudum
288 2462 342 2492 est
364 2470 437 2493 cum
461 2466 498 2494 tn
520 2473 573 2495 me
595 2461 862 2504 schismaticum,
887 2473 950 2506 ego
973 2462 1010 2494 te
1032 2462 1207 2506 profanum
1230 2474 1364 2498 censeo.
1408 2463 1494 2497 haec
1508 2467 1590 2496 tuae

138 2513 160 2536 a
193 2514 268 2546 me,
298 2515 399 2550 quam
429 2505 511 2540 nihil
544 2518 680 2549 moror,
713 2507 900 2542 aversionis
934 2518 1017 2540 vera
1049 2518 1152 2541 eausa
1184 2514 1257 2551 est,
1288 2520 1352 2543 nec
1373 2508 1451 2554 ipsa
1471 2508 1591 2552 ignota

137 2548 307 2594 principi,
338 2550 433 2585 cuius
469 2558 506 2586 te
539 2553 611 2587 zelo
644 2553 819 2597 dignitatis
850 2558 886 2587 et
915 2552 1094 2587 formidine
1115 2553 1254 2598 periculi
1275 2555 1405 2589 moveri
1426 2552 1590 2588 mentiris.

138 2593 220 2628 tolle
253 2595 390 2630 fraudes
403 2622 412 2636 ,
448 2609 568 2633 amove
596 2599 828 2634 confictionem
861 2597 1032 2633 vanissimi
1064 2597 1231 2634 criminis:
1263 2601 1374 2636 fatere
1404 2603 1441 2633 te
1471 2601 1590 2632 contra

138 2639 287 2673 officium
318 2641 571 2679 ecclesiasticae
600 2646 773 2688 lenitatis,
804 2645 974 2679 sitientem
999 2643 1068 2678 mei
1088 2645 1283 2689 sanguinis,
1316 2646 1360 2680 ab
1382 2643 1592 2689 iniquissima

136 2683 335 2731 minimeque
365 2688 537 2724 verisimili
566 2702 623 2725 sus
648 2691 757 2726 icione
787 2695 867 2725 tuae
897 2689 1032 2725 immani
1061 2690 1254 2727 crudelitati
1284 2693 1456 2726 obtentum
1480 2700 1591 2734 quae-

138 2739 240 2770 rere,
265 2731 397 2768 interim
420 2734 518 2779 dum,
550 2748 616 2781 quo
662 2740 847 2771 monstrum
871 2735 910 2770 in
931 2734 1109 2770 sacerdote
1132 2736 1199 2779 sit,
1230 2737 1376 2772 cruentis
1398 2741 1436 2769 te
1457 2733 1592 2769 sicariis

139 2773 348 2822 mum,
381 2784 542 2826 quantum
572 2787 691 2828 potes,
720 2781 917 2828 cooperaris
946 2781 991 2816 ad
1020 2782 1157 2818 caedem
1178 2783 1344 2825 bominis,
1374 2792 1481 2827 purae
1503 2779 1593 2815 omni
