1820 3112
401 162 483 225 'DE
517 161 847 204 ANDROMCO
888 159 1262 204 PALAEOLOGO
1299 159 1422 203 L.11.
1562 159 1654 205 117

190 277 378 327 λογοῦσιν
402 271 601 328 ἀληθείας
623 273 750 317 ἕνεκα.
820 272 866 315 ἰὂ
884 277 981 328 γοῦν
1000 270 1110 315 οὕτω
1126 273 1199 316 τὸν
1215 269 1342 327 τόμον
1359 275 1655 315 ,catenatio-9122

190 341 264 385 οὒκ
289 341 468 396 ξ’γνωσαν
493 343 598 383 δεῖν’
633 341 679 383 τὸ
731 340 742 356 ‘
767 338 827 383 ὅτι
846 340 893 382 τὸ
918 341 1144 394 προβολεῦς
1165 341 1320 394 ὄνομα,
1359 339 1381 383 ὓ
1404 338 1649 396 ἰδιοτρόπως
1671 350 1702 385 C

190 409 303 466 παρὰ
331 414 411 452 τῶν
441 409 628 460 πατέριον
650 410 712 451 ἐπὶ
732 412 806 451 τοῦ
827 410 960 451 αι’τιόυ
980 413 1052 451 τοῦ
1075 407 1304 462 πνεῦματος
1330 407 1653 465 παραλαμβάνε-

190 495 258 520 ται
286 475 422 532 ὥσπερ
445 481 510 519 καὶ
535 477 581 519 τὸ
603 475 803 532 γεννήτωρ
825 477 887 518 ἐπὶ
909 481 981 518 τοῦ
1001 478 1132 518 αἲτιόυ
1154 481 1228 519 τοῦ
1244 481 1490 531 μονογενοῦς
1509 475 1647 534 λόγου,

157 558 178 593 5
193 545 316 596 αὐτὸς
347 543 609 600 ὃμωνυμίσας
639 546 703 586 ἐπὶ
731 550 805 598 τῆς
839 542 979 594 ἅπλῶς
1001 543 1234 600 ἓκφάνσεως
1252 542 1462 598 ἓξελάβετο
1485 547 1551 587 καὶ
1575 544 1651 588 οὗκ

190 616 253 657 ἐπὶ
286 618 360 668 τῆς
392 615 524 662 αἰτίας
554 617 628 655 τοῦ
657 610 885 666 πνεύματος
913 617 1136 667 καθαρῶς,
1173 612 1221 668 ἣν
1241 615 1306 655 καὶ
1327 611 1504 670 πρόοδον
1526 614 1652 669 λε’γων

187 682 263 737 τὴν
283 682 386 732 λέξιν
404 682 611 737 ἀπέφασκε
623 714 635 732 ,
671 680 790 723 τοῦτ’
817 680 891 722 οὐκ
911 681 1059 737 ἠφιόυν
1079 681 1368 724 ἀκαταιτίατον
1379 715 1391 733 ,
1428 683 1495 724 καὶ
1512 699 1650 736 παρα-

187 751 338 803 βασίας
358 751 503 792 ἐκεῖνον
524 750 714 792 ἐντεῦθεν
732 746 946 804 δογμάτων
964 747 1203 806 ἐγράφοντο.
1247 749 1295 792 τὸ
1313 750 1387 803 μὲν
1410 745 1482 792 οἶν
1502 747 1577 792 ὑπ’
1599 749 1646 792 ὄ-
1669 755 1702 790 D

188 816 314 861 δόντα
336 818 448 872 παρὰ
469 815 625 860 τούτοιν
646 819 710 859 καὶ
732 818 788 859 ἔτι
808 819 967 873 ἒᾳεΐρπε
982 851 993 869 ,
1029 818 1076 860 τὰ
1104 819 1149 860 δὲ
1178 819 1245 860 καὶ
1269 817 1506 875 ἀναφανδὸν
1528 817 1652 874 λέγειν

136 886 292 943 Ῑοπρός
318 883 474 936 πάντας
500 886 542 928 αἲ
576 886 638 927 ἐπὶ
669 890 727 943 τῷ
754 883 868 943 τόμῳ
897 885 1134 942 ὑπογραφαὶ
1162 890 1279 942 σφῶν
1310 886 1383 930 οὐκ
1414 886 1647 942 ἐπέτρεπον.

188 953 352 1008 ἐζήτουν
379 950 451 997 οἶνν
471 953 647 1007 εὐπρεπῆ
667 958 921 1007 καταστῆσαι
940 955 1013 1007 τὴν
1033 955 1302 1011 κατηγορίαν,
1342 956 1408 997 καὶ
1430 957 1558 1005 δεῖξαι
1578 954 1651 998 τόν

187 1023 344 1065 Βέκκον
365 1022 527 1065 Νέσσον
550 1022 674 1064 ἄλλον
693 1021 895 1078 ἄντικρυς,
932 1022 976 1072 ὃς
997 1022 1048 1076 δὴ
1070 1024 1134 1064 καὶ
1153 1023 1256 1076 μετὰ
1278 1020 1464 1065 θάνατον
1484 1022 1557 1065 τὸν
1575 1022 1650 1077 μέ-

186 1108 323 1147 γιστον
355 1088 559 1146 Ἠρακλέα
594 1093 912 1145 κατηγωνίσατο.
982 1092 1048 1132 καὶ
1079 1092 1182 1145 ταχὺ
1205 1091 1404 1146 παρέσχεν
1422 1092 1556 1133 atriano
1575 1090 1650 1134 οὐκ

188 1157 280 1202 οἶδα
306 1158 383 1201 εἴτε
411 1158 451 1214 γ’
475 1157 501 1212 ἦ
533 1156 634 1213 τύχη
660 1158 736 1201 εἴτε
757 1159 838 1213 μὴν
856 1158 903 1201 τὸ
923 1156 1132 1213 δαιμόνιον
1150 1157 1321 1214 μήνιμα.
1394 1158 1480 1218 (4)
1514 1177 1647 1213 μονα-
1670 1167 1698 1201 Ρ
1720 1169 1766 1202 79

134 1237 176 1273 15
183 1227 257 1282 χός
283 1226 362 1283 γάρ
391 1243 452 1276 τις
478 1225 658 1282 Μάρκος
678 1226 859 1281 τοῦνομα
871 1260 883 1279 ,
923 1228 966 1268 ἐκ
986 1227 1124 1282 γε’νους
1150 1227 1345 1282 ἕξωτὲρου
1360 1226 1570 1281 Ῥωμαίων
1590 1226 1648 1271 ὢν

187 1297 254 1338 καὶ
284 1295 386 1350 πρὸς
412 1293 531 1350 λόγον
558 1293 917 1351 φιλοτιμούμενος,
959 1294 1184 1349 συνήθειαν
1214 1296 1315 1350 ἔχων
1342 1297 1385 1338 ἐκ
1417 1300 1492 1338 τοῦ
1519 1293 1648 1338 πάλαι

186 1363 288 1421 πρὸς
306 1361 559 1419 πατριάρχην
578 1368 724 1420 φοιτᾶν
745 1364 857 1423 αὐτῷ
879 1366 947 1406 καὶ
967 1362 1258 1418 διδάσκεσθαι,
1294 1362 1388 1408 τότε
1405 1361 1529 1416 δόξαν
1547 1365 1649 1407 ἐκεί-

276 1472 311 1507 2.
334 1466 355 1508 ὃ
377 1470 509 1506 deerat.

187 1562 270 1604 tatis
299 1565 567 1609 oppugnassent,
596 1563 654 1598 ubi
683 1563 828 1599 vicissim
859 1565 1103 1610 redigebantur
1125 1564 1171 1600 ad
1193 1565 1430 1600 necessitatem
1453 1564 1647 1611 explicandi

185 1609 270 1654 quid
291 1609 334 1643 de
358 1610 516 1653 mysterio
538 1609 656 1644 eodem
679 1610 744 1656 ipsi
767 1611 952 1653 sentirent,
983 1611 1154 1646 declinare
1184 1623 1250 1646 non
1278 1618 1438 1657 poterant
1460 1612 1540 1657 quin
1566 1622 1648 1645 ver-

186 1655 242 1689 bis
267 1654 429 1689 similibus
451 1660 487 1689 et
510 1656 648 1689 eandem
671 1657 873 1691 sententiam
905 1657 1168 1702 exprimentibus
1191 1662 1391 1701 uterentur,
1422 1658 1473 1692 ita
1497 1662 1535 1691 ut
1557 1657 1647 1691 unde

185 1701 275 1746 ipsos
297 1701 459 1745 arguendi
481 1702 619 1746 prurigo
641 1703 853 1745 retraxisset,
878 1704 995 1737 eodem
1017 1703 1145 1737 veritas
1168 1704 1408 1748 compingeret.
1455 1703 1556 1737 aliam
1578 1702 1647 1746 igi-

185 1751 244 1780 tur
276 1745 362 1780 inire
394 1747 484 1780 viam
517 1748 745 1782 decreverunt
782 1749 1000 1794 impugnandi
1036 1748 1137 1790 tomi,
1173 1750 1348 1795 culpantes
1374 1749 1533 1782 videlicet
1555 1747 1647 1793 quod

186 1803 261 1826 cum
282 1803 350 1826 vox
371 1790 573 1837 προβολεύς
596 1795 779 1838 productor
811 1795 950 1839 proprie
982 1798 1202 1840 usurparetur
1225 1807 1246 1828 a
1269 1794 1425 1840 patribus
1447 1794 1490 1828 ad
1514 1793 1647 1836 signifi-

186 1837 327 1871 candum
349 1838 549 1883 principium
574 1840 720 1873 activum
753 1840 871 1873 Sancti
896 1840 1067 1885 Spiritus,
1100 1840 1190 1874 sicut
1211 1853 1278 1874 vox
1302 1840 1434 1884 genitor
1457 1840 1500 1872 ab
1524 1838 1645 1871 iisdem

186 1883 362 1917 adhibetur
384 1885 427 1917 ad
451 1884 693 1928 designandum
715 1886 913 1931 principium
937 1887 1083 1920 activum
1107 1886 1271 1929 unigeniti
1294 1885 1403 1925 verbi,
1428 1889 1540 1917 tamen
1557 1883 1646 1917 scri-

185 1933 266 1972 ptor
299 1929 380 1962 torni
409 1930 506 1964 vocis
536 1932 736 1976 προβολεύς
768 1931 995 1975 significatum
1018 1931 1191 1964 retulisset
1213 1930 1256 1964 ad
1281 1929 1465 1974 simplicem
1488 1929 1645 1973 exsplen-

185 1973 412 2016 descenthm,
449 1987 515 2008 non
544 1982 655 2010 autem
678 1977 721 2010 ad
743 1978 984 2010 emanationem
1017 1976 1167 2022 Spiritus
1190 1976 1309 2009 Sancti
1331 1988 1351 2009 e
1372 1986 1455 2008 vero
1477 1973 1644 2019 principio

184 2018 310 2053 activo.
355 2031 454 2064 quam
486 2022 728 2055 emanationem
760 2022 925 2055 vocabulo
956 2022 1183 2066 processionis
1206 2021 1413 2064 exprimens,
1443 2025 1480 2053 et
1501 2030 1645 2065 proces-

185 2064 310 2098 sionem
334 2065 378 2098 ab
402 2066 709 2110 exsplendescentia
733 2067 960 2111 distinguens,
984 2068 1073 2100 haud
1097 2066 1199 2099 dubie
1222 2066 1386 2100 adimeret
1408 2065 1483 2099 voci
1506 2066 1644 2111 προβο-

186 2108 269 2150 2⁵25,-
291 2110 473 2155 productor
495 2111 663 2145 notionem
687 2112 752 2156 ipsi
776 2113 939 2146 tributam
963 2124 984 2146 a
1007 2113 1179 2156 patribus,
1203 2111 1423 2146 emanationis
1446 2117 1485 2144 ut
1509 2123 1528 2146 e
1550 2111 1643 2156 prin-

185 2155 271 2201 cipio
296 2156 416 2190 activo.
444 2157 533 2201 quod
557 2157 638 2190 nihil
661 2159 767 2190 minus
789 2169 866 2191 esse
889 2158 1136 2191 contendebant
1158 2168 1259 2201 quam
1282 2157 1502 2191 defectionem
1527 2168 1548 2190 a
1570 2157 1642 2190 fide

185 2201 373 2235 catholicae
387 2202 584 2243 doctrinae3
608 2205 643 2236 et
665 2203 708 2236 ob
733 2203 797 2236 hoc
820 2204 928 2236 dicam
953 2203 1143 2248 apostasiae
1167 2202 1248 2236 tomi
1264 2203 1395 2237 auctori
1412 2202 1486 2237 iure
1501 2201 1642 2247 impingi

186 2248 379 2281 censebant.
426 2247 510 2281 haec
543 2259 658 2281 eorum
682 2249 744 2281 sub
768 2247 868 2281 dente
891 2253 972 2281 tunc
995 2247 1238 2281 mussitantium
1261 2260 1388 2283 arcana
1419 2246 1640 2282 murmuratio

184 2292 378 2337 aliquandiu
402 2293 486 2326 clam
510 2305 650 2339 serpens
682 2293 808 2326 timidis
831 2294 1006 2326 dumtaxat
1027 2299 1183 2337 grassata
1205 2294 1353 2328 susurris
1376 2299 1450 2328 est:
1482 2305 1558 2328 uam
1582 2304 1642 2326 ac-

185 2338 391 2371 cusationem
414 2339 563 2373 mendosi
588 2338 709 2383 scripti
731 2339 902 2382 suscipere
929 2338 1093 2383 publicam
1117 2339 1318 2383 prohibebat
1339 2339 1542 2374 verecundia
1566 2350 1641 2372 ma-

185 2394 325 2428 gnorum
360 2384 526 2418 nominum
559 2391 649 2418 tomo
672 2385 705 2417 in
730 2383 955 2418 testimonium
979 2385 1234 2429 approbationis
1256 2385 1532 2429 subscriptorum.
1576 2395 1640 2418 ex-

186 2428 368 2473 quirebant
399 2442 481 2473 ergo
514 2441 627 2463 secum
659 2430 790 2463 modum
827 2435 862 2463 et
895 2430 1179 2474 opportunitatem
1211 2431 1408 2475 indagatum
1438 2431 1534 2471 ibant
1564 2434 1639 2463 tuto

185 2474 477 2520 plausibiliterque
507 2476 712 2520 defungendi
744 2475 914 2509 delatione
943 2480 996 2509 tot
1027 2475 1144 2509 muniti
1167 2477 1427 2511 auctoritatibus
1448 2475 1549 2516 tomi,
1581 2475 1643 2508 de-

185 2520 457 2566 monstrandique
490 2522 656 2564 Veccum,
694 2521 833 2555 similem
866 2521 954 2554 illius
985 2532 1005 2554 e
1038 2521 1160 2556 fabulis
1191 2522 1316 2564 Nessi,
1345 2533 1444 2568 quem
1474 2523 1588 2555 serunt
1620 2530 1643 2553 a

185 2570 294 2598 morte
316 2577 378 2599 sua
401 2578 554 2611 magnum
579 2567 756 2601 Herculem
781 2567 923 2607 vicisse,
956 2565 1030 2610 ipsa
1063 2566 1116 2600 sui
1148 2567 1361 2602 damnatione
1383 2578 1518 2601 causam
1542 2564 1642 2599 exitii

188 2620 248 2643 suo
278 2610 380 2645 iudici
414 2623 454 2645 ac
484 2613 615 2647 censori
647 2613 812 2647 attulisse.
859 2624 921 2645 nec
955 2612 1011 2645 diu
1043 2612 1152 2646 abfuit
1173 2614 1252 2658 quin
1275 2613 1482 2647 occasionem
1505 2611 1588 2656 ipsis
1606 2609 1641 2643 id

189 2655 311 2698 agendi
345 2658 640 2693 commodissimam
673 2670 733 2692 seu
760 2669 859 2692 casus
883 2669 942 2691 seu
966 2657 1078 2692 divina
1101 2663 1299 2703 suggereret
1324 2659 1420 2692 ultio.
1467 2657 1544 2700 (4)
1568 2667 1642 2690 mo-

190 2701 314 2735 nachus
341 2704 427 2737 enim
450 2704 606 2748 quidam,
638 2704 776 2738 Marcus
798 2703 949 2744 nomine,
979 2703 1069 2737 haud
1091 2715 1216 2748 genere
1239 2706 1428 2746 Romanus,
1460 2704 1558 2736 bomo
1580 2701 1643 2734 do-

191 2745 373 2780 ctrinarum
397 2749 520 2783 studiis
543 2750 696 2791 deditus,
720 2749 990 2783 consuetudinem
1014 2761 1056 2782 ex
1079 2749 1177 2794 longe
1200 2751 1326 2784 habens
1347 2750 1392 2784 ad
1415 2746 1644 2793 patriarcham

191 2791 379 2827 veutitandi
409 2793 521 2830 danda
551 2795 618 2842 ipsi
647 2795 782 2830 docenti
813 2806 937 2840 opera,
973 2794 1066 2830 circa
1088 2796 1151 2830 boc
1172 2801 1326 2842 tempus,
1359 2794 1472 2829 nescio
1495 2804 1562 2839 quo
1585 2796 1645 2827 aut
