1858 3126
295 172 395 223 676
689 171 995 216 OBSERVAT.
1021 170 1331 216 PAGHYMER.

295 314 356 348 w,
385 295 451 337 καὶ
473 294 509 336 εἰ
522 291 697 346 ’ὅρίσεις,”
715 291 1114 344 καταλειφθείτωσαν.
1170 291 1269 330 haec
1287 290 1362 329 hoc
1382 292 1467 330 coco
1484 293 1739 344 praegestari

297 353 404 392 nihil
423 353 564 389 attinet
578 365 591 399 ,·
627 364 774 402 quare,
804 351 842 386 εἰ
866 351 942 388 tibi
967 349 1142 400 videtur,
1171 349 1462 400 relinquantur,
1515 354 1651 386 contra
1679 354 1738 384 ta-

298 422 387 447 men
407 407 592 446 tendente
610 406 845 458 patriarcha,
874 406 1059 444 convenit
1075 405 1125 443 ad
1145 410 1363 442 extremum
1383 402 1503 441 solius
1527 402 1739 442 dibambuli

298 463 576 516 praelationem
606 462 746 500 omitti.
803 459 910 514 ὅμως
945 458 1078 514 ἀφῆκε
1107 456 1150 501 τὸ
1179 455 1460 512 διβᾶμβουλον.
1517 458 1741 496 candelabri

296 520 407 560 bifidi
426 519 692 571 praegestatio‚
720 523 918 569 tamquam
937 519 984 556 ab
1004 531 1078 556 usu
1099 518 1138 555 in
1156 517 1265 554 ltalia
1283 521 1441 566 recepto
1464 514 1579 552 nimis
1603 513 1742 562 aliena,

296 577 362 616 vel
388 576 504 614 aliam
528 574 743 626 quamlibet
767 575 816 612 ob
849 588 1025 623 causam,
1054 574 1160 612 ultro
1188 587 1208 610 a
1236 570 1460 623 patriarcha
1479 569 1642 608 remissa
1661 574 1743 608 est:

299 631 532 670 dibambulo
552 631 656 668 domi
678 630 830 670 relicto.
882 630 1061 682 potuitne
1080 629 1222 667 clarius
1241 627 1390 665 adstrui
1409 642 1429 664 a
1449 639 1510 664 me
1530 625 1639 678 prius
1657 630 1743 673 tra-5

297 689 384 727 dita
404 681 674 739 διβαμβούλου
693 686 801 724 notio
811 686 831 723 ’ἶ
862 692 991 724 tamen
1010 686 1087 723 hoc
1106 683 1201 722 mihi
1217 681 1646 735 Syropuli'sufl'ragium
1666 679 1744 718 eri-

297 757 391 797 pere
410 744 605 794 Creygton
624 742 818 793 interpres
838 748 1022 780 conatur:
1053 755 1131 792 quo
1156 753 1361 788 successu,
1390 737 1604 776 videndum
1625 736 1744 786 modo

297 805 429 840 restat.
484 799 552 835 ille
581 798 705 849 priori
726 811 775 834 ex
797 797 977 836 indicatis
1002 799 1124 846 locis,
1157 810 1188 833 c.
1213 799 1264 836 17
1294 801 1389 834 sect.
1409 797 1434 836 3
1459 808 1501 846 p.
1522 796 1594 841 62,
1624 792 1745 830 verba

300 855 370 894 illa
387 852 434 894 τοὶ
452 852 493 894 δὲ
520 854 612 903 (hoc
634 860 692 892 est
709 854 796 906 τρία
818 855 985 905 ρεπίόια)
1006 854 1062 901 εἷς
1087 848 1357 904 διβᾶμβουλον
1378 844 1745 902 μετεσκευᾶσθησαν

299 912 357 950 sic
386 910 528 949 vertiti
565 908 636 947 sed
660 910 734 946 lzae
764 938 773 947 .
806 937 814 948 .
845 938 856 950 .
887 918 964 947 tres
986 908 1154 960 pyxide-s·
1183 910 1226 945 in
1256 921 1401 956 unam,
1429 904 1500 943 sed
1524 902 1686 942 eandem
1710 910 1746 940 et

296 969 498 1020 geminam
525 966 752 1017 ampullam
775 964 972 1016 prodiere.
1026 965 1128 1003 idem
1157 978 1275 1016 porro
1297 964 1339 1001 in
1359 963 1464 1000 notis
1485 961 1535 1000 ad
1560 973 1650 1000 eum
1675 959 1748 1013 101-

298 1037 391 1061 cum
410 1022 545 1060 docet:
590 1021 864 1072 dibambrlum
886 1035 966 1059 esse
988 1035 1009 1058 a
1027 1021 1162 1058 Latina
1181 1033 1278 1058 voce
1295 1018 1500 1070 ampulla,
1528 1026 1746 1066 sonareque

298 1078 525 1130 ampullam
546 1077 786 1129 bigutturem
804 1080 961 1130 gemino
982 1091 1046 1114 ore
1067 1091 1134 1114 seu
1153 1077 1355 1126 epistomio
1380 1087 1543 1125 superne
1558 1073 1747 1110 hiantem.

298 1135 490 1174 debuerat
513 1139 642 1172 autem
665 1134 807 1172 addere
829 1148 944 1184 quem
970 1146 1085 1171 usum
1109 1133 1188 1169 tale
1210 1145 1279 1169 vas
1304 1129 1505 1179 habuerit,
1534 1134 1602 1167 aut
1629 1140 1746 1178 quam

301 1191 351 1229 ob
372 1201 527 1228 causam
555 1189 661 1227 ituro
685 1189 727 1226 in
747 1190 895 1227 ltaliam
917 1186 1137 1241 patriarcha
1159 1188 1464 1225 instrumentum
1485 1184 1566 1222 eius
1594 1183 1744 1231 formae

300 1253 378 1284 tam
399 1246 551 1283 solicite
570 1251 750 1297 paratum
769 1246 906 1294 suerit,
936 1245 1063 1284 tribus
1087 1244 1204 1282 etiam
1223 1243 1342 1281 sacris
1364 1255 1414 1279 ex
1438 1241 1554 1278 altari
1577 1239 1683 1278 vasis
1702 1237 1746 1276 in

299 1302 343 1340 id
377 1301 557 1339 conflatis
577 1315 586 1338 :
635 1307 843 1339 contentus
882 1301 1024 1339 erroris
1067 1299 1252 1338 damnare
1288 1299 1512 1336 Gretserum
1546 1295 1743 1350 Iesuitam,

300 1357 408 1409 quod
437 1357 507 1397 lib.
528 1358 741 1395 Comment.
769 1358 811 1395 in
837 1357 974 1395 Codin.
999 1359 1026 1399 3
1053 1369 1088 1395 c.
1111 1358 1129 1396 1
1170 1369 1212 1407 p.
1231 1357 1312 1396 217
1353 1351 1627 1402 dibambylum
1654 1351 1751 1402 cum?

301 1412 489 1464 lampade
512 1412 735 1463 confundit.
792 1413 834 1451 id
855 1427 948 1451 vero
969 1413 1151 1450 Gretsero
1177 1412 1274 1449 salso
1294 1409 1529 1462 imponitur.
1581 1407 1616 1445 is
1641 1405 1747 1445 enim

302 1470 354 1506 ibi
378 1475 529 1506 tantum
557 1469 655 1506 dicit
678 1469 753 1506 sibi
776 1469 870 1507 alias
899 1483 979 1507 non
1000 1467 1245 1519 displicuisse
1265 1466 1535 1517 διβοὶμβουλον
1561 1461 1641 1500 dici
1671 1460 1746 1500 au-

301 1538 409 1560 reum
428 1531 589 1561 contum
609 1526 677 1561 cui
695 1525 852 1576 lampas·
871 1524 1161 1576 imponebatur,
1189 1522 1261 1559 sed
1275 1536 1315 1558 se
1333 1523 1376 1559 in
1394 1515 1483 1558 alia
1501 1525 1625 1556 mente
1641 1530 1747 1560 nunc

300 1593 390 1616 esse.
449 1581 517 1630 qui
551 1580 623 1617 etsi
660 1594 737 1617 non
767 1586 952 1618 mutasset
981 1579 1233 1627 sententiam,
1272 1577 1350 1614 dici
1381 1590 1462 1614 non
1492 1579 1624 1626 posset
1655 1585 1747 1611 eum

300 1633 532 1684 muscidi-sse
556 1634 829 1685 dibamlrylum
852 1650 942 1673 cum
972 1633 1171 1685 lampade.
1227 1632 1330 1669 aliud
1353 1632 1456 1670 enim
1484 1635 1542 1668 est
1559 1629 1745 1679 ‘lampa-5,

302 1690 411 1728 aliud
431 1698 570 1727 contus*
584 1697 749 1741 ges-tans·
769 1690 1004 1742 lampadem⁶
1062 1688 1199 1740 quodsi
1227 1694 1366 1725 contus
1392 1685 1633 1736 intelligatur
1652 1683 1746 1721 bifi-

301 1747 376 1788 dus
397 1746 496 1784 duos
518 1746 628 1796 quasi
645 1759 774 1784 ramos
793 1747 1048 1798 protendens,
1070 1757 1239 1796 quorum
1259 1743 1423 1794 quisque
1441 1742 1483 1779 in
1501 1738 1748 1782 summota:-

301 1803 390 1839 beat
406 1802 582 1839 loculum
595 1802 803 1854 capiendae
816 1802 987 1854 lampadi
1007 1808 1155 1853 aptum,
1166 1813 1294 1837 veram
1307 1793 1574 1851 διβαμβούλου
1582 1800 1748 1847 expres-

304 1858 418 1896 sisset
435 1858 640 1896 Gretserus
657 1859 843 1907 formam3
875 1865 913 1896 et
932 1858 966 1896 si
981 1858 1134 1895 audiret
1150 1869 1263 1893 suum
1280 1854 1522 1906 Syropulum
1538 1853 1748 1903 Creygton,

303 1914 407 1950 idem
428 1913 510 1964 ipse
532 1915 673 1952 sentire
701 1914 900 1954 debuerat.
954 1914 1012 1951 sic
1034 1913 1137 1950 enim
1157 1925 1237 1949 non
1259 1911 1455 1949 laboraret
1471 1910 1514 1946 in
1533 1907 1754 1956 divinando

305 1982 491 2019 quorsum
517 1969 550 2008 is
574 1968 852 2022 λαμπαδούχου
879 1970 1134 2007 instrumenti
1157 1965 1415 2018 lampadibus
1441 1962 1652 2017 gestandis
1681 1975 1749 2000 ae-

304 2023 546 2062 commodati
573 2027 811 2064 mentionem
836 2040 871 2065 v.
892 2027 945 2068 35
973 2025 1112 2073 faciat,
1141 2037 1290 2076 ponens
1314 2022 1358 2060 id
1386 2019 1622 2060 vocabulum
1646 2025 1748 2056 tam-

304 2093 421 2129 quam
454 2094 717 2132 synonymum
745 2077 1025 2134 διβαμβούλου.
1090 2086 1129 2118 at
1162 2079 1260 2117 nihil
1287 2077 1504 2117 mirabilius
1536 2081 1594 2113 est
1626 2086 1748 2125 quam

303 2135 413 2184 quod
431 2137 604 2174 omnium
623 2138 764 2176 horum
788 2139 932 2176 oblitus
952 2138 1144 2188 Creygton
1157 2166 1167 2184 ‚
1199 2135 1292 2172 dum
1321 2147 1356 2174 c.
1378 2133 1432 2175 24
1462 2137 1558 2170 sect.
1574 2130 1602 2172 4
1630 2143 1670 2181 P·
1690 2129 1748 2172 99

305 2190 449 2229 iterum
474 2191 557 2230 illic
585 2200 840 2232 memoratum
869 2209 890 2231 a
914 2208 982 2231 suo
1003 2192 1199 2244 Syropulo
1220 2187 1489 2242 διβάμβουλον
1510 2188 1750 2236 interpreta·.

304 2253 382 2294 tur,
414 2249 610 2285 aestivum
630 2251 878 2300 papilionem
901 2250 944 2287 id
972 2249 1154 2300 appellat.
1211 2253 1250 2284 et
1277 2246 1467 2283 Notarum
1497 2255 1538 2293 p.
1561 2242 1612 2282 18
1633 2235 1745 2276 hunc

304 2300 438 2338 locum
458 2302 670 2353 indigitans
699 2305 754 2342 sic
781 2306 938 2343 scribit:
964 2301 1234 2356 διβάμβουλον
1261 2303 1306 2338 in
1331 2301 1406 2337 lzoc
1428 2299 1512 2335 loco
1540 2295 1648 2332 omni
1667 2292 1747 2330 du-

304 2355 522 2406 bioprocul
538 2359 666 2396 velum
685 2362 889 2412 significat
907 2361 1131 2398 umbratile.
1148 2386 1160 2396 .
1179 2384 1191 2396 .
1209 2385 1221 2396 .
1240 2354 1349 2394 illud
1366 2355 1468 2391 enim
1486 2351 1615 2390 velum
1633 2347 1747 2398 dum,

307 2417 352 2448 ut
369 2412 550 2449 umbram
567 2423 724 2463 arceat,
755 2431 782 2452 a
801 2423 913 2454 conto
936 2417 1110 2466 longiori
1128 2426 1255 2464 supra
1283 2411 1431 2461 capitis
1442 2406 1662 2456 fastigium
1683 2418 1749 2445 ex·⁴

299 2466 500 2517 plicatur,
529 2470 740 2507 incurvum
773 2479 809 2508 et
839 2478 1081 2508 cameratum
1109 2470 1305 2518 fornicem
1332 2467 1615 2515 repraesentat,
1645 2458 1746 2497 dum

306 2535 444 2560 rursus
461 2521 520 2559 ad
542 2532 700 2561 contum
720 2525 938 2576 reducitur,
966 2532 1187 2563 vena-osam
1206 2520 1470 2572 lagunculam
1493 2524 1567 2554 aut
1585 2515 1747 2566 ampul-

309 2577 403 2617 lam.
456 2577 499 2616 in
518 2577 581 2616 his
601 2593 681 2617 non
705 2594 847 2631 quaero
875 2595 946 2619 cur
966 2581 1121 2617 dicatur
1137 2577 1327 2623 umbella,
1355 2574 1454 2619 sive,
1479 2579 1526 2610 ut
1545 2573 1744 2622 Creygton

306 2633 505 2684 loquitur,
534 2637 712 2672 aestivus·
728 2632 912 2686 papilio,
941 2634 1121 2672 umbram
1146 2647 1294 2681 arcere,
1324 2643 1414 2668 cum
1435 2629 1514 2666 soli
1528 2627 1662 2679 potius
1679 2638 1744 2664 ar-

165 2700 194 2733 P
217 2698 283 2734 475
308 2687 429 2726 oendo
459 2694 498 2727 et
523 2690 684 2729 umbrae
705 2691 904 2730 faciendae
932 2695 1198 2741 comparatum
1225 2685 1415 2725 eiusmodi
1437 2685 1743 2722 instrumentum

303 2745 370 2785 sit.
425 2744 526 2784 illud
550 2746 664 2784 etiam
690 2753 807 2797 atque
834 2748 947 2785 etiam
970 2746 1166 2796 explicare
1185 2744 1449 2794 Creygtonum
1468 2753 1518 2778 ne
1544 2743 1743 2790 gravetur,

303 2813 399 2851 rogo
406 2828 418 2850 ,
449 2815 527 2853 qua
547 2802 707 2842 tandem
731 2803 884 2843 ratione
910 2802 1112 2842 metallum
1140 2801 1267 2838 trium
1289 2796 1488 2850 pyxidum
1513 2793 1677 2834 conflari
1698 2792 1742 2830 iu
