1820 3112
167 152 266 199 230
588 147 827 193 GEORGII
855 147 1211 192 PACHYMERIS

167 266 216 310 τὸ
240 267 323 308 πᾶν
344 263 385 306 ἓν
405 262 568 312 ἐκείνοις
598 259 749 318 κράτος
782 258 1065 305 καταλύεσθαι
1093 260 1222 321 ᾤοντο
1234 295 1248 315 ,
1286 264 1354 306 καὶ
1383 262 1440 315 ὥς
1459 264 1633 323 ἀφαιρε-

168 333 313 383 θέντες
347 331 394 374 τὸ
425 335 500 386 τῆς
535 330 665 387 ἀρχῆς
692 331 814 374 πλέον
831 333 899 374 καὶ
915 333 1005 388 περὶ
1023 335 1098 373 τοῦ
1124 331 1362 386 λειπομένου
1383 331 1630 390 ἐφρόντιζον,

168 404 237 446 καὶ
255 398 364 455 δεινή
381 416 443 450 τις
461 398 695 457 κατειλήφει
717 397 919 457 κατήφεια
944 400 998 443 τὰ
1019 397 1240 455 ἀνάκτορα.
1311 402 1380 444 καὶ
1409 401 1462 457 δὴ
1481 403 1634 459 φανέν-

167 488 239 521 τος
256 471 325 513 καὶ
345 468 552 526 τάδελφοῦ
581 473 929 524 πρωτοσεβαστοῦ
942 502 954 522 ,
1001 469 1048 512 τὸ
1072 474 1155 512 πᾶν
1174 473 1250 513 τοῦ
1271 473 1414 524 θυμοῦ
1443 471 1514 513 ἐπ’
1532 473 1634 517 ἐκεί-

168 556 226 598 νῳ
253 538 548 594 δαψιλέστερον
586 538 810 591 ἓξεκένουν,
860 540 928 581 καὶ
960 537 1143 588 ἀπειλαΐς
1172 539 1239 581 καὶ
1255 537 1423 595 ὕβρεσιν
1440 538 1668 595 ἕβαλλον,5

117 613 145 648 Β
170 607 275 653 ὥστε
298 608 366 650 καὶ
390 606 500 650 καθ’
519 605 786 661 ὑποκειμένου
804 607 856 650 τὰ
873 611 948 650 τοῦ
970 611 1113 661 θυμοῦ
1135 609 1202 650 καὶ
1220 612 1293 663 τῆς
1309 607 1431 664 ὀργῆς
1447 609 1637 665 γίνεσθαι

168 679 238 720 καὶ
258 676 317 732 μὴ
342 676 437 719 κενὰ
456 679 515 735 τῷ
535 676 623 733 ἀέρι
646 678 857 720 δίδοσθαι.
905 675 1020 726 τέλος
1039 676 1114 731 τὴν
1136 676 1240 732 πρὸς
1263 677 1411 720 ἐκεῖνον
1435 676 1637 735 ἀπογνόν-

169 763 235 796 τες
260 743 420 800 μάχην,
448 752 650 801 χρησταῖς
680 743 914 801 ὁμολογίαις
945 746 1011 788 καὶ
1038 742 1268 796 δεξιώσεσιν
1304 744 1638 791 ὕποκατακλίνειν

169 813 331 864 ἕαυτοῖς
346 814 418 857 τὸν
438 811 786 869 ἀποστατήσαντα
808 812 1075 867 ἐβουλεύοντο
1086 847 1100 867 ,
1137 816 1204 857 καὶ
1227 814 1367 871 σφίσιν
1397 813 1526 859 ἐδόκει
1544 817 1638 859 δια-

167 879 473 941 πρεσβεύεσθαι
502 883 606 939 πρὸς
636 884 784 926 ἐκεῖνον
815 882 864 926 τὸ
892 879 1030 938 τάχος.
1102 884 1171 926 καὶ
1196 883 1302 940 πρὸς
1324 883 1400 940 τὴν
1417 886 1635 942 πρεσβείαν
1648 888 1691 925 10

168 951 395 1008 ἐξελέγοντο
431 950 452 995 ὅ
486 951 642 1009 τυφλὸς
669 949 817 995 Ῥαοῦλ
840 950 1042 1002 Ἰσαάκιος
1073 954 1141 994 καὶ
1167 949 1193 1007 ἦ
1225 951 1637 1011 πρωτοβεστιάρισσα

118 1024 148 1058 C
175 1018 390 1078 Θεοδώρα.
459 1015 510 1076 ἦν
541 1021 586 1064 δὲ
615 1021 733 1078 σφίσι
761 1021 808 1064 τὸ
837 1020 1122 1076 ἀνακείμενον,
1159 1025 1250 1080 πλῷ
1265 1021 1550 1079 χρησαμένους
1569 1025 1638 1067 καὶ

169 1088 416 1139 ἐπιστάντας
446 1087 688 1146 συγγνώμην
715 1089 790 1145 τὴν
818 1090 932 1146 παρὰ
962 1089 1164 1144 βασιλέως
1188 1088 1476 1145 ὑπισχνεῖσθαι
1501 1091 1637 1136 καὶτὸ

169 1163 244 1202 τοῦ
275 1160 490 1215 Καίσαρος
519 1159 680 1213 ἀξίωμα
709 1159 1030 1215 ἐπαγγέλλεσθαι
1057 1158 1386 1214 καὶπρεπούσας
1404 1161 1639 1216 οἶκονομιάς

169 1232 229 1288 τῷ
255 1225 455 1282 ἀξιώματι
470 1261 484 1281 ,
520 1229 556 1270 εἴ
572 1225 699 1282 μόνον
717 1229 1009 1283 μεταπεισθείη
1030 1227 1134 1284 πρὸς
1155 1228 1230 1284 τὴν
1252 1233 1327 1272 τοῦ
1345 1229 1548 1284 βασιλέως
1568 1229 1636 1274 εἷί-
1647 1238 1692 1275 15

167 1313 284 1340 νοιαν
299 1298 367 1340 καὶ
385 1301 436 1354 τῇ
460 1297 502 1348 ἐξ
521 1296 651 1352 ἀρχῆς
670 1298 964 1352 καθυπαχθείη
987 1297 1167 1356 δουλείᾳ.

108 1377 140 1411 D
311 1366 388 1411 13.
450 1365 567 1409 Ἀλλ’
599 1366 642 1417 ἐξ
671 1366 822 1408 ἐκείνου
853 1365 969 1410 οὔπω
989 1369 1205 1423 παρῆλθεν
1236 1363 1264 1421 ἦ
1286 1365 1409 1422 ἕκτη,
1445 1366 1514 1409 καὶ
1532 1365 1638 1423 ὦγα-

167 1435 246 1478 θαὶ
271 1433 449 1491 ἀγγελίαι
483 1432 897 1490 καταλαμβάνουσιν,
943 1433 999 1485 ὥς
1030 1434 1083 1477 τὰ
1101 1438 1186 1478 τῶν
1205 1431 1551 1479 ἀποστατοῦντων
1568 1436 1640 1478 καὶ

169 1503 249 1559 πρὸ
280 1501 444 1558 ἡμερῶν
473 1503 784 1560 διαπέπρακται.
853 1505 920 1547 καὶ
951 1503 1057 1546 κατὰ
1083 1503 1230 1546 λεπτὸν
1257 1504 1488 1560 ἐρωτῶντες
1508 1502 1637 1559 ἐμάν-

169 1576 305 1615 θανον
337 1569 430 1614 ’τότε
460 1571 513 1614 τὰ
550 1572 661 1615 δεινὰ
690 1573 830 1629 σφίσιν
859 1572 1129 1629 ἀγγέλλεσθαι
1157 1570 1223 1615 ὅτε
1251 1576 1414 1615 παῦλαν
1446 1571 1554 1628 εἶχον
1581 1572 1691 1625 wigo

258 1670 312 1705 19.
336 1666 430 1715 παρ’
454 1669 497 1703 Ρ.

164 1751 221 1783 ret
242 1747 438 1789 horrebant,
463 1748 578 1795 specie
595 1749 792 1784 tristissima
814 1749 1044 1784 turbabantur
1066 1749 1178 1795 erepti
1200 1749 1268 1784 iam
1290 1749 1376 1795 ipsis
1396 1748 1543 1794 imperii,
1563 1749 1636 1785 sui-

163 1805 232 1840 que
253 1806 342 1829 nunc
364 1797 605 1839 Augustorum,
628 1807 706 1830 mox
728 1796 828 1830 etiam
851 1796 894 1829 de
916 1795 1009 1830 vitae
1032 1807 1072 1830 ac
1096 1795 1226 1838 salutis,
1254 1795 1282 1830 si
1305 1807 1402 1840 quae.
1414 1795 1555 1830 deiectis
1577 1808 1638 1830 so-

162 1842 210 1876 lio
233 1842 325 1875 forte
347 1843 585 1887 supersorent,
619 1842 813 1876 miserrimis
843 1841 995 1887 reliquiis
1026 1843 1070 1876 ab
1094 1846 1246 1876 extrema
1268 1841 1420 1887 pernicie
1439 1841 1638 1886 periclitan-

165 1887 261 1922 tium.
310 1887 424 1922 talium
447 1887 582 1923 indiciis
602 1891 770 1923 terrorum
794 1887 902 1934 pictas
927 1899 989 1934 per
1011 1888 1173 1934 palatium
1195 1887 1302 1922 facies
1322 1887 1469 1929 videres,
1492 1887 1639 1933 pallidas
1661 1911 1673 1918 v

166 1936 203 1967 et
225 1938 356 1968 moesto
381 1934 524 1968 tetricas
546 1934 694 1976 silentio,
714 1934 780 1969 nisi
802 1935 936 1980 quando
959 1935 1039 1968 novi
1060 1934 1242 1980 perduellis
1257 1936 1311 1968 tot
1332 1934 1494 1968 malorum
1517 1938 1639 1969 aueto-

164 1979 213 2013 ris
238 1980 348 2014 frater
371 1981 627 2026 protosebastus
649 1986 843 2027 appareret.
890 1981 926 2014 in
949 1981 1037 2015 hunc
1060 1981 1167 2023 enim,
1191 1980 1288 2026 quasi
1310 1979 1401 2015 nacti
1423 1990 1561 2025 scopum
1584 1980 1639 2014 di-

165 2036 267 2069 gnum
299 2026 334 2059 in
362 2037 463 2071 quem
493 2038 640 2062 arcanae
669 2027 778 2062 rabiei
811 2038 878 2061 non
909 2027 975 2062 iam
1003 2028 1133 2061 frustra
1163 2027 1200 2061 in
1237 2029 1349 2061 aerem
1373 2026 1545 2071 perdenda
1566 2026 1639 2062 tela

167 2070 397 2116 coniicerent,
426 2072 730 2108 stomachosissime
751 2074 1017 2116 invehebantur,
1048 2073 1146 2107 minis
1169 2072 1401 2118 conviciisque
1423 2072 1641 2107 debacchan-

164 2121 231 2151 tes.
276 2117 412 2152 tandem
444 2122 557 2154 tamen
588 2119 734 2165 experiri
763 2119 898 2154 mitiora
926 2120 1047 2154 timore
1078 2120 1201 2164 ignavo
1223 2119 1422 2163 subigente,
1455 2118 1637 2164 desperato

165 2161 290 2196 Martis
313 2164 423 2208 aperti
450 2165 633 2210 praesidio,
657 2165 883 2200 conditionum
907 2165 1136 2201 oblationibus
1159 2166 1340 2212 amplarum
1364 2167 1400 2199 et
1421 2163 1638 2199 tractationi-

164 2208 230 2242 bus
252 2208 384 2244 blandis
407 2211 566 2255 pellicere
589 2213 633 2246 ad
655 2224 732 2247 sese
760 2224 802 2246 ac
832 2213 1054 2247 reconciliare
1087 2212 1203 2246 conari
1229 2212 1389 2246 rebellem
1413 2209 1637 2256 opportunius

165 2253 305 2288 duxere.
352 2256 523 2291 consilium
546 2269 628 2303 ergo
651 2258 800 2293 inierunt
821 2259 1011 2294 destinandi
1041 2258 1283 2304 quamprimum
1313 2257 1358 2291 ad
1386 2267 1463 2290 eum
1491 2255 1637 2300 legatos.

165 2299 268 2334 electi
292 2300 336 2334 ad
359 2301 396 2335 id
420 2314 541 2337 caecus
565 2305 654 2338 Ranl
675 2305 828 2340 isaacius
851 2310 888 2339 et
907 2304 1206 2350 protovestiarissa
1227 2302 1423 2337 Theodora.
1469 2301 1535 2343 his,
1560 2313 1638 2336 cor—

164 2350 264 2391 repto
287 2347 507 2392 navigatione
530 2362 630 2396 quam
655 2351 831 2385 celerrima
853 2352 986 2394 itinere,
1010 2352 1165 2385 conferre
1188 2361 1226 2383 se
1248 2348 1412 2383 citissime
1434 2347 1478 2382 ad
1498 2347 1637 2382 Philan-

165 2391 367 2437 thropenum
401 2394 501 2429 iussis
534 2397 649 2431 datum
679 2398 714 2431 in
744 2397 913 2431 mandatis
945 2402 1000 2431 est
1023 2397 1149 2431 offerre
1171 2395 1237 2439 ipsi
1268 2395 1311 2429 ab
1333 2393 1539 2438 imperatore
1561 2393 1636 2440 pri-

166 2448 254 2472 mum
277 2438 475 2474 oblivionem
500 2453 541 2475 ac
563 2443 694 2477 veniam
718 2443 936 2484 defectionis,
958 2448 1031 2476 tum
1053 2442 1156 2476 etiam
1179 2439 1340 2475 Caesaris
1362 2439 1575 2484 dignitatem,
1598 2442 1636 2474 et

166 2486 263 2518 tanto
284 2485 482 2520 sustinendo
507 2488 606 2522 titulo
629 2499 797 2534 congruas
820 2500 840 2522 e
871 2489 956 2523 fisco
979 2487 1157 2533 pensiones
1178 2486 1350 2532 polliceri,
1383 2488 1479 2519 modo
1502 2485 1560 2520 ille
1581 2485 1637 2520 vi-

167 2528 279 2563 cissim
303 2532 501 2566 ostenderet
524 2534 613 2568 bona
643 2535 712 2569 fide
734 2546 772 2569 se
802 2538 1051 2579 resumpturum
1073 2532 1270 2567 benevolum
1293 2532 1330 2565 in
1351 2531 1539 2576 Augustum
1560 2530 1636 2566 ani-

166 2586 276 2617 mum,
300 2582 336 2611 et
358 2577 402 2611 ad
424 2577 460 2611 id
483 2579 572 2625 quod
595 2580 692 2616 initio
716 2581 890 2626 professus
910 2581 1023 2614 fuerat
1045 2579 1242 2624 obsequium
1264 2577 1460 2612 rediturum.

260 2622 315 2658 13.
362 2625 487 2659 Verum
511 2636 532 2658 a
555 2625 661 2670 primo
684 2627 885 2661 defectionis
906 2625 1030 2660 indicio
1053 2625 1195 2659 nondum
1219 2627 1318 2658 sexta
1340 2623 1412 2658 dies
1433 2628 1510 2658 tota.
1533 2622 1637 2658 efflu-

166 2671 289 2710 xerat,
314 2677 388 2703 cum
411 2681 492 2704 ecce
515 2670 699 2707 adveniunt
720 2673 839 2707 felices
862 2671 995 2713 nuntii,
1027 2671 1230 2705 debellatum
1253 2671 1298 2706 ab
1325 2669 1454 2715 aliquot
1474 2669 1543 2704 iam
1563 2669 1638 2704 die-

165 2713 229 2747 bus
263 2718 438 2761 totamque
473 2717 648 2751 rebellium
679 2720 861 2753 factionem
891 2718 1043 2752 funditus
1072 2716 1247 2752 disiectam
1279 2716 1490 2761 deletamque
1511 2726 1639 2750 meno-

166 2762 295 2796 rantes.
342 2773 386 2796 ex
417 2761 469 2796 bis
501 2762 579 2796 dum
612 2768 745 2809 tempus
777 2765 1064 2810 percontabantur
1095 2767 1216 2808 gestae
1245 2774 1346 2808 quam
1368 2762 1554 2797 narrabant
1574 2761 1639 2803 rei,

165 2806 422 2852 comperiebant
444 2807 522 2854 ipso
544 2815 714 2845 momento
737 2822 805 2857 quo
827 2810 940 2847 minax
972 2810 1067 2856 ipsos
1096 2813 1134 2845 et
1163 2809 1273 2844 tristis
1303 2808 1507 2856 perculisset
1533 2808 1640 2850 hmo,
