1820 3112
220 158 316 205 186
638 160 875 205 GEORGII
905 161 1258 206 PACHYMERIS

217 271 413 330 πρότερον
449 272 474 328 ἢ
513 272 825 330 εὖφημουμὲνου
860 280 936 318 τοῦ
977 276 1300 331 προβληθέντος.
1367 274 1460 320 τότε
1485 277 1629 334 παρὼν
1656 276 1678 321 ὅ

162 351 197 387 Ε
219 346 394 392 Λουκᾶς
420 344 486 385 καὶ
513 342 694 394 ἀκούσας
710 344 870 400 τέθηπέ
884 362 927 387 τε
945 345 1100 395 εὐθέως
1111 378 1124 398 ,
1155 347 1222 388 καὶ
1245 345 1439 389 ἀπελθὼν
1459 347 1681 404 ἐξαγγέλλει

215 416 274 470 τῷ
298 415 339 454 Γ
335 412 509 469 ρηγορίῳ
531 412 580 455 τὸ
598 415 760 468 δρᾶμα,
799 416 865 456 καὶ
887 411 979 456 τότε
1000 412 1020 456 ὅ
1041 417 1081 456 Γ
1079 412 1266 471 ρηγόριος
1285 413 1501 465 πιστεύσας
1520 420 1678 471 μᾶλλον

213 487 300 530 τοῖς
327 478 589 536 γράμμασιν,
625 481 651 537 ἢ
683 484 840 525 πείθειν
872 482 1024 532 ἄλλους
1053 481 1263 535 σπεύδων,
1295 485 1363 526 καὶ
1387 483 1440 526 τὰ
1463 483 1678 538 λειπόμενα

213 550 473 604 προσετίθει,
505 551 572 592 καὶ
600 549 654 600 ὥς
683 549 831 601 τόσους
851 550 1027 607 χρόνους
1056 550 1368 607 πατριαρχεύσει
1389 554 1455 595 καὶ
1479 550 1535 603 ὥς
1559 553 1607 596 οὐ
1627 558 1710 610 τῇ5

212 623 310 675 τιμῇ
342 619 675 662 ἐπαποθανεΐται.
748 622 816 662 καὶ
842 625 974 663 ταῦτα
996 621 1124 676 γέρων
1145 620 1200 664 ὢν
1220 623 1287 663 καὶ
1306 620 1409 676 πρὸς
1428 625 1486 680 τῷ
1505 619 1679 680 θανάτῳ

72 693 100 728 Ρ
126 693 194 729 124
216 688 439 742 προέλεγεν.
487 688 584 730 ἀλλ’
607 691 754 738 ἐκεῖνος
775 689 851 743 τὴν
871 690 1138 744 ποιμαντικὴν
1153 691 1383 745 βακτηρίαν
1401 690 1541 744 λαβὼν
1564 690 1679 747 παρὰ

212 761 288 800 τοῦ
317 760 591 811 κρατοῦντος,
638 755 692 808 ὥς
728 758 909 811 εἴθιστο,
954 763 1123 812 τιμᾶται
1158 761 1224 801 καὶ
1259 757 1542 819 ὁιβαμβοῦλῳ.
1610 760 1680 802 καὶ

213 823 356 884 πρώτῃ
372 823 728 880 Ἑκατομβαιῶνος
747 827 877 882 μηνὸς
896 826 970 882 τὴν
987 829 1240 884 χειροτονίαν
1258 828 1428 883 δέχεται.

346 916 560 960 Ἐντεῦθεν
585 917 734 960 ἐκείνου
751 922 889 960 πᾶσαν
909 918 1187 973 ἓνδειξαμὲνου
1215 926 1301 968 τοῖς
1324 916 1559 975 πράγμασιν
1575 916 1676 974 ἧμε-
1689 928 1735 963 10

214 983 392 1043 ρότητα,
431 986 484 1029 τὰ
516 990 590 1040 τῆς
620 988 831 1042 ἐκκλησίας
861 987 964 1042 με’λη
995 989 1061 1030 καὶ
1089 988 1218 1043 μέρη,
1264 987 1290 1029 ἃ
1314 987 1365 1043 δὴ
1382 989 1487 1042 χθὲς
1509 988 1576 1030 καὶ
1598 986 1676 1044 πρὸ

214 1056 355 1112 τρίτης
386 1052 602 1113 ὃιῃροῦντό
640 1072 683 1098 τε
722 1057 789 1098 καὶ
819 1057 1026 1099 διίσταντο
1062 1057 1105 1107 ἐξ
1138 1056 1373 1105 ἄντιπνοίας
1401 1054 1679 1111 κυμαινοῦσης

215 1123 404 1181 σφόδρα,
442 1122 823 1180 συνηρμολογοῦντό
843 1142 885 1167 τε
907 1127 971 1167 καὶ
992 1127 1272 1178 καθίσταντο,
1310 1124 1358 1167 οὗ
1388 1124 1471 1179 μὴν
1501 1124 1543 1167 δ’
1573 1123 1678 1167 ὥστε

163 1199 192 1234 Β
217 1195 282 1235 καὶ
305 1193 402 1242 τοὺς
423 1197 495 1248 τῆς
517 1193 730 1247 ἐκκλησίας
747 1195 901 1236 τελείαν
921 1193 1028 1249 ἄγειν
1050 1192 1211 1250 εἰρήνην
1219 1227 1232 1247 ,
1269 1198 1350 1236 τῶν
1367 1194 1442 1247 μὲν
1463 1192 1678 1247 ἐπισχομέ-

214 1279 296 1306 νων
319 1262 470 1305 τέλειον
495 1261 563 1304 διὰ
585 1261 659 1316 τὴν
674 1262 872 1316 χθεσινὴν
891 1262 1223 1314 ἀκαταστασιάν,
1256 1267 1339 1305 τῶν
1365 1262 1432 1314 δέ,
1472 1263 1507 1304 εἲ
1533 1263 1599 1304 καὶ
1619 1259 1676 1304 εἷ·
1690 1268 1732 1304 15

215 1349 290 1385 χον
318 1328 493 1380 τούτους
511 1332 552 1373 ἓν
569 1329 678 1381 τάξει
699 1335 775 1373 τοῦ
795 1329 983 1386 βήματος
1005 1333 1070 1373 καὶ
1090 1328 1448 1387 συλλειτουργοῦς,
1478 1347 1679 1387 περιορω-

214 1399 348 1455 μὲνων
384 1401 426 1442 ἐν
457 1401 607 1453 μείζονι
636 1405 848 1456 προκοπῇ,
881 1405 962 1443 τῶν
983 1405 1176 1455 μοναχῶν
1195 1399 1515 1456 προτιμωμένων
1534 1400 1576 1442 ἓν
1591 1397 1680 1454 ψή-

215 1485 310 1526 φοις
331 1465 631 1526 ἇρχιερότητος.
703 1466 815 1522 ὅμως
832 1485 874 1524 γε
889 1468 1028 1524 μέντοι
1064 1469 1136 1523 (τὸ
1154 1468 1231 1526 γὰρ
1251 1468 1385 1511 κοινὸν
1405 1465 1543 1512 οἷστόν
1553 1500 1568 1522 ,
1602 1466 1679 1511 κᾶν

214 1645 250 1680 id
282 1647 463 1692 praeterea
491 1655 610 1679 nomen
631 1644 692 1679 ille
715 1648 837 1690 antea,
870 1645 930 1680 sed
953 1645 1072 1691 paucis
1097 1649 1230 1688 notum,
1264 1647 1392 1687 ferret,
1422 1657 1484 1681 seu
1507 1645 1679 1691 cognitam

217 1691 379 1736 Gregorii
409 1691 627 1725 offensionem
660 1691 798 1736 placare
831 1692 1029 1738 designatus
1062 1693 1172 1726 voluit
1201 1692 1294 1726 facili
1315 1693 1502 1726 mutatione
1524 1692 1678 1726 nominis.

215 1739 333 1774 audito
357 1738 489 1779 Lucas,
524 1737 584 1782 qui
606 1748 768 1782 praesens
791 1737 930 1780 aderat,
961 1739 1078 1773 vocari
1101 1750 1188 1772 nunc
1212 1739 1368 1773 loannem
1400 1738 1458 1784 qui
1488 1737 1584 1784 prius
1608 1738 1680 1772 co-

214 1795 305 1820 smas
333 1784 513 1826 audiebat,
548 1783 696 1817 accurrit
725 1784 915 1818 nuntiatum
949 1784 1118 1828 Gregorio
1151 1785 1269 1818 miram
1300 1784 1551 1829 catastrophen.
1596 1787 1679 1818 tunc

215 1842 301 1866 vero
333 1829 547 1874 Gregorius,
581 1829 686 1874 magis
718 1830 859 1864 credens
892 1831 967 1876 ipse
998 1830 1148 1864 fatidicis
1177 1842 1263 1876 quas
1291 1830 1424 1875 legerat
1443 1830 1555 1864 literis
1577 1840 1679 1876 quam

214 1876 421 1920 persuadere
444 1876 522 1910 aliis
544 1881 724 1920 satagens,
758 1876 888 1922 reliqua
921 1876 1094 1911 subiunxit
1117 1876 1164 1910 ibi
1186 1889 1206 1911 a
1230 1888 1268 1911 se
1291 1880 1448 1921 reperta,
1481 1887 1602 1922 nempe
1624 1879 1679 1910 tot

214 1923 307 1957 illum
332 1933 436 1957 annos
460 1923 495 1956 in
519 1922 750 1967 patriarchatu
774 1924 935 1964 futurum,
960 1926 1022 1956 ndc
1038 1922 1142 1956 vitam
1164 1923 1198 1957 in
1222 1934 1263 1957 ea
1285 1922 1451 1968 dignitate
1473 1923 1678 1957 clausurum.

215 1975 321 2014 atque
345 1969 429 2003 haec
452 1968 623 2015 praedixit
644 1968 737 2002 senio
771 1970 947 2003 confectus
969 1974 1006 2003 et
1028 1969 1127 2002 morti
1150 1969 1291 2003 vicinus.
1340 1972 1378 2003 at
1409 1968 1551 2003 Cosmas
1580 1979 1682 2002 acce-

216 2019 288 2061 pto,
312 2021 350 2048 ut
374 2020 449 2049 erat
473 2014 616 2056 solitum,
641 2016 683 2048 ab
706 2014 913 2059 imperatore
937 2015 1096 2061 pastorali
1120 2016 1252 2060 baculo,
1276 2015 1462 2049 honoratur
1484 2018 1520 2050 et
1539 2014 1681 2050 Dibam-

216 2061 318 2104 bulo,
347 2061 570 2107 kalendisque
593 2060 739 2095 Ianuarii
760 2061 1003 2096 ordinationem
1027 2061 1167 2108 accipit.

311 2129 393 2163 inde
416 2130 472 2163 illo
496 2141 657 2174 aggresso
680 2130 851 2175 regimen,
887 2135 925 2164 et
949 2141 1079 2164 omnem
1100 2129 1136 2163 in
1158 2129 1449 2164 administratione
1469 2127 1681 2173 negotiorum

219 2176 506 2209 mansuetudinem
540 2177 741 2219 exhibente,
775 2181 897 2210 cuncta
917 2176 1082 2210 ecclesiae
1104 2177 1253 2210 membra
1274 2181 1309 2210 et
1331 2181 1467 2222 partes,
1499 2184 1585 2219 quaa
1606 2172 1683 2207 heri

219 2227 257 2255 et
279 2221 401 2255 nudius
426 2222 549 2256 tertius
575 2222 662 2256 flans
686 2234 728 2256 ex
751 2223 897 2256 adverso
923 2223 1102 2256 vehemens
1124 2223 1330 2268 procellosus
1350 2221 1450 2255 turbo
1474 2218 1681 2254 dissociave-

219 2271 276 2300 rat
299 2268 342 2300 ab
366 2267 506 2301 invicem
529 2269 721 2314 passimque
744 2268 938 2311 disiecerat,
961 2270 1212 2314 adaptabantur
1235 2271 1270 2302 et
1293 2266 1591 2311 componebantur,
1612 2276 1680 2319 non

219 2318 334 2347 tamen
356 2313 407 2347 ita
431 2318 470 2347 ut
492 2315 713 2349 ecclesiastici
737 2327 822 2359 pace
845 2315 945 2360 plena
967 2317 1182 2357 fruerentur,
1205 2313 1404 2360 quibusdam
1423 2322 1559 2351 eorum,
1580 2321 1680 2356 quasi

218 2370 263 2392 ex
286 2370 450 2393 concussu
472 2371 622 2404 nuperae
644 2360 859 2403 iactationis,
883 2362 993 2395 adhuc
1016 2361 1219 2395 instabiliter
1241 2358 1459 2400 nutantibus,
1481 2355 1559 2391 aliis
1575 2367 1680 2401 aegre

214 2405 403 2439 ferentibus
437 2406 641 2450 presbyterii
675 2407 843 2440 duntaxat
874 2411 973 2440 tenus
1003 2407 1143 2451 provehi
1174 2405 1323 2439 homines
1353 2403 1504 2448 ipsorum
1538 2402 1680 2445 ordinis,

216 2462 446 2496 summumque
468 2463 566 2496 quem
590 2463 732 2497 sperare
754 2453 915 2486 honorem
941 2457 1079 2497 possent
1101 2451 1233 2486 definiri
1260 2460 1419 2484 consessu
1442 2460 1519 2483 cum
1541 2448 1680 2484 antisti-

214 2497 305 2531 tibus
329 2497 490 2531 communi
512 2498 602 2532 intra
626 2498 813 2537 cancellos,
846 2502 882 2531 et
911 2498 1144 2543 participando
1177 2508 1251 2531 cum
1282 2495 1399 2530 iisdem
1429 2506 1527 2544 sacro
1558 2494 1679 2529 altaris

214 2542 422 2586 ministeri03
452 2543 487 2576 in
521 2544 753 2577 occasionibus
783 2543 978 2577 ulteriorum
1008 2543 1252 2589 promotionum
1276 2541 1408 2587 despici
1429 2540 1570 2574 clericos
1592 2551 1679 2574 uno-

214 2600 289 2624 rum
318 2590 482 2624 rationem
516 2589 635 2623 haberi
667 2590 921 2630 monachorum,
956 2589 1008 2622 his
1031 2588 1113 2622 solis
1136 2589 1389 2633 episcopatuum
1412 2586 1578 2630 suffragia
1600 2597 1679 2620 cur·

213 2646 304 2671 rere.
350 2635 555 2670 moderatius
589 2639 702 2668 tamen
737 2634 862 2678 singuli
884 2646 1087 2668 communem
1112 2635 1278 2668 universis
1300 2633 1488 2668 molestiam
1510 2632 1678 2675 ferebant,

215 2685 254 2716 ut
277 2681 384 2716 cuivis
406 2681 582 2716 tolerabile
606 2685 763 2714 censetur
786 2680 958 2725 vulgatum
980 2681 1014 2714 in
1038 2680 1160 2714 multos
1185 2680 1315 2726 pariter
1338 2679 1479 2720 malum,
1509 2684 1546 2713 et
1568 2689 1679 2724 quan-

214 2727 344 2762 tumvis
367 2729 510 2763 acerbus
533 2737 596 2773 per
619 2738 658 2761 ae
679 2731 819 2772 putetur
842 2738 905 2760 nec
927 2726 1088 2760 ferendus
1112 2726 1229 2770 dolor,
1262 2724 1431 2760 consortio
1453 2725 1621 2759 sociorum
1642 2725 1679 2757 et
1714 2756 1716 2758 ,

215 2774 367 2827 paritate
390 2773 591 2809 conditionis
614 2784 727 2807 omues
751 2784 859 2817 aeque
881 2772 1065 2818 prementis
1088 2772 1218 2817 aliquid
1240 2772 1395 2806 amittere
1412 2771 1513 2815 vulgo
1529 2769 1679 2805 creditur

215 2826 352 2856 innatae
375 2819 570 2867 gravitatis,
592 2831 635 2855 ac
657 2819 888 2855 consolatione
909 2819 1067 2857 nonnulla
1088 2818 1198 2855 leniri.
1229 2818 1295 2855 hac
1315 2818 1373 2855 isti
1394 2817 1448 2853 usi
1469 2822 1506 2853 et
1527 2828 1566 2852 se
1583 2815 1679 2863 ipsos
