1858 3126
242 175 340 222 350
435 222 443 227 ,
663 172 900 218 GEORGII
934 173 1292 218 PACHYMERIS

241 307 319 344 χου
333 286 641 343 Ἀλεξανδρείας
658 287 726 329 καὶ
744 286 850 342 μετὰ
869 291 952 330 τῶν
973 283 1049 330 δύο
1074 285 1306 344 ἀρχιερέων,
1340 288 1412 331 ἵνα
1428 286 1720 346 παραδηλῶσω

99 365 127 399 Ρ
152 364 218 401 241
245 363 296 416 τῇ
329 360 506 416 κραταιᾷ
535 358 602 399 καὶ
631 354 727 417 ἁγίᾳ
753 357 944 417 βασιλείᾳ
973 373 1048 400 σου
1079 355 1192 407 ὅπως
1221 356 1301 412 ἕχω
1329 354 1492 414 γνώμης
1522 359 1613 414 περὶ
1644 362 1720 402 τοῦ

242 424 482 481 συμβάντος
511 427 568 476 εἷς
597 424 668 481 ἐμὲ
687 424 836 482 λόγου,
872 425 931 469 ξ’τι
957 426 1001 469 δὲ
1024 427 1091 469 καὶ
1110 428 1200 483 περὶ
1223 430 1298 481 τῆς
1317 423 1604 484 παραιτήσεῶς
1621 445 1720 482 μου.

241 498 309 540 καὶ
335 495 417 539 ἔδει
445 494 505 550 μὴ
533 494 579 538 τὸ
614 493 814 552 παράπαν
843 495 1159 552 ἀποκρίνασθαί
1180 512 1254 550 με,
1301 499 1378 551 τῆς
1399 496 1499 551 ἐμῆς
1515 495 1721 553 παραιτή-

241 583 344 615 σεως
374 568 521 622 σαφῶς
550 562 816 622 παριστώσης
846 564 922 620 τὴν
956 564 1057 620 ε’μὴν
1081 562 1300 621 βούλησιν·
1337 566 1423 608 ἐπεὶ
1441 565 1486 608 δὲ
1504 563 1626 619 μόλις
1647 570 1754 611 νῦν5

241 636 484 692 ἒρωτῶμαι,
523 632 579 684 ὥς
605 635 647 677 ἐν
666 639 819 690 βραχεῖ
846 638 970 677 τοῦτο
995 633 1268 690 ἀποκρίνομαι
1297 634 1401 691 πρὸς
1416 633 1493 690 τὴν
1511 632 1630 690 ἆγίαν
1653 637 1723 678 καὶ

241 703 443 762 κραταιὰν
459 705 673 758 βασιλείαν
693 721 784 756 σου,
824 702 886 746 ὅτι
909 703 987 760 ἐγὼ
1005 705 1049 746 ἐκ
1067 707 1231 747 πολλῶν
1251 702 1332 759 ἤδη
1348 707 1433 747 τῶν
1443 701 1607 760 χρόνων
1624 704 1720 748 335-

240 791 324 829 μην
343 774 385 816 ἔν
416 773 582 831 ἐμαυτῷ
610 770 714 828 μήτε
748 770 900 827 ὀμόσαι
925 770 1041 828 μήθ’
1066 774 1204 830 ἕτερον
1234 771 1356 830 ὅρκον
1382 774 1577 828 ζητῆσαι,
1614 773 1723 830 μηδὲ

239 843 362 900 ὕβριν
380 843 577 898 μέμψεως
597 842 714 894 ἀξίαν
732 846 807 885 τοῦ
834 839 1045 896 στόματος
1072 849 1344 899 προενεγκεῖν,
1383 841 1490 885 ἀλλὰ
1517 842 1628 897 μηδέ
1643 860 1721 886 τινι

189 919 218 954 Β
243 910 584 969 καταράσασθαι.
654 913 723 955 καὶ
752 909 1051 968 ἐφυλασσόμην
1090 912 1209 968 μέχρι
1248 916 1324 967 τῆς
1365 913 1489 969 δεῦρο
1530 914 1721 969 Χριστοῦ
1735 923 1779 959 10

240 999 323 1037 μου
355 979 509 1038 χάριτι.
577 980 685 1036 πλὴν
716 978 823 1036 εἶχον
850 983 906 1031 εἷς
941 983 1229 1038 πληροφορίαν
1256 985 1341 1024 τῶν
1369 977 1501 1038 λόγων
1539 999 1623 1035 μου
1654 983 1723 1025 καὶ

242 1049 506 1108 παράστασιν
533 1047 646 1092 ἁπλᾶ
677 1052 745 1093 καὶ
773 1050 831 1106 μὴ
852 1047 1118 1105 βλάπτοντα,
1147 1050 1254 1106 μηδὲ
1273 1052 1328 1100 εἷς
1345 1049 1468 1107 ὅρκον
1484 1048 1723 1107 λογιζόμενοι

244 1125 402 1173 ταῦτα,
440 1119 492 1163 νά
521 1118 600 1174 ἴχω
631 1119 679 1162 τὸ
709 1119 822 1170 ἕλεος
851 1124 927 1163 τοῦ
955 1124 1059 1163 θεοῦ
1073 1152 1087 1172 ,
1132 1119 1184 1163 νά
1214 1115 1317 1174 ’ἧμαι
1335 1121 1484 1170 δοῦλος
1506 1124 1583 1162 τοῦ
1602 1124 1720 1174 θεοῦ,

245 1192 315 1233 καὶ
333 1189 385 1233 νὰ
413 1186 618 1232 ἀποθάνω
647 1190 689 1231 ἐν
709 1190 921 1250 μετανοίᾳ.
992 1187 1098 1232 ὥστε
1118 1190 1186 1231 καὶ
1206 1189 1330 1232 ἐκεῖνο
1343 1221 1357 1242 ,
1390 1186 1489 1246 ὅπερ
1516 1185 1722 1245 ἔφθεγξα-

243 1277 328 1315 μην
349 1258 433 1301 ἀπὸ
458 1255 789 1315 παραλυπήσεως
805 1262 888 1302 τῶν
908 1257 1101 1315 ἀδελφῶν
1120 1275 1202 1312 μου
1211 1291 1225 1311 ,
1256 1257 1332 1313 οὐχ
1348 1256 1404 1308 ὥς
1423 1256 1545 1315 ὅρκον
1563 1255 1721 1315 λογιζό-
1733 1261 1777 1297 15

245 1346 367 1383 μενος
396 1325 510 1371 εἶπον
528 1359 542 1380 ,
587 1326 686 1370 ἀλλ’
719 1325 862 1378 ἁπλῶς
886 1327 991 1383 ἔχων
1010 1328 1054 1370 ἐκ
1073 1328 1298 1383 συνηθείας
1316 1331 1442 1371 τοῦτο
1463 1326 1601 1384 λέγειν.
1671 1326 1722 1371 τὸ

195 1401 224 1435 C
251 1399 296 1441 δὲ
318 1393 366 1453 ἦν
381 1411 391 1421 ·
426 1397 478 1440 νά
500 1392 603 1452 ἧμαι
624 1399 774 1447 δοῦλος
802 1401 878 1441 τοῦ
899 1401 1004 1441 θεοῦ
1016 1430 1030 1450 ,
1067 1395 1115 1440 οὐ
1137 1396 1196 1453 μὴ
1226 1398 1261 1439 εἲ
1277 1396 1335 1453 μὴ
1352 1394 1460 1452 μεθ’
1477 1394 1596 1452 ὖμῶν
1612 1393 1723 1439 vinoi-

243 1484 303 1523 γω
325 1464 516 1523 δηλονότι
539 1463 587 1509 τό
604 1484 646 1523 γε
663 1471 737 1510 νῦν
755 1466 848 1522 ἔχον
859 1500 873 1520 ,
910 1466 1144 1524 ἀφίσταμαι
1166 1468 1209 1517 ἐξ
1233 1464 1364 1522 ὑμῶν.
1434 1465 1512 1522 οὔχ
1531 1463 1654 1523 ὅρκον
1676 1465 1723 1509 δὲ

240 1541 366 1579 τοῦτο
388 1531 652 1591 ἐλογιζόμην,
688 1535 843 1590 μαθὼν
873 1538 941 1579 καὶ
969 1540 1103 1579 ταῦτα
1135 1535 1250 1592 παρὰ
1269 1539 1344 1578 τοῦ
1364 1533 1544 1592 μεγάλου
1564 1534 1723 1591 πατρὸς

240 1603 360 1660 ἡμῶν
381 1605 605 1647 Βασιλείου
615 1636 629 1658 ,
667 1604 857 1660 λέγοντος
881 1606 924 1648 ἐν
942 1612 1029 1655 τοῖς
1049 1604 1214 1659 ἠθικοῖς
1233 1603 1362 1647 αὐτοῦ
1380 1602 1515 1661 λόγοις
1535 1602 1598 1648 ὅτι
1615 1603 1779 1647 5'v3a20

244 1673 292 1718 τὸ
324 1671 378 1718 νά
400 1675 592 1729 τίθεμεν,
631 1672 707 1729 οὐχ
743 1672 865 1731 ὅρκον
898 1676 1249 1732 παραδηλοῦμεν,
1292 1672 1390 1716 ἀλλ’
1427 1672 1533 1716 ἔνθα
1567 1672 1616 1716 τὸ
1643 1671 1717 1728 μά.

338 1808 393 1844 13.
416 1804 500 1854 εἰμὴ
522 1806 566 1842 Ρ.
705 1807 761 1842 17.
786 1806 822 1843 εἰ
842 1805 915 1853 μὴ]
941 1799 1064 1852 ἦμαιὶ)
1102 1785 1104 1787 r

243 1928 279 1958 et
297 1934 398 1958 sacra
420 1922 581 1968 synodus,
604 1933 668 1968 per
690 1921 936 1957 sanctissimum
959 1933 1084 1968 papam
1108 1924 1144 1956 et
1165 1921 1396 1966 patriarcham
1418 1919 1659 1962 Alexandriae,
1687 1922 1726 1955 et

242 1971 329 2004 duos
353 1970 546 2015 episcopm,
562 1973 601 2004 ut
625 1970 837 2004 declararem
860 1969 993 2014 potenti
1017 1980 1058 2003 ac
1076 1974 1219 2003 sanctae
1241 1968 1412 2002 maiestati
1433 1971 1514 2001 tuae
1537 1967 1621 2013 quid
1643 1978 1726 2001 sen-

242 2018 342 2051 tirem
365 2017 409 2051 de
432 2016 548 2050 verbis
571 2016 785 2062 quibusdam,
809 2027 899 2062 quae
920 2014 1002 2049 mihi
1024 2016 1181 2061 proferre
1204 2014 1363 2059 contigit,
1385 2014 1536 2059 itemque
1557 2014 1602 2048 de
1624 2013 1727 2048 abdi-

244 2063 380 2096 catione
415 2074 503 2098 mea.
550 2063 594 2097 de
624 2062 676 2097 his
711 2073 797 2107 opus
830 2073 898 2096 uon
933 2066 1010 2096 erat
1031 2061 1214 2107 quidquam
1237 2061 1369 2096 omnino
1391 2059 1590 2106 responderi
1613 2071 1635 2094 a
1657 2070 1724 2102 me,

245 2120 321 2143 cum
345 2109 428 2143 satis
451 2109 632 2144 manifeste
654 2113 800 2144 mentem
824 2120 867 2143 ac
889 2109 1099 2142 voluntatem
1122 2119 1230 2142 meam
1252 2107 1328 2153 ipsa
1350 2107 1518 2153 exprimat
1539 2105 1723 2140 abdicatio.

245 2155 404 2199 quoniam
428 2161 542 2189 autem
565 2167 654 2190 nunc
676 2167 780 2200 aegre
802 2155 938 2190 tandem
961 2154 1086 2200 incipio
1108 2154 1237 2199 rogari,
1257 2153 1408 2188 breviter
1429 2157 1572 2188 sanctae
1592 2163 1635 2186 ac
1657 2162 1722 2197 po-

245 2201 334 2234 tenti
357 2201 529 2236 maiestati
552 2207 633 2236 tuae
656 2202 722 2236 hoc
744 2201 944 2248 respondeo.
992 2213 1056 2246 ego
1075 2213 1118 2236 ex
1140 2201 1255 2235 multis
1276 2200 1343 2234 iam
1365 2200 1462 2234 annis
1475 2198 1722 2233 constitueram

246 2246 338 2292 apud
362 2259 415 2281 me
438 2259 502 2281 nec
524 2247 639 2282 iurare
672 2249 748 2294 ipse
771 2260 834 2282 nec
859 2248 1094 2283 iusiurandum
1115 2248 1158 2282 ab
1182 2247 1249 2281 alio
1273 2247 1434 2291 exigere,
1466 2255 1578 2290 neque
1600 2247 1723 2277 contu-

244 2293 377 2327 meliam
400 2294 662 2338 reprehensione
686 2295 823 2339 dignam
845 2306 906 2329 ore
940 2296 1117 2340 proferre,
1150 2293 1212 2328 sed
1240 2296 1277 2327 et
1306 2303 1418 2338 neque
1445 2291 1602 2336 cuiquam
1633 2288 1724 2324 male

244 2339 398 2384 precari:
432 2344 470 2373 et
498 2340 679 2375 observavi
710 2352 819 2386 usque
849 2341 885 2374 in
916 2341 1004 2375 hunc
1027 2339 1116 2374 diem
1141 2338 1273 2373 Christi
1294 2338 1362 2372 mei
1383 2336 1508 2382 gratia.
1553 2335 1644 2370 idem
1666 2338 1722 2369 ta-

246 2397 324 2419 men
349 2384 393 2420 ad
423 2386 712 2420 asseverationem
741 2387 909 2421 dictorum
940 2397 1090 2421 meorum
1123 2395 1289 2430 usurpare
1321 2394 1395 2418 sum
1426 2382 1546 2417 solitus
1568 2380 1723 2426 vulgaris

247 2431 492 2466 consuetudine
516 2433 701 2474 sermonis,
723 2436 763 2466 ut
785 2432 950 2477 simplicia
973 2443 1037 2466 nec
1059 2431 1218 2477 cuiquam
1239 2429 1343 2464 noxia
1364 2432 1425 2463 aut
1446 2427 1629 2463 iuramenti
1651 2427 1722 2462 vim
1753 2449 1762 2458 -

246 2477 423 2520 habentia,
446 2478 553 2512 verba
575 2478 680 2512 haec:
704 2489 768 2523 per
795 2484 963 2523 quantum
983 2479 1095 2512 habeo
1119 2476 1390 2511 misericordiam
1417 2475 1497 2516 dei,-
1524 2486 1590 2520 per
1611 2485 1723 2520 qnan-

245 2530 322 2559 tum
347 2535 423 2558 sum
446 2534 565 2558 servus
590 2525 670 2564 ἀεί,-
698 2535 761 2569 per
783 2529 952 2569 qnantum
969 2525 1074 2558 velim
1097 2524 1274 2568 poenitens
1293 2522 1391 2556 mori.
1438 2521 1556 2567 itaque
1578 2524 1613 2556 et
1637 2519 1724 2554 illud

245 2570 338 2617 quod
360 2581 404 2604 ex
428 2569 529 2604 animi
551 2569 778 2604 amaritudine
811 2570 855 2604 ad
887 2571 1015 2604 fratres
1046 2580 1139 2604 meos
1160 2567 1378 2614 pronuntiavi
1399 2567 1548 2602 eiusdem
1579 2569 1722 2609 formae,

247 2628 313 2651 uon
335 2620 375 2651 ut
394 2615 578 2651 iuramenti
601 2615 667 2650 vim
690 2615 847 2650 obtinere
867 2620 1033 2661 reputans
1062 2615 1151 2657 dixi,
1182 2615 1244 2650 sed
1275 2613 1499 2660 simpliciter,
1531 2617 1633 2660 prout
1657 2622 1724 2646 usu

244 2665 349 2709 longo
373 2662 467 2708 loqui
488 2672 719 2705 assueveram,
743 2662 881 2708 protuli.
928 2661 964 2695 id
988 2665 1102 2696 autem
1124 2661 1217 2696 fuitz
1239 2672 1302 2706 per
1325 2666 1493 2706 quantum
1516 2671 1637 2694 servus
1664 2658 1723 2692 dei

244 2721 343 2751 sum,
373 2721 443 2743 non
481 2719 556 2743 sum
592 2709 777 2745 vobiscum.
822 2709 913 2742 vado
935 2709 1097 2742 videlieet
1118 2708 1190 2742 iam
1223 2719 1312 2742 nunc
1337 2713 1372 2742 ct
1398 2707 1543 2741 abscedo
1567 2718 1592 2740 a
1613 2705 1721 2740 vobio.

244 2756 336 2801 quod
359 2754 516 2801 equidem
538 2755 760 2790 iuramentum
791 2766 868 2789 esse
902 2754 1037 2789 minime
1059 2754 1198 2800 putavi,
1221 2764 1405 2800 persuasus
1427 2753 1463 2786 in
1486 2753 1549 2786 hoc
1572 2750 1723 2787 auctori-

244 2806 319 2836 tate
341 2801 454 2847 magni
479 2801 588 2848 patris
610 2801 719 2836 nostri
741 2801 880 2847 Basilii,
911 2801 1057 2836 dicentis
1079 2800 1115 2836 in
1149 2801 1221 2836 suis
1243 2800 1375 2834 Ethicis
1397 2798 1627 2834 sermonibus=
1661 2797 1722 2831 ubi

244 2847 294 2884 νά
313 2850 495 2894 ponimus,
519 2860 590 2884 non
611 2849 846 2884 iuramentum
866 2848 1126 2895 significamus,
1159 2848 1222 2883 sed
1245 2851 1382 2884 tantum
1404 2846 1465 2881 ubi
1485 2843 1552 2890 μά.
1597 2841 1720 2890 quodsi
