1858 3126
252 158 351 203 732
653 155 966 199 OBSERVAT.
1000 157 1311 202 PACHYMER.

250 281 343 307 men
375 266 431 304 ait
461 263 548 306 α’νω
580 262 626 306 δὲ
651 267 733 306 ταῖν
762 266 1122 319 Κατηχουμενείων
1147 263 1316 318 πάντες,
1344 268 1413 310 καὶ
1439 268 1624 322 βασιλευς
1641 271 1710 312 καὶ

250 323 438 376 ἄρχοντες
466 321 535 363 καὶ
563 319 710 370 πάντες
735 321 827 371 λαός
857 325 986 373 (forte
1004 324 1134 363 voluit
1162 324 1335 364 scribere
1361 327 1451 366 λαοί
1466 327 1534 365 vel
1551 330 1708 381 λαϊκοί)

250 378 391 431 ἑώρων
417 377 466 420 τὰ
492 375 710 432 τελουμενα
737 381 1038 432 imperatorem,
1061 383 1269 432 principes
1290 389 1326 419 et
1346 396 1499 420 omnem
1510 385 1710 434 populum

247 435 342 475 inde
371 444 568 488 spectasse
595 450 738 486 sacra,
768 436 870 475 dum
890 438 1051 488 fierent.
1110 439 1217 489 quod
1236 437 1298 486 δὶς
1317 436 1385 479 &zoi
1399 441 1541 479 πααῶν
1558 439 1712 480 discre-

246 499 318 546 pat
348 505 371 531 a
398 492 607 546 scriptoris
640 499 801 532 asserto.
861 507 982 545 quare
1014 500 1130 533 caute
1156 495 1345 545 legendus
1366 494 1435 533 hic
1453 495 1710 547 epitomatorg

246 564 323 588 nec
343 551 378 589 ei
398 550 484 588 sine
502 550 666 602 pignore
684 549 918 589 fidendum·
907 565 950 589 m
969 550 1018 589 iis
1039 564 1141 603 quae
1158 551 1409 604 Pachymeris
1428 552 1601 599 nomine,
1621 553 1711 632 ipso

246 608 486 660 plerumque
506 607 656 657 invito,
686 608 842 648 recitat.

104 670 132 702 P
155 667 224 703 5⁶22
359 678 400 716 Ρ.
419 663 531 706 54v.
552 666 618 705 17.
674 665 752 702 Pro
785 678 830 703 eo
860 663 967 716 quod
993 663 1142 702 habent
1175 663 1292 705 codd.
1322 663 1354 702 B
1382 670 1423 703 et
1449 663 1505 714 A,
1534 659 1714 716 οἷκριβοῖς

246 724 498 774 παριστῶσαι
528 717 604 771 τήν
634 733 784 772 φυσιν,
825 720 875 759 de
906 721 1028 771 guttis
1058 721 1260 772 sanguinis
1293 721 1398 759 clare
1426 721 1712 773 apparentibus

247 791 370 830 supra
396 778 487 816 vela
517 790 611 815 saxa
641 783 679 815 et
704 777 889 826 frondes,
921 777 1136 817 Vaticanus
1153 777 1272 816 habet
1295 773 1472 831 ἆκριβῶς
1487 774 1563 830 τήν
1585 774 1712 829 φύσιν

247 830 578 888 ἕχαρακτήριζον,
606 834 772 884 eleganti
793 833 1041 886 paraphrasi.

359 906 401 944 p.
423 892 477 934 55
498 904 535 929 v.
555 891 581 932 5
601 904 686 941 sqq.
744 891 776 928 E
794 891 954 940 regione
975 890 1094 929 huius
1114 889 1258 942 capitis
1283 889 1325 927 in
1349 889 1488 928 codice
1507 889 1660 941 optimo
1677 889 1711 930 B

250 947 350 988 haec
380 947 454 985 alia
485 960 605 985 manu
634 946 782 998 scripta
812 953 972 986 extant:
1001 950 1075 988 τοῦ
1091 946 1135 987 ἐν
1161 942 1580 987 Κωνσιαντινουπόλει
1600 958 1712 986 avve·

250 1005 368 1058 δρίου
397 1001 497 1044 noc-td
524 1018 606 1043 των
629 1000 940 1055 ὑποδεξαμένων
970 1001 1046 1056 τήν
1076 1000 1245 1055 εἰρήνην
1268 1017 1345 1054 την
1366 1000 1465 1055 πρός
1482 1002 1556 1043 τὸν
1571 998 1714 1043 πᾶπαν

249 1064 402 1113 ψῆφον
415 1059 484 1100 καὶ
502 1056 755 1111 ἀπαιτήσεις,
786 1074 886 1111 quae
904 1060 1121 1098 ostendunt
1138 1065 1295 1097 narrata
1314 1059 1358 1096 in
1377 1058 1455 1096 hoc
1474 1058 1605 1110 capite
1625 1065 1714 1098 acta

251 1131 335 1156 esse
365 1116 510 1169 synodi
537 1116 713 1155 eiusdem
745 1116 795 1154 de
829 1131 909 1168 qua
932 1117 1148 1155 historicus
1173 1129 1213 1167 p.
1237 1117 1293 1158 50
1320 1128 1409 1167 sqq.
1442 1121 1586 1166 egerat.
1641 1114 1713 1153 sed

253 1188 347 1212 cum
373 1174 417 1212 id
437 1188 519 1212 non
542 1174 790 1225 exprimatur
808 1173 851 1210 in
877 1179 1094 1223 contextu,
1124 1185 1194 1223 ego
1221 1171 1328 1222 quod
1355 1168 1457 1212 κατοὶ
1481 1169 1527 1212 vd
1553 1168 1713 1212 σιωπώ-

253 1246 378 1284 μενον
406 1245 480 1282 per
508 1243 549 1268 se
573 1230 748 1282 scriptor
767 1230 937 1282 intelligi
959 1244 982 1268 a
1001 1202 1168 1269 lecton?
1171 1228 1325 1279 voluit,
1353 1227 1575 1280 σαφηνείας
1594 1225 1714 1282 χάριν

250 1288 373 1327 veibo
395 1287 654 1325 indicandum
676 1286 840 1326 credidi.
1698 1306 1707 1322 -,

366 1344 448 1382 Sub
468 1344 586 1381 finem
607 1344 748 1395 capitis
777 1344 840 1395 (p.
858 1343 912 1384 56
931 1356 970 1380 v.
993 1342 1072 1391 17)
1101 1341 1295 1392 significat
1314 1340 1573 1393 Pachymeres
1590 1354 1712 1392 nega-

251 1406 341 1439 tum
372 1401 420 1439 ab
450 1399 665 1439 Athanasio
692 1399 922 1452 patriarcha
951 1398 1218 1437 Alexandrino
1246 1411 1444 1437 assensum
1462 1397 1505 1434 in
1525 1403 1613 1436 acta
1637 1411 1713 1449 sy-

250 1458 370 1507 nodi,
413 1463 634 1508 utcumque
666 1456 890 1508 quaesitum
921 1455 994 1493 sub
1023 1454 1346 1493 interminatione
1370 1453 1631 1503 omittendae,
1671 1454 1713 1491 ni

250 1515 385 1561 daret,
415 1513 802 1551 commemorationis
828 1513 911 1550 eius
938 1526 958 1550 e
985 1511 1108 1550 sacris
1127 1511 1347 1563 diptychis.
1403 1511 1523 1563 plane
1543 1515 1714 1548 contra-

250 1570 357 1608 rium
392 1583 465 1606 suo
495 1569 675 1620 periculo
704 1576 743 1607 et
769 1570 879 1607 nulla
909 1569 987 1606 fide
1015 1568 1187 1606 affirmat
1213 1567 1478 1618 interpolator
1498 1565 1714 1604 Vaticanus

250 1627 312 1664 sic
339 1624 487 1664 diserte
515 1625 714 1663 scribens:
751 1625 820 1665 καὶ
851 1627 1011 1665 πολλῶν
1037 1623 1259 1676 λεγομένων
1287 1622 1397 1671 τέλος
1424 1624 1715 1663 καθυποκλίνει

248 1682 318 1723 καὶ
338 1680 386 1722 τοὶ
407 1678 627 1734 ζητούμενα
646 1681 846 1734 ἐκπληροῖ.
904 1681 1046 1718 multis
1075 1681 1183 1718 ultro
1212 1681 1392 1731 citroque
1408 1679 1600 1730 allegatis
1617 1686 1714 1717 tan-

249 1739 341 1777 dem
364 1737 659 1776 Alexandrinus
683 1736 759 1774 (lat
779 1751 951 1786 manus,
980 1743 1016 1773 et
1035 1751 1139 1788 quae
1154 1736 1472 1788 postulabantur
1491 1737 1713 1787 exequitur.

250 1809 348 1834 cave
375 1796 536 1834 credas:
564 1800 682 1846 negat
710 1794 814 1833 enim
841 1794 884 1832 id
914 1799 1071 1832 tantum
1097 1806 1181 1832 non
1210 1792 1357 1831 diserte
1386 1791 1568 1831 oculatus
1599 1791 1713 1831 testis

250 1852 524 1904 Pachymeres.
1488 1872 1490 1875 -

366 1923 406 1961 p.
437 1909 491 1950 59
521 1922 559 1948 v.
590 1910 631 1949 8.
690 1907 771 1945 Cur
803 1906 901 1944 haec
938 1904 1054 1945 Anna
1093 1905 1283 1956 Eulogiae
1318 1903 1539 1943 Andronici
1573 1881 1716 1943 amitae

251 1965 353 2015 filia,
388 1964 594 2003 Michaelis
615 1964 801 2016 despotae
825 1977 949 2011 uxor,
979 1968 1027 2000 ut
1044 1968 1200 2000 constat
1219 1975 1267 2000 ex
1284 1961 1405 2000 vol.1
1424 1975 1464 2013 p·
1487 1961 1569 2003 243
1588 1963 1714 2010 v.10,

252 2022 323 2061 hic
345 2028 384 2060 et
405 2022 501 2059 alibi
528 2022 737 2075 βασίλισσα
763 2021 898 2071 regina
917 2019 1023 2057 dicta
1043 2019 1268 2071 reperiatm
1276 2050 1287 2068 ,
1316 2017 1595 2068 quaerendum.
1650 2021 1714 2066 an,

254 2078 366 2128 quod
393 2093 475 2116 non
498 2084 651 2116 extaret
671 2078 728 2115 G1
730 2091 819 2115 aece
839 2075 1069 2115 femininum
1086 2075 1325 2114 vocabulum
1346 2087 1367 2112 e
1382 2073 1505 2112 verbo
1525 2069 1716 2124 δεσπότης

256 2133 425 2186 despota
451 2136 687 2184 formatum,
718 2148 796 2186 quo
817 2147 962 2171 uxores
983 2133 1238 2184 despotarum
1255 2130 1561 2181 insignirentur,
1590 2130 1714 2181 fictosq-

254 2193 406 2231 λισσῶν
422 2205 485 2229 eas
509 2192 775 2243 appellatione
795 2189 949 2239 dignari
969 2203 1061 2227 usus
1085 2187 1342 2226 obtinuerat?
1700 2204 1703 2205 ⁷

368 2261 408 2298 p-
427 2249 481 2290 65
503 2261 541 2286 v.
561 2252 602 2292 7.
659 2247 820 2285 Initium
846 2246 963 2284 huius
990 2245 1131 2297 capitis
1153 2245 1318 2295 quadam
1337 2243 1442 2281 inter
1459 2240 1613 2279 codices
1628 2238 1712 2277 dif-

255 2304 422 2342 ferentia
451 2303 673 2354 scriptume
700 2310 739 2341 et
765 2302 978 2354 antiquarii
1007 2302 1212 2353 scriptoris
1239 2300 1421 2338 affectata
1452 2297 1503 2335 ad
1523 2309 1607 2336 rem
1628 2308 1712 2334 non

250 2359 372 2398 valde
399 2366 533 2397 notam
565 2360 754 2397 allusione
788 2373 848 2397 me
874 2358 1005 2397 torsit.
1062 2357 1204 2396 horum
1227 2356 1402 2395 omnium
1426 2353 1492 2391 hic
1510 2351 1713 2390 reddenda

251 2415 358 2456 ratio
374 2415 516 2453 lectori
537 2421 606 2452 est.
663 2415 790 2453 codex
812 2415 1030 2454 Allatianus
1050 2413 1106 2451 ita
1125 2412 1335 2451 exhibebat
1354 2410 1462 2449 hunc
1479 2409 1634 2446 locum.
1663 2403 1713 2447 ον’

253 2487 354 2542 μην
362 2469 405 2511 δὲ
416 2469 507 2541 πρὸ
534 2473 608 2510 τοῦ
636 2486 734 2510 κατα
758 2467 994 2521 Λάμψακον
1017 2469 1085 2509 καὶ
1103 2486 1130 2521 η
1154 2469 1247 2520 δίκη
1267 2466 1331 2511 ἐπὶ
1351 2463 1544 2535 μήκιστον
1565 2460 1712 2532 χρόνον

253 2525 378 2581 ἀργός
403 2543 470 2580 ην.
526 2527 766 2565 Barberinus
793 2533 923 2565 autem
952 2526 1124 2576 optimus
1150 2523 1325 2563 omnium
1353 2518 1403 2562 ov’
1432 2518 1512 2573 μήν
1541 2518 1583 2559 δὲ
1611 2534 1711 2559 κατα

253 2582 494 2638 Λάμψακον
524 2580 601 2635 πρὸ
631 2585 718 2623 τοῦ.
775 2582 843 2620 sed
865 2583 915 2619 ad
934 2581 1147 2632 marginem
1168 2593 1190 2619 e
1206 2579 1363 2630 regione
1384 2590 1502 2615 manu
1531 2575 1712 2627 pet-auti.-

254 2657 331 2691 qua
360 2641 418 2680 sic
448 2639 644 2692 scriptum
669 2639 857 2676 habebat:
889 2653 936 2678 ου
963 2635 1046 2690 μὴν
1070 2635 1114 2677 δὲ
1134 2633 1235 2687 πρὸς
1257 2637 1329 2675 τοῦ
1348 2650 1446 2674 κατα
1463 2629 1710 2685 Λάμψακον.

252 2698 353 2737 haec
375 2697 538 2736 videtur
555 2696 639 2734 sola
660 2701 768 2734 recta
795 2694 939 2742 lectio,
971 2706 1087 2744 quam
1112 2692 1199 2730 ideo
1224 2704 1341 2730 unam
1373 2704 1461 2728 sum
1490 2689 1710 2740 amplexus.

252 2754 462 2806 operosior
488 2753 564 2792 fuit
589 2751 795 2803 inquisitio
825 2750 980 2789 fabulae
999 2755 1068 2787 aut
1084 2748 1295 2793 historiae,
1332 2760 1450 2799 quam
1475 2751 1614 2784 auctor
1632 2744 1711 2782 hoc

254 2811 345 2850 loco
365 2811 523 2861 innuit,
552 2809 612 2850 rei
632 2809 683 2848 ad
700 2810 956 2861 Lampsacum
973 2812 1117 2858 gestae.
1172 2802 1475 2858 circumspectis
1494 2802 1566 2841 diu
1586 2800 1712 2840 omni»
