1858 3126
261 174 360 223 814
653 176 962 221 OBSERVAT.
996 177 1305 225 PACHYMER.

259 287 535 326 Turcomanno
565 286 763 337 praesecto
786 286 965 339 Aegypti.
1023 287 1158 325 eodem
1182 301 1286 326 anno
1316 284 1567 329 Munkakaus'
1587 291 1700 330 Kaan

261 354 467 394 supremus
493 342 708 394 imperator
727 342 1015 393 Mogulensium
1034 344 1183 395 praelio
1206 344 1414 383 adversum
1438 356 1566 396 regem
1585 348 1702 385 Sina·—

260 408 349 438 rum
369 397 619 437 rebellantem
638 400 845 438 commisso
864 399 1001 450 sagitta
1021 399 1124 438 ictus
1146 401 1344 439 occubuit.
1401 401 1450 439 de
1470 401 1590 440 huius
1606 416 1701 442 suo-

259 454 436 492 cessione
455 454 557 492 inter
574 455 671 493 duos
695 456 777 493 eius
799 456 938 494 fratres
964 470 1035 508 per
1062 470 1185 495 annos
1220 457 1310 495 inde
1331 457 1549 496 octodecim
1573 465 1703 497 certa*

258 517 345 549 tum
364 516 432 559 est,
463 511 737 549 succumbente
755 511 922 562 denique
939 519 978 551 et
997 513 1133 552 cedere
1148 520 1284 551 coacto
1302 512 1495 564 Arigbuga
1512 520 1608 553 natu
1626 515 1704 553 mi-

258 580 360 605 nore
376 595 386 615 ‚
420 572 459 604 et
475 567 620 605 Kubla‘i
637 573 791 620 praeter
812 568 946 606 aetatis
964 571 1275 620 praerogativam
1292 569 1584 621 praestantibus
1605 584 1704 621 quo·
1748 586 1755 591 ·

258 636 336 674 que
364 624 637 662 commendato
669 624 846 674 dotibus,
885 626 1001 663 armis
1027 626 1142 664 etiam
1171 625 1430 677 praevalente.
1487 639 1564 676 quo
1592 627 1703 665 civiti

257 685 339 716 tam
359 679 467 730 longi
487 680 673 732 temporis
693 680 859 718 discidio
878 687 987 719 tanto
1005 682 1192 720 videlicet
1211 682 1352 720 certius
1373 681 1627 721 confirmatus
1644 689 1704 721 est

257 735 414 773 Hulacu
453 736 496 774 in
533 737 712 775 absoluto
750 743 948 775 tractuum
988 738 1280 787 occiduorum,
1330 738 1470 789 quibus
1508 746 1700 791 praeerat,

258 791 438 844 imperio.

372 847 443 886 Xl.
497 847 600 899 Ergo
619 848 654 886 is
672 853 717 887 ut
734 847 911 888 amissam
930 849 1040 887 clade
1061 849 1254 900 Cetbugae
1271 849 1423 900 Syriam
1442 856 1702 901 recuperaret,

259 917 362 942 anno
381 903 544 954 Hegirae
556 906 649 954 659,
670 905 738 956 qui
759 906 884 957 coepit
905 919 925 942 a
944 906 1006 944 die
1025 909 1051 948 6
1066 906 1287 944 Decembris
1303 906 1396 943 anni
1417 904 1560 943 Christi
1580 909 1701 956 1260,

258 966 298 999 et
317 967 598 1011 consequenter
625 961 795 999 excessit
823 962 864 999 in
890 969 1039 1014 partem
1065 963 1273 1000 maximam
1291 962 1383 999 anni
1409 961 1556 1000 Christi
1579 965 1709 1012 1261,-

256 1016 455 1067 ingentem
488 1030 650 1055 suorum
685 1018 904 1056 exercitum
935 1032 980 1056 eo
1013 1018 1122 1056 misit
1150 1018 1249 1056 duce
1283 1017 1453 1069 quodam
1486 1018 1702 1069 Gugaleio,

256 1073 326 1124 qui
345 1079 487 1111 cuncta
505 1073 634 1125 primo
662 1073 838 1113 adventu
859 1074 976 1113 facile
999 1075 1154 1124 subegit
1182 1074 1373 1112 Halebum
1393 1086 1538 1125 usque,
1566 1074 1702 1125 pluri—

254 1129 330 1167 mis
359 1131 503 1181 passim
533 1129 806 1168 obsistentium
838 1130 989 1171 occisis.
1045 1131 1115 1168 sed
1144 1143 1235 1168 cum
1256 1142 1518 1182 praepropere
1538 1130 1588 1168 ad
1605 1142 1700 1169 suos

253 1186 480 1224 revertisset
492 1215 503 1235 ,
532 1186 849 1238 supervenientes
867 1186 1147 1239 Aegyptiorum
1165 1198 1326 1238 magnae
1343 1186 1479 1238 copiae
1494 1185 1703 1236 Megalen·-

254 1241 361 1279 sibus
390 1242 520 1280 denuo
551 1243 706 1294 Syriam
734 1243 978 1294 eripuerunt.
1041 1243 1203 1281 interest
1229 1248 1362 1281 nostra
1396 1241 1465 1279 hic
1493 1241 1702 1281 observare

253 1297 366 1335 cuius
387 1298 574 1350 auspiciis
593 1298 688 1337 haec
706 1305 786 1337 tam
799 1300 895 1337 felix
911 1299 1194 1351 Aegyptiorum
1211 1297 1409 1349 expeditio
1427 1298 1479 1337 sit
1497 1305 1701 1351 susceptae

250 1354 303 1391 de
323 1353 402 1392 hoe
427 1355 530 1392 enim
561 1368 642 1393 non
668 1356 936 1407 perfunctorie
968 1356 1047 1406 agit
1077 1361 1212 1393 noster
1236 1353 1493 1405 Pachymeres
1513 1354 1543 1393 l.
1564 1356 1592 1396 8
1612 1367 1647 1392 c.
1671 1357 1700 1396 8

252 1410 280 1450 4
299 1416 336 1447 et
356 1411 382 1453 5
401 1412 497 1448 tomi
533 1411 698 1461 prioris,
737 1425 799 1450 res
828 1425 1024 1462 exequens
1053 1425 1075 1449 a
1100 1410 1291 1450 Michaele
1324 1410 1554 1460 Palaeologo
1572 1415 1700 1460 gestas

251 1465 385 1503 statim
415 1480 437 1503 a
459 1467 622 1505 solemni
651 1481 718 1505 sua
745 1470 1024 1517 coronatione,
1062 1481 1179 1519 quam
1209 1466 1363 1519 accepit
1384 1465 1602 1504 ministerio
1627 1479 1701 1518 pa-

252 1520 452 1559 triarchae
488 1523 662 1571 Arsenii‚
715 1531 835 1574 prout
871 1530 1057 1563 narratur
1079 1523 1225 1562 ibidem
1255 1537 1289 1561 c.
1318 1527 1357 1566 2.
1387 1523 1700 1561 demonstramus

252 1582 405 1622 autem,
434 1578 465 1616 l.
486 1580 510 1617 3
529 1579 858 1617 Observationum
879 1586 1102 1618 nostrarum
1125 1580 1175 1617 ad
1194 1593 1282 1618 eum
1301 1585 1450 1617 tomum
1468 1591 1503 1617 c.
1524 1577 1553 1618 4
1577 1583 1616 1615 et
1632 1579 1698 1627 10,

253 1645 340 1670 eam
371 1633 664 1671 coronationem
694 1635 925 1673 celebratam
950 1636 1070 1674 fuisse
1099 1649 1203 1673 anno
1225 1634 1371 1672 Christi
1391 1636 1512 1682 1261,
1541 1632 1620 1671 hoc
1637 1639 1700 1672 0⁸¹:

251 1688 325 1726 illo
348 1688 434 1740 ipso
465 1689 508 1726 in
535 1703 613 1741 quo
648 1703 755 1727 nunc
784 1698 964 1729 versatur
986 1690 1300 1742 Abulpharagius
1316 1722 1327 1739 ‚
1372 1702 1460 1727 eum
1487 1701 1700 1727 numerans

251 1743 421 1794 Hegirae
444 1746 541 1787 659.
599 1746 736 1784 scribit
752 1747 870 1797 igitur
888 1748 977 1785 loco
997 1747 1115 1785 modo
1135 1747 1310 1785 indicato
1329 1743 1586 1796 Pachymeres
1602 1744 1701 1783 soli-

253 1801 377 1838 citum
410 1801 637 1839 Michaelem
664 1802 713 1840 de
732 1803 807 1840 sibi
832 1803 1064 1841 stabiliendo
1089 1815 1225 1841 recens
1249 1807 1364 1855 parto
1381 1801 1568 1852 imperio,
1597 1814 1700 1852 quos

253 1856 425 1895 maxime
447 1864 626 1910 potentes
650 1858 752 1896 circa
780 1873 819 1897 se
850 1859 1050 1911 principes
1075 1858 1257 1908 videbat,
1289 1857 1363 1896 sibi
1386 1857 1593 1895 conciliare
1609 1863 1698 1896 stu-

255 1912 401 1952 duisse.
457 1927 504 1952 ac
535 1915 647 1953 facile
679 1915 879 1953 videntem
908 1916 1081 1954 eminere
1109 1921 1206 1953 tunc
1230 1913 1371 1967 opibus
1390 1913 1494 1951 inter
1506 1912 1698 1951 finitimos

255 1968 444 2020 dynastas
462 1969 612 2009 Chalai'i
632 1971 852 2023 principem
868 1971 1160 2017 Tocharorum,
1189 1970 1266 2009 hoc
1288 1977 1346 2008 est
1368 1969 1552 2019 Halacu,
1582 1969 1696 2007 cuius

254 2025 394 2063 crebro
417 2026 594 2064 meminit
613 2027 948 2079 Abulpllaragius‚
980 2034 1018 2066 et
1045 2027 1245 2066 Sultanem
1266 2025 1526 2078 Aethiopum,
1550 2025 1699 2063 utrius·-

253 2094 331 2131 que
359 2083 522 2131 gratiam
545 2083 691 2121 ambire
722 2084 861 2121 officiis
882 2084 1222 2136 legationibusque
1247 2083 1459 2121 affectasse.
1515 2093 1560 2120 ea
1581 2093 1697 2119 occa·-

253 2136 364 2174 sione
392 2137 440 2175 de
468 2139 631 2177 Sultane
660 2139 895 2192 Aethiopum
928 2146 1144 2185 memorat,
1182 2139 1302 2177 fuisse
1326 2139 1439 2176 illum
1461 2150 1600 2188 genere
1621 2136 1699 2174 Co·-

252 2205 411 2231 manum
424 2225 434 2242 ‚
464 2207 563 2244 quae
579 2196 684 2245 regio
701 2202 758 2233 est
778 2209 905 2248 prope
928 2197 1098 2234 Pontum
1121 2195 1318 2234 Euxinum
1333 2209 1344 2242 3
1373 2193 1468 2232 hinc
1485 2193 1578 2231 olim
1595 2204 1701 2231 νειμ.

251 2247 380 2286 ditum
400 2249 440 2286 in
464 2251 694 2288 servitutem
715 2252 906 2303 Aegyptio
925 2251 1100 2300 domino,
1128 2265 1197 2290 sua
1214 2251 1300 2289 illic
1318 2249 1512 2288 industria
1532 2247 1696 2287 serviles

251 2309 408 2342 catenas
432 2305 474 2342 in
495 2306 644 2356 regium
663 2307 840 2345 diadema
861 2314 1129 2346 commutasse.
1185 2307 1351 2345 eundem
1369 2306 1479 2343 addit
1499 2304 1543 2342 in
1557 2302 1696 2355 primis

250 2359 487 2410 prudentem
514 2361 715 2412 habitum3
757 2370 796 2401 et
817 2364 924 2414 quod
951 2365 995 2401 in
1028 2365 1208 2414 Aegypto
1239 2368 1353 2400 natos
1384 2373 1522 2412 parum
1547 2357 1695 2397 habiles

251 2415 403 2453 bellicis
433 2416 631 2456 laboribus
661 2419 836 2468 videret,
875 2419 1011 2458 emisse
1035 2432 1177 2471 pueros
1203 2431 1343 2468 magno
1369 2427 1531 2454 numero
1557 2427 1578 2452 e
1599 2415 1695 2465 Scy-

250 2470 334 2508 thia
365 2477 405 2509 et
431 2472 516 2510 aliis
542 2473 764 2523 regionibus
797 2481 908 2512 trans
938 2476 1129 2521 Pontum,
1170 2474 1311 2524 quibus
1332 2471 1436 2522 apud
1463 2483 1503 2509 se
1530 2470 1694 2508 nutritis

250 2527 420 2566 sortibus
443 2528 584 2566 deinde
609 2529 800 2568 militibus
835 2531 1046 2580 utebatur,
1076 2530 1326 2582 permittente
1345 2528 1386 2565 id
1404 2526 1693 2575 commercium,

250 2596 391 2634 magno
417 2584 475 2622 rei
503 2583 743 2622 Christianae
772 2586 1033 2634 detrimento,
1082 2586 1318 2636 imperatore
1348 2581 1560 2620 michaele:
1595 2581 1695 2619 hinc

252 2639 356 2678 enim
378 2646 533 2679 auctum
557 2641 699 2693 opibus
718 2641 890 2693 Aegypti
906 2642 1108 2679 Sultanem
1122 2640 1280 2677 Latinos
1300 2639 1556 2677 Palaestinam
1579 2649 1695 2676 occu-

252 2701 390 2747 pantes
415 2697 527 2735 illine
556 2697 769 2748 expulisse.
825 2696 923 2735 haec
950 2696 1230 2748 Pachymeres;
1269 2708 1369 2746 quae
1399 2694 1568 2732 multum
1593 2693 1695 2732 illu·-

251 2757 428 2791 strantur
443 2754 736 2806 comparatione
759 2766 850 2791 cum
869 2753 918 2790 iis
940 2766 1038 2804 quae
1058 2751 1374 2804 Abulpharagius
1389 2749 1465 2788 hoc
1486 2750 1575 2788 loco
1591 2749 1695 2788 scri-

253 2806 326 2848 bit.
384 2810 441 2847 ait
460 2810 564 2849 enim
578 2841 590 2860 ‚
621 2816 834 2862 postquam
853 2810 1033 2848 Kutuzus
1060 2809 1358 2846 Turcomannus
1378 2806 1547 2859 Aegypti
1564 2803 1699 2845 domi-
