1858 3126
457 197 561 243 LIB.
585 197 661 242 111.
728 195 1207 243 CHRONOLOGICUS.
1454 198 1549 244 803

111 310 169 350 28
186 306 410 359 expletum,
442 308 496 348 24
523 306 772 356 inchoatum,
799 305 996 345 Michaelis
1014 309 1066 348 12
1084 306 1306 354 evolutum,
1336 308 1387 348 18
1409 306 1549 347 initum

113 364 352 404 conveniret.
408 375 507 413 nego
533 370 663 402 autem
678 363 721 402 id
738 364 794 401 ita
811 375 914 411 esse,
942 368 980 400 et
1004 362 1066 399 aio
1086 362 1378 400 commemorari
1396 369 1549 414 teinpus

109 418 211 457 illud
239 431 288 456 ex
314 424 509 457 transacta
537 419 723 458 memoria
755 432 826 470 per
856 416 1228 469 anacephalaeosim3
1267 423 1308 455 et
1331 429 1380 455 ex
1413 419 1549 458 inultis
1570 429 1598 463 P
1620 429 1686 464 5352

109 475 270 522 aventin,
299 486 398 525 quae
415 474 532 512 simul
549 475 602 513 ibi
619 475 911 525 conglobantur,
930 474 1112 525 pleraque
1131 487 1212 511 non
1231 473 1334 511 illius
1349 486 1428 511 esse
1444 476 1549 524 anni,

110 530 180 580 qui
199 530 298 578 suit,
326 535 372 568 ut
396 542 508 580 saepe
528 531 678 568 dictum
696 536 774 579 est,
806 529 951 568 Christi
973 531 1101 579 1306,
1129 528 1197 567 sed
1215 529 1410 579 sequentis
1430 533 1549 574 1307.

36 619 40 622 .
111 598 218 624 nunc
236 592 386 624 caetera
407 599 505 635 qnae
525 587 575 624 ad
592 586 842 625 Rontzerium
861 585 1059 637 pertinent
1075 585 1298 627 reddamus.

219 641 290 680 IX.
345 642 442 679 Satis
464 642 624 692 diligens
640 648 774 681 noster
789 641 863 680 suit
880 643 920 679 in
939 641 1056 679 huius
1069 647 1109 679 et
1127 641 1370 692 promotione
1387 640 1428 679 in
1450 642 1547 679 Cae-—

110 709 259 734 saream
282 696 507 747 dignitatem
527 704 567 736 et
583 698 697 736 caede
715 711 793 736 non
811 697 937 738 multo
956 702 1043 748 post
1067 703 1199 734 secuta
1216 696 1445 744 referendis,
1474 698 1548 734 ad-

108 751 252 790 iunctis
275 753 388 790 etiam
415 753 518 791 notis
544 754 745 804 temporis,
776 753 843 790 sed
865 766 1029 803 quarum
1057 753 1186 803 aliqua
1212 753 1447 790 subobscura
1478 759 1549 791 est.

56 818 60 829 ⁵
108 807 233 845 tradit
252 807 506 859 Pachymeres
526 823 565 860 p.
586 811 668 852 522
688 822 726 847 V.
745 808 771 849 4
794 808 1043 846 Rontzerium
1064 808 1115 846 ad
1134 821 1174 846 se
1190 808 1302 845 missa
1321 808 1370 845 ab
1390 808 1548 847 Andru-

108 863 413 904 nicoCaesareae
439 864 636 915 dignitatis
654 863 815 915 insignia
834 865 1005 902 induisse
1021 877 1067 901 ac
1084 865 1158 902 rite
1177 864 1430 902 acclamatum
1449 864 1547 901 Cae-

107 931 232 956 sarem
248 919 363 957 suisse
382 918 446 957 die
464 935 547 971 qua
562 922 717 958 Lazari
735 921 966 958 resurrectio
986 920 1267 961 celebrabatur,
1322 919 1388 957 hic
1408 919 1488 958 dies
1506 921 1548 958 in

106 973 334 1013 kalendario
357 976 595 1015 Graecorum
617 982 675 1014 est
690 976 895 1014 sabbatum
914 975 1091 1026 contigue
1118 975 1351 1027 praecedens
1377 975 1546 1013 domini-

106 1042 191 1068 cam
211 1031 439 1082 palmarum.
493 1040 618 1083 ‘porro
642 1045 731 1070 cum
750 1032 817 1070 illo
839 1043 943 1070 ‘anno
963 1030 1053 1070 Chr.
1071 1034 1178 1073 1307
1198 1031 1351 1082 cyclum
1371 1032 1459 1069 solis
1478 1034 1546 1078 28,

105 1085 222 1124 lunae
247 1086 298 1128 15
317 1093 566 1136 numerante,
595 1087 789 1125 dominica
807 1086 1099 1125 resurrectionis
1125 1087 1305 1138 septiduo
1328 1088 1450 1125 serior
1471 1087 1547 1124 do—

105 1140 248 1180 minica
274 1142 491 1194 palmarum
520 1144 704 1182 inciderit
730 1143 774 1181 in
807 1146 860 1184 26
883 1142 1034 1191 Martii,
1071 1143 1274 1180 sabbatum
1302 1142 1434 1181 Lazari
1460 1143 1546 1193 pri-

106 1196 267 1235 dianum
293 1198 510 1237 dominicae
537 1200 754 1250 palmarum
774 1198 932 1236 omnino
958 1198 1078 1237 suerit
1099 1200 1151 1240 18
1167 1197 1301 1236 Martii
1322 1198 1416 1236 dies.
1471 1198 1546 1236 ad-

103 1251 229 1303 iungit
252 1252 314 1291 his
332 1260 464 1292 noster
484 1254 692 1293 historicus
715 1268 748 1293 c.
766 1254 952 1304 sequenti,
979 1253 1056 1292 hoc
1082 1259 1138 1291 est
1157 1267 1196 1304 p.
1209 1253 1292 1295 524
1311 1267 1350 1294 V.
1373 1258 1437 1301 12,
1468 1267 1544 1292 no·-

104 1321 202 1346 vum
219 1309 418 1348 Caesarem
438 1311 691 1348 Rontzerium
710 1310 934 1348 adeundum
957 1310 1028 1347 sibi
1051 1315 1206 1360 putasse
1220 1308 1445 1348 Michaelem
1460 1311 1545 1347 Au·-

103 1369 260 1414 gustum
286 1365 488 1414 iuniorem,
516 1368 583 1416 qui
611 1366 717 1416 apud
736 1366 1027 1417 Adrianopolim
1056 1371 1182 1403 castra
1208 1364 1400 1414 habebat3
1427 1378 1545 1416 prae—

103 1419 327 1483 misisseque
352 1420 440 1459 ideo
469 1421 520 1459 ad
542 1422 653 1460 illum
673 1422 839 1459 Asanem
858 1421 993 1459 uxoris
1012 1433 1104 1458 suae
1121 1422 1303 1468 fratrem,
1333 1434 1355 1458 a
1384 1434 1461 1470 quo
1491 1421 1546 1458 ait

102 1475 275 1526 primum
307 1476 493 1515 indicium
520 1479 677 1516 maturi
709 1478 910 1515 Rontzerii
936 1477 1128 1528 perlatum
1154 1476 1206 1514 ad
1231 1476 1458 1515 michaelem
1481 1475 1548 1513 die

104 1538 249 1569 ootava
265 1545 394 1583 supra
412 1534 638 1571 vicesimam
656 1532 974 1574 Βοὲιίνοιηίοηιὲς.
1010 1534 1316 1585 Βοηδρομιῶνος
1332 1534 1545 1584 τοιγαροῦν

100 1582 224 1639 ὄγδόη
238 1584 429 1639 λήγοντος
449 1583 515 1640 ἦν.
569 1589 829 1627 Boedromion
845 1588 936 1626 alibi
945 1601 1095 1639 sempei
1110 1587 1378 1639 aPachymere
1399 1587 1542 1625 dicitur

101 1640 246 1693 Aprilis
262 1643 414 1681 mensis.
443 1644 512 1682 sed
523 1657 573 1682 ne
586 1644 652 1682 hic
668 1645 724 1682 ita
741 1645 993 1695 intelligatur,
1012 1658 1059 1694 pr
1062 1643 1193 1682 ohibet
1202 1643 1310 1693 quod
1324 1656 1363 1694 p.
1374 1643 1454 1684 525
1467 1656 1505 1681 v·
1515 1647 1543 1685 2

102 1697 232 1745 addit,
268 1707 416 1750 quarta
430 1701 543 1750 feria
561 1708 656 1752 post
675 1699 966 1738 hebdomadam
985 1700 1153 1737 leomae
1169 1698 1544 1747 admissumjicisse

102 1753 154 1791 ab
172 1753 364 1805 Augusto
389 1755 607 1795 Caesarem.
654 1756 866 1795 hebdomas
885 1755 1058 1794 Thomae
1076 1761 1135 1794 est
1149 1754 1255 1805 apud
1277 1755 1444 1791 Graecos
1459 1754 1543 1790 sine

100 1808 183 1847 ullo
207 1809 326 1848 dubio
353 1823 397 1847 ea
419 1824 517 1861 quae
537 1812 713 1862 sequitur
736 1818 914 1850 octavam
933 1811 1119 1858 Paschae,
1149 1825 1172 1847 a
1194 1809 1306 1847 nobis
1331 1809 1474 1846 dictam
1499 1810 1543 1845 in

102 1863 208 1900 albis
224 1871 293 1902 aut
312 1868 433 1915 quasi
454 1867 593 1917 mo‹lo‚·
621 1868 662 1905 in
685 1881 760 1917 qua
784 1867 975 1905 dominica
993 1873 1083 1917 post
1098 1864 1243 1903 Pascha
1262 1864 1388 1914 prima
1404 1863 1543 1901 Graeci

99 1917 195 1956 item
213 1925 260 1957 ut
275 1920 414 1967 Latini,
432 1921 535 1959 inter
549 1936 657 1959 sacra
678 1923 845 1960 1ecitant
861 1935 1009 1959 comma
1027 1919 1213 1969 evangelii
1230 1931 1280 1956 ex
1297 1932 1331 1958 c.
1351 1921 1405 1959 20
1422 1918 1541 1956 Ioan-

101 1974 183 2021 nis,
227 1987 305 2024 quo
331 1982 516 2014 narratur
557 1977 750 2014 dubitatio
778 1977 949 2014 Thomae
982 1976 1147 2026 apostoli
1182 1974 1230 2011 de
1255 1973 1540 2011 resurrectione

101 2028 246 2067 Clu-isti
269 2030 447 2067 convicta
473 2038 686 2082 curataque
706 2037 815 2069 tactu
839 2044 1038 2069 sacrorum
1070 2032 1150 2067 eius
1175 2029 1404 2076 vulnerum,
1432 2028 1540 2066 unde

46 2132 50 2135 .
98 2097 243 2122 nomen
273 2084 525 2124 hebdomadis
554 2087 725 2124 Thomae
756 2087 944 2137 contiguis
968 2086 1032 2123 isti
1063 2084 1279 2123 dominicae
1301 2084 1436 2122 diebus
1464 2096 1539 2122 usu

101 2140 339 2178 Graecorum
365 2140 551 2180 adhaesit.
606 2142 852 2180 manifestum
880 2154 999 2192 porro
1030 2147 1088 2178 est
1113 2139 1398 2178 hebdomadam
1428 2138 1538 2177 Tho-

99 2207 186 2234 mae
205 2195 272 2234 illo
296 2210 421 2245 anno,
449 2197 528 2246 qni,
555 2203 602 2234 ut
618 2197 875 2245 ostendimus,
902 2196 1047 2234 Pascha
1066 2198 1119 2237 26
1134 2196 1265 2233 Martii
1285 2194 1444 2240 habuit,
1473 2207 1539 2231 se-

101 2252 168 2301 qui
189 2265 270 2290 non
292 2252 461 2303 potuisse
481 2253 582 2296 diem
605 2255 658 2293 28
681 2253 832 2303 Aprilis.
875 2252 943 2289 sed
962 2264 1086 2301 neque
1104 2251 1279 2300 sequenti
1296 2263 1399 2288 anno
1419 2249 1536 2289 Chri-

99 2307 149 2344 sti
172 2310 295 2349 1308:
322 2321 412 2345 nam
431 2308 506 2345 hoc
521 2307 668 2345 Pascha
686 2309 727 2346 in
745 2307 887 2358 Aprilis
904 2308 956 2349 14
974 2307 1125 2344 incidit.
1154 2307 1276 2356 igitur
1295 2305 1399 2344 aliud
1418 2318 1534 2356 quam

99 2361 270 2414 Aprilem
288 2364 442 2401 nomine
462 2364 754 2402 Boedromionis
771 2363 846 2400 hoc
863 2363 949 2400 loco
968 2363 1155 2414 expressit
1169 2361 1435 2413 Pachymeres.
1463 2373 1535 2398 nec

100 2423 160 2456 est
178 2431 325 2456 novum
342 2419 450 2457 illum
467 2420 621 2456 variare
638 2420 679 2456 in
698 2418 1019 2470 appellationibus
1034 2418 1236 2464 mensium,
1265 2424 1400 2469 utpote
1420 2430 1535 2467 quem

101 2479 208 2511 certo
228 2473 594 2526 deprehenderimus
618 2475 863 2523 Ianuarium,
893 2486 1006 2523 quem
1035 2474 1134 2512 solet
1160 2486 1302 2512 vocare
1323 2475 1535 2511 Hecatom-

99 2527 293 2577 baconem,
322 2530 529 2580 aliquando
544 2532 788 2568 Lenaeonem
804 2530 1025 2580 appellasse,
1053 2535 1092 2567 et
1106 2530 1338 2580 Augustum,
1357 2530 1419 2566 cui
1438 2541 1534 2565 con-

101 2585 230 2622 suevit
243 2585 470 2624 Posideonis
490 2587 836 2624 nomenclationem
858 2585 1052 2636 adaptare,
1086 2585 1203 2623 semel
1221 2585 1439 2634 designasse
1459 2595 1534 2619 vo-

100 2638 239 2676 cabulo
256 2642 623 2692 Maemacten'onis,
651 2655 730 2693 quo
753 2641 843 2679 alibi
865 2647 925 2678 est
956 2640 1093 2678 solitus
1120 2641 1274 2679 Iunium
1302 2639 1532 2690 exprimere.

100 2693 230 2742 itaque
260 2698 475 2735 necessario
504 2697 797 2748 intelligendum
822 2695 1149 2734 Boe'dromionem
1175 2709 1283 2734 nunc
1306 2692 1533 2743 Pachymeri

100 2747 286 2787 Martium
305 2750 396 2794 dici.
450 2752 560 2790 cuius
579 2753 651 2790 die
657 2756 724 2802 28,
748 2753 867 2790 tertia
883 2757 973 2803 post
998 2750 1142 2788 Pascha
1155 2752 1264 2798 seria,
1291 2750 1464 2788 monitus
1484 2748 1534 2786 de

101 2803 301 2843 Rontzerii
319 2806 493 2846 adventu
510 2807 692 2857 Micha'el,
718 2808 786 2846 ubi
804 2820 893 2846 enm
918 2820 959 2844 se
980 2806 1165 2846 benevole
1186 2812 1439 2857 excepturum
1461 2803 1533 2841 de-
