1858 3126
478 122 596 203 LIB..
616 157 692 206 ΠΙ.
764 158 1254 209 GHRONOLOGIGUS.
1510 164 1610 210 865

151 261 251 326 ffi·
279 260 444 324 39..Ὓὴ
471 263 636 300 hamno-
679 268 918 318 palmarum,
945 269 1028 309 sive
1046 269 1175 322 pridie
1197 270 1280 310 eius
1294 270 1396 321 sesti,
1414 273 1523 324 quod
1539 274 1609 314 ino

229 316 238 327 '
295 305 430 371 anemii}
513 305 599 374 man:
623 345 626 347 Δ
681 339 786 364 anno
800 325 949 364 Pascha
964 326 1135 365 habente
1150 330 1206 372 26
1217 329 1350 367 Martii
1367 330 1527 369 omnino
1547 332 1609 370 in-

170 417 173 420 ,
278 361 444 425 ωεῗμιω
470 363 628 394 Andromci
679 382 776 421 cidit
793 382 837 421 in
855 386 908 425 19
924 382 1098 422 eiusdem
1116 385 1272 434 mensis,
1303 398 1349 422 ac
1364 399 1609 438 consequen-

144 437 252 478 1307
358 437 386 478 8
521 437 577 478 25
676 444 739 477 ter
754 438 992 491 praecedens
1006 440 1214 479 sabbatum
1230 439 1423 483 19Mart‘ii
1431 443 1608 483 dismiri-

477 487 624 517 ⁸¹⁵⁰¹¹³5L
677 495 791 543 sedit,
819 496 1056 535 Rontzerius
1075 497 1248 536 Caesaris
1267 498 1433 550 insignia
1451 500 1500 538 ab
1521 500 1607 539 An-

521 525 575 567 14
675 551 841 590 dronico
863 552 1102 604 imperatore
1124 554 1175 592 ad
1194 567 1235 592 se
1251 556 1388 604 missa,
1418 570 1507 594 cum
1526 558 1604 596 tri-—

673 608 748 646 bus
767 614 808 647 et
823 608 984 660 triginta
1005 623 1257 650 nummorum
1276 625 1489 652 aureorum
1507 614 1600 653 mil-
1623 619 1652 654 P
1677 621 1744 658 627

672 664 787 714 libus,
813 665 1039 704 solemniter
1057 666 1201 708 induit.
1258 667 1285 706 l.
1307 671 1333 710 6
1354 682 1388 706 c.
1409 673 1477 712 22.

727 721 963 760 Rontzerius
980 722 1058 760 iam
1083 724 1223 761 Caesar
1241 738 1330 762 cum
1354 725 1434 767 150
1454 725 1564 765 lectis
1581 739 1603 766 e
1629 757 1634 763 .

671 790 835 815 suorum
860 791 1028 816 numero
1047 778 1346 832 Adrianopolim
1366 794 1406 819 se
1433 783 1601 833 confert,

670 833 917 872 salutaturus
938 835 1018 873 illic
1041 835 1269 875 Michaelem
1294 838 1490 877 iuniorem
1511 839 1600 879 Au-

668 895 854 941 gustum,
882 904 906 928 a
932 904 1011 942 quo
1030 893 1234 944 magnifice
1258 895 1466 946 excipitur.
1522 896 1552 938 l.
1572 899 1599 939 6

669 959 704 985 c.
731 949 801 988 23.

721 1001 959 1041 Rontzerius
980 1003 1122 1043 Caesar
1144 1004 1192 1042 ab
1210 1003 1342 1044 Alanis
1360 1006 1599 1048 interficitur

666 1057 924 1111 Adrianopoli
951 1059 993 1098 in
1022 1061 1109 1111 ipso
1139 1061 1252 1100 aditu
1273 1063 1442 1101 cubiculi
1461 1064 1598 1116 Augu-

665 1121 771 1165 stae,
796 1116 848 1154 ad
876 1129 995 1167 quam
1019 1117 1271 1157 salutandam
1298 1119 1597 1162 admittebatur.

664 1171 691 1210 l.
714 1174 740 1213 6
760 1184 794 1209 c.
813 1170 880 1214 24.

719 1227 813 1266 Eius
846 1228 1007 1266 comites
1033 1228 1076 1267 in
1110 1230 1331 1269 custodiam
1366 1237 1466 1271 tunc
1499 1232 1597 1284 dati,

662 1286 910 1335 postea-fuga
927 1285 1095 1324 evadere
1113 1294 1313 1337 conantes,
1343 1288 1500 1338 obsessi,
1518 1304 1597 1342 op-

662 1341 848 1391 pugnati,
876 1341 964 1392 igne
994 1341 1191 1395 absumpti
1214 1350 1321 1382 sunt.
1379 1345 1403 1382 l.
1427 1348 1452 1387 6
1475 1359 1509 1384 c.
1529 1351 1597 1388 33.

719 1397 895 1435 Catelani
931 1397 1110 1449 callipoli
1130 1428 1140 1447 ,
1179 1400 1249 1438 ubi
1286 1400 1595 1441 dominabantur

661 1452 849 1491 Romanis
881 1452 935 1491 ibi
964 1454 1181 1494 crudeliter
1210 1456 1447 1505 intersectis,
1485 1459 1594 1496 obsi-

662 1508 808 1548 dentur
829 1509 878 1547 ab
899 1511 1077 1549 exercitu
1097 1513 1297 1562 Romano,
1332 1514 1431 1551 duce
1450 1528 1592 1566 magno

659 1566 903 1616 primicerio:
941 1567 1009 1605 sed
1042 1568 1266 1615 obsidione,
1295 1569 1437 1608 fraude
1463 1571 1593 1623 impe-

658 1623 772 1659 tratis
803 1622 990 1672 indutiis,
1019 1623 1153 1662 laxata
1181 1638 1311 1663 arcem
1336 1627 1443 1664 illam
1477 1641 1592 1667 com-

657 1678 861 1727 meatibus,
878 1685 918 1716 et
930 1681 1136 1730 praesidiis
1156 1683 1354 1720 muniunt.
1411 1688 1496 1721 tum
1515 1698 1591 1723 au-

654 1734 711 1772 cti
748 1735 869 1786 copiis
913 1736 1089 1787 regiones
1123 1739 1321 1776 Romanas
1366 1738 1588 1783 incursant.

653 1791 885 1830 Perinthum
902 1791 965 1829 die
983 1796 1038 1835 28
1053 1794 1147 1831 Maii
1167 1795 1207 1832 vi
1228 1794 1401 1844 capiunt,
1422 1795 1587 1845 puberi-

652 1847 726 1883 bus
746 1848 798 1884 ibi
818 1848 983 1898 repertis
1007 1850 1155 1888 occisis.
1204 1855 1243 1887 et
1263 1850 1398 1887 eadem
1420 1850 1483 1888 die
1499 1858 1588 1890 tra-

651 1902 753 1938 iecto
780 1904 881 1939 freto
903 1903 1031 1952 ignem
1059 1906 1174 1943 tectis
1198 1906 1358 1943 rusticis
1386 1919 1457 1957 per
1475 1921 1586 1947 cam-

651 1970 724 2007 pos
740 1957 934 2005 iniiciunt,
955 1958 1091 1997 obvios
1111 1974 1267 2011 quoque
1285 1962 1583 2014 obtruncantes,

652 2018 691 2049 et
713 2018 907 2051 terrorem
930 2014 1040 2052 urbis
1059 2017 1183 2066 ipsius
1209 2018 1335 2068 portis
1354 2018 1582 2070 admovent,

651 2069 957 2119 confugientium
990 2071 1034 2107 in
1072 2077 1206 2111 tutum
1234 2073 1309 2111 vix
1338 2075 1581 2125 capientibus

649 2123 809 2162 turbam
828 2125 853 2162 l.
874 2128 900 2166 6
918 2138 950 2162 c.
969 2127 1037 2168 25.

706 2180 918 2218 Cuiusdam
968 2181 1142 2220 Catelani
1194 2182 1245 2220 ad
1299 2183 1580 2235 imperatorem

646 2236 893 2287 transfugae,
926 2249 1041 2286 quem
1065 2239 1097 2276 is
1120 2238 1332 2278 Amiralem
1361 2248 1578 2293 creaverat,

647 2291 822 2343 proditio
844 2292 1051 2342 detegitur.
1105 2294 1132 2331 l.
1152 2297 1177 2336 5
1199 2308 1230 2333 c.
1252 2298 1323 2337 26.

703 2347 799 2385 Inde
819 2348 1009 2386 seditione
1034 2349 1075 2387 in
1100 2350 1199 2388 urbe
1223 2352 1437 2398 concitata,
1464 2353 1575 2405 plebs

647 2404 962 2453 quaerendorum
1021 2405 1296 2445 catelanorum
1366 2408 1572 2448 latentium

235 2363 245 2592 Ι
645 2466 856 2510 praetextu
878 2459 991 2498 aedes
1021 2462 1166 2501 civium
1193 2462 1327 2515 diripit
1353 2470 1391 2502 et
1414 2465 1573 2503 inflam-

644 2516 951 2621 m³{}e1{¹};¹'d·lloc
975 2577 1034 2610 est
1060 2573 1242 2612 monachi
1268 2574 1417 2623 Latini,
1450 2574 1570 2614 domo

644 2633 684 2666 et
702 2629 869 2680 templo,
899 2640 998 2679 quae
1018 2642 1208 2668 consensu
1226 2629 1471 2680 imperatoris
1501 2633 1567 2670 in-

603 2636 614 2845 Ι
642 2690 706 2723 tra
722 2685 862 2724 urbem
883 2684 1099 2736 habebant,
1128 2698 1199 2737 per
1216 2685 1474 2725 Athanasium
1493 2701 1567 2739 pa-

641 2741 857 2780 triarcham
897 2741 1163 2792 expelluntur.
1226 2741 1421 2781 exarchus
1457 2743 1567 2781 Pisa-

641 2809 728 2848 nus,
740 2798 826 2849 ·qui
841 2798 876 2836 ei
892 2798 1112 2837 executioni
1130 2799 1365 2850 praefuerat,
1384 2811 1455 2851 per
1471 2800 1569 2839 sub-

174 2851 346 2897 Georgius
375 2852 600 2898 Pachymeres
627 2856 678 2891 ΙΙ.
1241 2855 1296 2897 55
