<?xml version="1.0" encoding="UTF-8"?>
<!DOCTYPE html PUBLIC "-//W3C//DTD XHTML 1.0 Transitional//EN"
    "http://www.w3.org/TR/xhtml1/DTD/xhtml1-transitional.dtd">
<html xmlns="http://www.w3.org/1999/xhtml" xml:lang="en" lang="en">
 <head>
  <title>
</title>
<meta http-equiv="Content-Type" content="text/html;charset=utf-8" />
  <meta name='ocr-system' content='tesseract 3.04.00' />
  <meta name='ocr-capabilities' content='ocr_page ocr_carea ocr_par ocr_line ocrx_word'/>
</head>
<body>
  <div class='ocr_page' id='page_1' title='image "./corpusscriptorum18niebuoft_0423.png"; bbox 0 0 1858 3126; ppageno 0'>
   <div class='ocr_carea' id='block_1_1' title="bbox 381 152 1639 201">
    <p class='ocr_par' dir='ltr' id='par_1_1' title="bbox 381 152 1639 201">
     <span class='ocr_line' id='line_1_1' title="bbox 381 152 1639 201; baseline 0 -1"><span class='ocrx_word' id='word_1_1' title='bbox 381 157 455 200; x_wconf 88' lang='lat' dir='ltr'>DE</span> <span class='ocrx_word' id='word_1_2' title='bbox 491 154 824 199; x_wconf 85' lang='lat' dir='ltr'>ANDRONICO</span> <span class='ocrx_word' id='word_1_3' title='bbox 855 154 1233 199; x_wconf 77' lang='lat' dir='ltr'><strong>PALAEOLOGO</strong></span> <span class='ocrx_word' id='word_1_4' title='bbox 1267 155 1314 199; x_wconf 86' lang='lat' dir='ltr'>L.</span> <span class='ocrx_word' id='word_1_5' title='bbox 1336 156 1391 199; x_wconf 86' lang='lat' dir='ltr'>V.</span> <span class='ocrx_word' id='word_1_6' title='bbox 1540 152 1639 201; x_wconf 85' lang='lat'>407</span> 
     </span>
    </p>
   </div>
   <div class='ocr_carea' id='block_1_2' title="bbox 118 266 1777 1554">
    <p class='ocr_par' dir='ltr' id='par_1_2' title="bbox 176 266 1777 531">
     <span class='ocr_line' id='line_1_2' title="bbox 177 266 1777 326; baseline -0.001 -12"><span class='ocrx_word' id='word_1_7' title='bbox 177 270 372 324; x_wconf 75' lang='grc' dir='ltr'><strong><em>βασιλεῦς</em></strong></span> <span class='ocrx_word' id='word_1_8' title='bbox 408 267 760 326; x_wconf 78' lang='grc' dir='ltr'><strong><em>ἆποκρουόμενος,</em></strong></span> <span class='ocrx_word' id='word_1_9' title='bbox 790 272 864 311; x_wconf 82' lang='grc' dir='ltr'>τοῦ</span> <span class='ocrx_word' id='word_1_10' title='bbox 887 267 946 323; x_wconf 83' lang='grc' dir='ltr'>μὴ</span> <span class='ocrx_word' id='word_1_11' title='bbox 972 267 1153 310; x_wconf 73' lang='grc' dir='ltr'><strong><em>κάκεῖνον</em></strong></span> <span class='ocrx_word' id='word_1_12' title='bbox 1175 272 1451 321; x_wconf 75' lang='grc' dir='ltr'><strong><em>συνεισβαλεῖν</em></strong></span> <span class='ocrx_word' id='word_1_13' title='bbox 1464 266 1638 324; x_wconf 77' lang='grc' dir='ltr'><strong><em>ὈσιῙεν-</em></strong></span> <span class='ocrx_word' id='word_1_14' title='bbox 1659 278 1686 313; x_wconf 84' lang='lat' dir='ltr'><strong>P</strong></span> <span class='ocrx_word' id='word_1_15' title='bbox 1709 278 1777 314; x_wconf 76' lang='grc'>283</span> 
     </span>
     <span class='ocr_line' id='line_1_3' title="bbox 178 334 1635 398; baseline -0.003 -16"><span class='ocrx_word' id='word_1_16' title='bbox 178 337 423 398; x_wconf 73' lang='grc' dir='ltr'><strong><em>τισθλάβῳ,</em></strong></span> <span class='ocrx_word' id='word_1_17' title='bbox 455 337 560 381; x_wconf 80' lang='grc' dir='ltr'><strong><em>ἀλλά</em></strong></span> <span class='ocrx_word' id='word_1_18' title='bbox 588 356 631 393; x_wconf 81' lang='grc' dir='ltr'><strong><em>γε</em></strong></span> <span class='ocrx_word' id='word_1_19' title='bbox 665 340 732 381; x_wconf 78' lang='grc' dir='ltr'><strong><em>καὶ</em></strong></span> <span class='ocrx_word' id='word_1_20' title='bbox 764 334 1087 392; x_wconf 73' lang='grc' dir='ltr'><strong><em>προσεπαμύνειν</em></strong></span> <span class='ocrx_word' id='word_1_21' title='bbox 1102 334 1342 389; x_wconf 75' lang='grc' dir='ltr'><strong><em>Ῥωμαίοις,</em></strong></span> <span class='ocrx_word' id='word_1_22' title='bbox 1379 337 1415 379; x_wconf 76' lang='grc' dir='ltr'><strong><em>εἷ</em></strong></span> <span class='ocrx_word' id='word_1_23' title='bbox 1444 335 1635 389; x_wconf 82' lang='grc' dir='ltr'><strong><em>δυνατόν,</em></strong></span> 
     </span>
     <span class='ocr_line' id='line_1_4' title="bbox 177 403 1635 462; baseline -0.002 -12"><span class='ocrx_word' id='word_1_24' title='bbox 177 409 326 451; x_wconf 67' lang='grc' dir='ltr'><strong><em>ἐκεῖνον</em></strong></span> <span class='ocrx_word' id='word_1_25' title='bbox 367 408 442 461; x_wconf 70' lang='grc' dir='ltr'>μὲν</span> <span class='ocrx_word' id='word_1_26' title='bbox 481 407 650 460; x_wconf 73' lang='grc' dir='ltr'><strong><em>πέμψας</em></strong></span> <span class='ocrx_word' id='word_1_27' title='bbox 681 403 829 462; x_wconf 79' lang='grc' dir='ltr'><strong><em>δώροις</em></strong></span> <span class='ocrx_word' id='word_1_28' title='bbox 858 405 1012 454; x_wconf 75' lang='grc' dir='ltr'><strong><em>ἱκανοῖς</em></strong></span> <span class='ocrx_word' id='word_1_29' title='bbox 1040 406 1225 459; x_wconf 72' lang='grc' dir='ltr'><strong><em>ἐπειρᾶτο</em></strong></span> <span class='ocrx_word' id='word_1_30' title='bbox 1253 405 1635 459; x_wconf 73' lang='grc' dir='ltr'><strong><em>διεκμειλίσσεσθαι,</em></strong></span> 
     </span>
     <span class='ocr_line' id='line_1_5' title="bbox 176 470 1637 531; baseline -0.001 -13"><span class='ocrx_word' id='word_1_31' title='bbox 176 478 243 519; x_wconf 82' lang='grc' dir='ltr'>καὶ</span> <span class='ocrx_word' id='word_1_32' title='bbox 273 476 480 531; x_wconf 79' lang='grc' dir='ltr'><strong><em>προνοίαις</em></strong></span> <span class='ocrx_word' id='word_1_33' title='bbox 502 476 546 517; x_wconf 75' lang='grc' dir='ltr'><strong><em>ἐκ</em></strong></span> <span class='ocrx_word' id='word_1_34' title='bbox 568 480 641 530; x_wconf 81' lang='grc' dir='ltr'>τῆς</span> <span class='ocrx_word' id='word_1_35' title='bbox 665 473 874 528; x_wconf 77' lang='grc' dir='ltr'><strong><em>Ῥωμαίων</em></strong></span> <span class='ocrx_word' id='word_1_36' title='bbox 898 470 1084 527; x_wconf 77' lang='grc' dir='ltr'><strong><em>ἇγάλλειν</em></strong></span> <span class='ocrx_word' id='word_1_37' title='bbox 1110 473 1473 528; x_wconf 71' lang='grc' dir='ltr'>κατεπηγγέλλετο,</span> <span class='ocrx_word' id='word_1_38' title='bbox 1509 477 1561 530; x_wconf 86' lang='grc' dir='ltr'>τῇ</span> <span class='ocrx_word' id='word_1_39' title='bbox 1591 475 1637 516; x_wconf 75' lang='grc' dir='ltr'>δὲ</span> 
     </span>
    </p>

    <p class='ocr_par' dir='ltr' id='par_1_3' title="bbox 142 538 1684 874">
     <span class='ocr_line' id='line_1_6' title="bbox 142 538 1633 603; baseline -0.002 -16"><span class='ocrx_word' id='word_1_40' title='bbox 142 555 163 588; x_wconf 86' lang='grc'><strong>5</strong></span> <span class='ocrx_word' id='word_1_41' title='bbox 179 547 359 603; x_wconf 69' lang='grc' dir='ltr'><strong><em>πενθερᾷ</em></strong></span> <span class='ocrx_word' id='word_1_42' title='bbox 378 540 524 586; x_wconf 77' lang='grc' dir='ltr'><strong><em>τούτου</em></strong></span> <span class='ocrx_word' id='word_1_43' title='bbox 543 547 595 600; x_wconf 80' lang='grc' dir='ltr'>τῇ</span> <span class='ocrx_word' id='word_1_44' title='bbox 615 547 689 586; x_wconf 83' lang='grc' dir='ltr'>τοῦ</span> <span class='ocrx_word' id='word_1_45' title='bbox 711 543 913 596; x_wconf 75' lang='grc' dir='ltr'><strong><em>Σμίλτζου</em></strong></span> <span class='ocrx_word' id='word_1_46' title='bbox 931 538 1089 598; x_wconf 76' lang='grc' dir='ltr'><strong><em>συζῦγῳ</em></strong></span> <span class='ocrx_word' id='word_1_47' title='bbox 1099 573 1112 592; x_wconf 88' lang='grc'><strong><em>,</em></strong></span> <span class='ocrx_word' id='word_1_48' title='bbox 1145 539 1375 600; x_wconf 71' lang='grc' dir='ltr'><strong><em>αὖτανεψίᾳ</em></strong></span> <span class='ocrx_word' id='word_1_49' title='bbox 1399 541 1503 599; x_wconf 62' lang='grc' dir='ltr'><strong><em>οὔσῃ</em></strong></span> <span class='ocrx_word' id='word_1_50' title='bbox 1531 546 1633 596; x_wconf 83' lang='grc' dir='ltr'><strong><em>(τοῦ</em></strong></span> 
     </span>
     <span class='ocr_line' id='line_1_7' title="bbox 171 604 1634 669; baseline -0.001 -15"><span class='ocrx_word' id='word_1_51' title='bbox 171 612 250 669; x_wconf 76' lang='grc' dir='ltr'>γὰρ</span> <span class='ocrx_word' id='word_1_52' title='bbox 279 609 659 667; x_wconf 81' lang='grc' dir='ltr'><strong><em>σεβαστοκράτορος</em></strong></span> <span class='ocrx_word' id='word_1_53' title='bbox 688 610 1001 653; x_wconf 83' lang='grc' dir='ltr'><strong><em>Κωνσταντίνου</em></strong></span> <span class='ocrx_word' id='word_1_54' title='bbox 1027 606 1220 664; x_wconf 75' lang='grc' dir='ltr'>θυγάτηρ</span> <span class='ocrx_word' id='word_1_55' title='bbox 1251 604 1329 664; x_wconf 75' lang='grc' dir='ltr'>ἦν)</span> <span class='ocrx_word' id='word_1_56' title='bbox 1378 609 1431 651; x_wconf 84' lang='grc' dir='ltr'>τὰ</span> <span class='ocrx_word' id='word_1_57' title='bbox 1463 610 1634 664; x_wconf 78' lang='grc' dir='ltr'><strong><em>με’γιστα</em></strong></span> 
     </span>
     <span class='ocr_line' id='line_1_8' title="bbox 172 675 1633 736; baseline -0.001 -14"><span class='ocrx_word' id='word_1_58' title='bbox 172 675 467 736; x_wconf 73' lang='grc' dir='ltr'><strong><em>προσθαρρῶν,</em></strong></span> <span class='ocrx_word' id='word_1_59' title='bbox 497 677 551 728; x_wconf 81' lang='grc' dir='ltr'><strong><em>ὥς</em></strong></span> <span class='ocrx_word' id='word_1_60' title='bbox 571 678 643 721; x_wconf 85' lang='grc' dir='ltr'>τόν</span> <span class='ocrx_word' id='word_1_61' title='bbox 664 678 850 734; x_wconf 78' lang='grc' dir='ltr'><strong><em>γαμβρὸν</em></strong></span> <span class='ocrx_word' id='word_1_62' title='bbox 867 678 1111 734; x_wconf 74' lang='grc' dir='ltr'><strong><em>παραπείσοι</em></strong></span> <span class='ocrx_word' id='word_1_63' title='bbox 1131 678 1196 719; x_wconf 73' lang='grc' dir='ltr'>καὶ</span> <span class='ocrx_word' id='word_1_64' title='bbox 1219 677 1498 731; x_wconf 80' lang='grc' dir='ltr'><strong><em>ε’κμειλίξαιτο,</em></strong></span> <span class='ocrx_word' id='word_1_65' title='bbox 1530 678 1633 731; x_wconf 76' lang='grc' dir='ltr'><strong><em>πέμ-</em></strong></span> 
     </span>
     <span class='ocr_line' id='line_1_9' title="bbox 172 744 1634 804; baseline -0.002 -13"><span class='ocrx_word' id='word_1_66' title='bbox 172 761 260 802; x_wconf 83' lang='grc' dir='ltr'>ψας</span> <span class='ocrx_word' id='word_1_67' title='bbox 279 748 350 791; x_wconf 80' lang='grc' dir='ltr'>τὸν</span> <span class='ocrx_word' id='word_1_68' title='bbox 370 747 498 802; x_wconf 75' lang='grc' dir='ltr'><strong><em>αὐτῆς</em></strong></span> <span class='ocrx_word' id='word_1_69' title='bbox 526 747 704 804; x_wconf 78' lang='grc' dir='ltr'><strong><em>ἀδελφὸν</em></strong></span> <span class='ocrx_word' id='word_1_70' title='bbox 723 746 794 790; x_wconf 83' lang='grc' dir='ltr'>τὸν</span> <span class='ocrx_word' id='word_1_71' title='bbox 812 744 1098 801; x_wconf 81' lang='grc' dir='ltr'><strong><em>Παλαιολόγον</em></strong></span> <span class='ocrx_word' id='word_1_72' title='bbox 1117 745 1290 800; x_wconf 81' lang='grc' dir='ltr'><strong><em>Μιχαὴλ</em></strong></span> <span class='ocrx_word' id='word_1_73' title='bbox 1316 751 1401 795; x_wconf 85' lang='grc' dir='ltr'><strong><em>τοῖς</em></strong></span> <span class='ocrx_word' id='word_1_74' title='bbox 1425 747 1547 788; x_wconf 73' lang='grc' dir='ltr'><strong><em>ἐκεῖσε</em></strong></span> <span class='ocrx_word' id='word_1_75' title='bbox 1565 744 1634 788; x_wconf 85' lang='grc' dir='ltr'>τό-</span> 
     </span>
     <span class='ocr_line' id='line_1_10' title="bbox 172 810 1684 874; baseline -0.003 -15"><span class='ocrx_word' id='word_1_76' title='bbox 172 833 264 866; x_wconf 86' lang='grc' dir='ltr'><strong><em>ποις</em></strong></span> <span class='ocrx_word' id='word_1_77' title='bbox 281 814 476 874; x_wconf 76' lang='grc' dir='ltr'><strong><em>ᾠκονόμει</em></strong></span> <span class='ocrx_word' id='word_1_78' title='bbox 493 815 544 857; x_wconf 71' lang='lat' dir='ltr'>wi</span> <span class='ocrx_word' id='word_1_79' title='bbox 565 813 799 873; x_wconf 78' lang='grc' dir='ltr'><strong><em>πρόσφορα.</em></strong></span> <span class='ocrx_word' id='word_1_80' title='bbox 850 810 901 868; x_wconf 78' lang='grc' dir='ltr'>ἦν</span> <span class='ocrx_word' id='word_1_81' title='bbox 922 815 967 856; x_wconf 74' lang='grc' dir='ltr'>δὲ</span> <span class='ocrx_word' id='word_1_82' title='bbox 984 813 1176 868; x_wconf 70' lang='grc' dir='ltr'><strong><em>βασιλεὺς</em></strong></span> <span class='ocrx_word' id='word_1_83' title='bbox 1195 813 1369 868; x_wconf 74' lang='grc' dir='ltr'><strong><em>Μιχαὴλ</em></strong></span> <span class='ocrx_word' id='word_1_84' title='bbox 1386 813 1450 856; x_wconf 72' lang='grc' dir='ltr'><strong><em>ἐπὶ</em></strong></span> <span class='ocrx_word' id='word_1_85' title='bbox 1470 811 1630 864; x_wconf 77' lang='grc' dir='ltr'><strong><em>τούτοις</em></strong></span> <span class='ocrx_word' id='word_1_86' title='bbox 1656 821 1684 855; x_wconf 87' lang='grc' dir='ltr'>Β</span> 
     </span>
    </p>

    <p class='ocr_par' dir='ltr' id='par_1_4' title="bbox 121 880 1634 1213">
     <span class='ocr_line' id='line_1_11' title="bbox 121 880 1634 941; baseline -0.003 -13"><span class='ocrx_word' id='word_1_87' title='bbox 121 895 165 928; x_wconf 87' lang='grc'>10</span> <span class='ocrx_word' id='word_1_88' title='bbox 175 883 449 941; x_wconf 77' lang='grc' dir='ltr'><strong><em>προσδόκιμος</em></strong></span> <span class='ocrx_word' id='word_1_89' title='bbox 473 884 671 937; x_wconf 62' lang='grc' dir='ltr'><strong><em>ἐξελθεῖν,</em></strong></span> <span class='ocrx_word' id='word_1_90' title='bbox 707 885 788 926; x_wconf 76' lang='grc' dir='ltr'><strong><em>ἐπεὶ</em></strong></span> <span class='ocrx_word' id='word_1_91' title='bbox 809 885 875 925; x_wconf 82' lang='grc' dir='ltr'>καὶ</span> <span class='ocrx_word' id='word_1_92' title='bbox 897 880 1109 939; x_wconf 72' lang='grc' dir='ltr'><strong><em>ἐξηρτύετο</em></strong></span> <span class='ocrx_word' id='word_1_93' title='bbox 1130 881 1222 924; x_wconf 78' lang='grc' dir='ltr'><strong><em>κατ’</em></strong></span> <span class='ocrx_word' id='word_1_94' title='bbox 1245 883 1351 924; x_wconf 75' lang='grc' dir='ltr'><strong><em>ι’διάν</em></strong></span> <span class='ocrx_word' id='word_1_95' title='bbox 1370 881 1422 925; x_wconf 80' lang='grc' dir='ltr'>τὰ</span> <span class='ocrx_word' id='word_1_96' title='bbox 1443 882 1545 925; x_wconf 78' lang='grc' dir='ltr'><strong><em>οἷ’κοι</em></strong></span> <span class='ocrx_word' id='word_1_97' title='bbox 1568 885 1634 924; x_wconf 84' lang='grc' dir='ltr'>καὶ</span> 
     </span>
     <span class='ocr_line' id='line_1_12' title="bbox 171 949 1633 1011; baseline -0.002 -16"><span class='ocrx_word' id='word_1_98' title='bbox 171 957 392 1007; x_wconf 78' lang='grc' dir='ltr'><strong><em>βασιλικῶς</em></strong></span> <span class='ocrx_word' id='word_1_99' title='bbox 416 952 681 1011; x_wconf 72' lang='grc' dir='ltr'><strong><em>ᾠκονομεῖτο·</em></strong></span> <span class='ocrx_word' id='word_1_100' title='bbox 719 949 970 1006; x_wconf 76' lang='grc' dir='ltr'><strong><em>ἀποβαλόντι</em></strong></span> <span class='ocrx_word' id='word_1_101' title='bbox 990 951 1068 1007; x_wconf 80' lang='grc' dir='ltr'>γὰρ</span> <span class='ocrx_word' id='word_1_102' title='bbox 1088 951 1140 993; x_wconf 81' lang='grc' dir='ltr'>τὰ</span> <span class='ocrx_word' id='word_1_103' title='bbox 1163 950 1468 1006; x_wconf 69' lang='grc' dir='ltr'><strong><em>ἀποτεταγμένη</em></strong></span> <span class='ocrx_word' id='word_1_104' title='bbox 1490 951 1528 993; x_wconf 80' lang='grc' dir='ltr'><strong><em>οἳ</em></strong></span> <span class='ocrx_word' id='word_1_105' title='bbox 1551 955 1633 994; x_wconf 78' lang='grc' dir='ltr'>τῶν</span> 
     </span>
     <span class='ocr_line' id='line_1_13' title="bbox 172 1019 1631 1077; baseline -0.001 -14"><span class='ocrx_word' id='word_1_106' title='bbox 172 1025 374 1077; x_wconf 81' lang='grc' dir='ltr'><strong><em>προνοιιῖιν</em></strong></span> <span class='ocrx_word' id='word_1_107' title='bbox 395 1020 490 1063; x_wconf 77' lang='grc' dir='ltr'><strong><em>κατ’</em></strong></span> <span class='ocrx_word' id='word_1_108' title='bbox 511 1020 715 1075; x_wconf 73' lang='grc' dir='ltr'><strong><em>ἀνατολὴν</em></strong></span> <span class='ocrx_word' id='word_1_109' title='bbox 737 1022 780 1063; x_wconf 74' lang='grc' dir='ltr'><strong><em>ἐκ</em></strong></span> <span class='ocrx_word' id='word_1_110' title='bbox 801 1024 875 1075; x_wconf 76' lang='grc' dir='ltr'>τῆς</span> <span class='ocrx_word' id='word_1_111' title='bbox 891 1024 972 1063; x_wconf 84' lang='grc' dir='ltr'>τῶν</span> <span class='ocrx_word' id='word_1_112' title='bbox 987 1019 1220 1076; x_wconf 80' lang='grc' dir='ltr'><strong><em>Ἀγαρηνῶν</em></strong></span> <span class='ocrx_word' id='word_1_113' title='bbox 1240 1019 1463 1068; x_wconf 71' lang='grc' dir='ltr'><strong><em>ἐπιθέσεως</em></strong></span> <span class='ocrx_word' id='word_1_114' title='bbox 1482 1036 1631 1075; x_wconf 89' lang='grc' dir='ltr'><strong><em>προσε-</em></strong></span> 
     </span>
     <span class='ocr_line' id='line_1_14' title="bbox 172 1085 1630 1146; baseline -0.002 -13"><span class='ocrx_word' id='word_1_115' title='bbox 172 1093 371 1146; x_wconf 77' lang='grc' dir='ltr'><strong><em>κυροῦντο</em></strong></span> <span class='ocrx_word' id='word_1_116' title='bbox 399 1089 514 1144; x_wconf 82' lang='grc' dir='ltr'><strong><em>παρὰ</em></strong></span> <span class='ocrx_word' id='word_1_117' title='bbox 542 1089 699 1146; x_wconf 84' lang='grc' dir='ltr'><strong><em>πατρὸς</em></strong></span> <span class='ocrx_word' id='word_1_118' title='bbox 727 1089 778 1131; x_wconf 77' lang='grc' dir='ltr'>τὰ</span> <span class='ocrx_word' id='word_1_119' title='bbox 809 1088 914 1131; x_wconf 82' lang='grc' dir='ltr'><strong><em>κατὰ</em></strong></span> <span class='ocrx_word' id='word_1_120' title='bbox 947 1086 1063 1130; x_wconf 54' lang='lat' dir='ltr'>divona</span> <span class='ocrx_word' id='word_1_121' title='bbox 1099 1085 1289 1142; x_wconf 81' lang='grc' dir='ltr'><strong><em>κτήματα</em></strong></span> <span class='ocrx_word' id='word_1_122' title='bbox 1318 1095 1392 1129; x_wconf 84' lang='grc' dir='ltr'>τοῦ</span> <span class='ocrx_word' id='word_1_123' title='bbox 1429 1085 1630 1130; x_wconf 77' lang='grc' dir='ltr'><strong><em>δεσπότου</em></strong></span> 
     </span>
     <span class='ocr_line' id='line_1_15' title="bbox 170 1154 1631 1213; baseline -0.003 -11"><span class='ocrx_word' id='word_1_124' title='bbox 170 1155 367 1212; x_wconf 78' lang='grc' dir='ltr'><strong><em>ΙΙῙιχαήλ,</em></strong></span> <span class='ocrx_word' id='word_1_125' title='bbox 403 1156 516 1207; x_wconf 79' lang='grc' dir='ltr'><strong><em>ὅσοις</em></strong></span> <span class='ocrx_word' id='word_1_126' title='bbox 543 1157 626 1213; x_wconf 75' lang='grc' dir='ltr'><strong><em>ι’ίρα</em></strong></span> <span class='ocrx_word' id='word_1_127' title='bbox 651 1159 717 1200; x_wconf 78' lang='grc' dir='ltr'><strong><em>καὶ</em></strong></span> <span class='ocrx_word' id='word_1_128' title='bbox 750 1155 771 1199; x_wconf 81' lang='grc' dir='ltr'><strong><em>ὃ</em></strong></span> <span class='ocrx_word' id='word_1_129' title='bbox 803 1156 1000 1213; x_wconf 76' lang='grc' dir='ltr'><strong><em>πενθερὸς</em></strong></span> <span class='ocrx_word' id='word_1_130' title='bbox 1019 1157 1168 1198; x_wconf 73' lang='grc' dir='ltr'><strong><em>ἐκείνου</em></strong></span> <span class='ocrx_word' id='word_1_131' title='bbox 1186 1154 1379 1210; x_wconf 67' lang='grc' dir='ltr'><strong><em>βασιλεῦς</em></strong></span> <span class='ocrx_word' id='word_1_132' title='bbox 1395 1155 1569 1211; x_wconf 72' lang='grc' dir='ltr'><strong><em>,Μιχαὴλ</em></strong></span> <span class='ocrx_word' id='word_1_133' title='bbox 1589 1158 1631 1198; x_wconf 77' lang='grc' dir='ltr'><strong><em>ἓκ</em></strong></span> 
     </span>
    </p>

    <p class='ocr_par' dir='ltr' id='par_1_5' title="bbox 118 1223 1680 1554">
     <span class='ocr_line' id='line_1_16' title="bbox 118 1223 1627 1282; baseline -0.003 -12"><span class='ocrx_word' id='word_1_134' title='bbox 118 1235 161 1270; x_wconf 86' lang='grc'>15</span> <span class='ocrx_word' id='word_1_135' title='bbox 173 1224 326 1276; x_wconf 72' lang='grc' dir='ltr'><strong><em>δύσεως</em></strong></span> <span class='ocrx_word' id='word_1_136' title='bbox 346 1225 507 1281; x_wconf 77' lang='grc' dir='ltr'><strong><em>ἀγαγών</em></strong></span> <span class='ocrx_word' id='word_1_137' title='bbox 524 1224 604 1268; x_wconf 76' lang='grc' dir='ltr'>ὖπό</span> <span class='ocrx_word' id='word_1_138' title='bbox 622 1232 811 1282; x_wconf 53' lang='grc' dir='ltr'><strong><em>ᾳιρικταΐς</em></strong></span> <span class='ocrx_word' id='word_1_139' title='bbox 836 1223 1068 1280; x_wconf 68' lang='grc' dir='ltr'><strong><em>ὁμολογίαις</em></strong></span> <span class='ocrx_word' id='word_1_140' title='bbox 1087 1225 1152 1266; x_wconf 81' lang='grc' dir='ltr'><strong><em>καὶ</em></strong></span> <span class='ocrx_word' id='word_1_141' title='bbox 1175 1228 1226 1281; x_wconf 84' lang='grc' dir='ltr'>τῇ</span> <span class='ocrx_word' id='word_1_142' title='bbox 1249 1225 1426 1280; x_wconf 75' lang='grc' dir='ltr'><strong><em>θυγατρὶ</em></strong></span> <span class='ocrx_word' id='word_1_143' title='bbox 1453 1225 1627 1266; x_wconf 73' lang='grc' dir='ltr'><strong><em>συνοικί-</em></strong></span> 
     </span>
     <span class='ocr_line' id='line_1_17' title="bbox 171 1291 1680 1350; baseline -0.001 -12"><span class='ocrx_word' id='word_1_144' title='bbox 171 1312 249 1344; x_wconf 87' lang='grc' dir='ltr'>σας</span> <span class='ocrx_word' id='word_1_145' title='bbox 267 1298 582 1350; x_wconf 74' lang='grc' dir='ltr'><strong><em>μεγαλοπρεπῶς</em></strong></span> <span class='ocrx_word' id='word_1_146' title='bbox 602 1292 821 1349; x_wconf 77' lang='grc' dir='ltr'><strong><em>ἐπολυώρει</em></strong></span> <span class='ocrx_word' id='word_1_147' title='bbox 840 1295 907 1335; x_wconf 81' lang='grc' dir='ltr'>καὶ</span> <span class='ocrx_word' id='word_1_148' title='bbox 925 1292 980 1343; x_wconf 81' lang='grc' dir='ltr'><strong><em>ὥς</em></strong></span> <span class='ocrx_word' id='word_1_149' title='bbox 1001 1292 1187 1349; x_wconf 80' lang='grc' dir='ltr'><strong><em>γαμβρὸν</em></strong></span> <span class='ocrx_word' id='word_1_150' title='bbox 1206 1291 1367 1347; x_wconf 73' lang='grc' dir='ltr'><strong><em>ἤγαλλε.</em></strong></span> <span class='ocrx_word' id='word_1_151' title='bbox 1431 1291 1551 1350; x_wconf 89' lang='grc'>(19)</span> <span class='ocrx_word' id='word_1_152' title='bbox 1579 1292 1626 1336; x_wconf 81' lang='grc' dir='ltr'>τὸ</span> <span class='ocrx_word' id='word_1_153' title='bbox 1650 1299 1680 1331; x_wconf 86' lang='lat' dir='ltr'>C</span> 
     </span>
     <span class='ocr_line' id='line_1_18' title="bbox 172 1359 1629 1418; baseline -0.003 -12"><span class='ocrx_word' id='word_1_154' title='bbox 172 1363 216 1406; x_wconf 70' lang='grc' dir='ltr'>δ’</span> <span class='ocrx_word' id='word_1_155' title='bbox 250 1362 380 1405; x_wconf 73' lang='grc' dir='ltr'><strong><em>αἴτιον</em></strong></span> <span class='ocrx_word' id='word_1_156' title='bbox 410 1366 483 1417; x_wconf 89' lang='grc' dir='ltr'>τῆς</span> <span class='ocrx_word' id='word_1_157' title='bbox 512 1363 661 1405; x_wconf 75' lang='grc' dir='ltr'><strong><em>ἐκείνου</em></strong></span> <span class='ocrx_word' id='word_1_158' title='bbox 689 1362 968 1418; x_wconf 81' lang='grc' dir='ltr'><strong><em>ταλαιπωρίας</em></strong></span> <span class='ocrx_word' id='word_1_159' title='bbox 998 1362 1064 1403; x_wconf 85' lang='grc' dir='ltr'>καὶ</span> <span class='ocrx_word' id='word_1_160' title='bbox 1092 1361 1329 1414; x_wconf 74' lang='grc' dir='ltr'><strong><em>ἐπισχέσεως</em></strong></span> <span class='ocrx_word' id='word_1_161' title='bbox 1353 1359 1432 1415; x_wconf 75' lang='grc' dir='ltr'>ἤδη</span> <span class='ocrx_word' id='word_1_162' title='bbox 1462 1362 1536 1414; x_wconf 78' lang='grc' dir='ltr'>μὲν</span> <span class='ocrx_word' id='word_1_163' title='bbox 1562 1363 1629 1403; x_wconf 82' lang='grc' dir='ltr'>καὶ</span> 
     </span>
     <span class='ocr_line' id='line_1_19' title="bbox 170 1426 1627 1486; baseline -0.002 -13"><span class='ocrx_word' id='word_1_164' title='bbox 170 1430 527 1486; x_wconf 75' lang='grc' dir='ltr'><strong><em>προανατέτακτο,</em></strong></span> <span class='ocrx_word' id='word_1_165' title='bbox 566 1430 671 1484; x_wconf 74' lang='grc' dir='ltr'><strong><em>πλὴν</em></strong></span> <span class='ocrx_word' id='word_1_166' title='bbox 709 1429 852 1485; x_wconf 77' lang='grc' dir='ltr'><strong><em>ῥητέον</em></strong></span> <span class='ocrx_word' id='word_1_167' title='bbox 883 1431 949 1471; x_wconf 85' lang='grc' dir='ltr'>καὶ</span> <span class='ocrx_word' id='word_1_168' title='bbox 976 1428 1250 1481; x_wconf 74' lang='grc' dir='ltr'><strong><em>ἐντελὲστερον</em></strong></span> <span class='ocrx_word' id='word_1_169' title='bbox 1279 1427 1341 1471; x_wconf 82' lang='grc' dir='ltr'>ὅτι</span> <span class='ocrx_word' id='word_1_170' title='bbox 1371 1426 1627 1485; x_wconf 80' lang='grc' dir='ltr'><strong><em>στρατιώτας</em></strong></span> 
     </span>
     <span class='ocr_line' id='line_1_20' title="bbox 169 1495 1626 1554; baseline -0.002 -11"><span class='ocrx_word' id='word_1_171' title='bbox 169 1503 391 1552; x_wconf 77' lang='grc' dir='ltr'><strong><em>βασιλικῶν</em></strong></span> <span class='ocrx_word' id='word_1_172' title='bbox 411 1497 628 1554; x_wconf 76' lang='grc' dir='ltr'><strong><em>ἀλλαγίων,</em></strong></span> <span class='ocrx_word' id='word_1_173' title='bbox 653 1498 697 1541; x_wconf 76' lang='grc' dir='ltr'><strong><em>οἳ</em></strong></span> <span class='ocrx_word' id='word_1_174' title='bbox 711 1498 762 1554; x_wconf 80' lang='grc' dir='ltr'>δὴ</span> <span class='ocrx_word' id='word_1_175' title='bbox 782 1500 847 1541; x_wconf 82' lang='grc' dir='ltr'>καὶ</span> <span class='ocrx_word' id='word_1_176' title='bbox 869 1497 1112 1553; x_wconf 80' lang='grc' dir='ltr'><strong><em>ἀντολιήθεν</em></strong></span> <span class='ocrx_word' id='word_1_177' title='bbox 1132 1496 1439 1547; x_wconf 77' lang='grc' dir='ltr'><strong><em>ἀποικισθέντες</em></strong></span> <span class='ocrx_word' id='word_1_178' title='bbox 1462 1497 1503 1548; x_wconf 79' lang='grc' dir='ltr'>ἓξ</span> <span class='ocrx_word' id='word_1_179' title='bbox 1523 1495 1626 1540; x_wconf 70' lang='grc' dir='ltr'><strong><em>ὕπο-</em></strong></span> 
     </span>
    </p>
   </div>
   <div class='ocr_carea' id='block_1_3' title="bbox 258 1607 502 1654">
    <p class='ocr_par' dir='ltr' id='par_1_6' title="bbox 258 1607 502 1654">
     <span class='ocr_line' id='line_1_21' title="bbox 258 1607 502 1654; baseline -0.008 -9"><span class='ocrx_word' id='word_1_180' title='bbox 258 1610 292 1645; x_wconf 79' lang='lat'>4.</span> <span class='ocrx_word' id='word_1_181' title='bbox 315 1607 378 1654; x_wconf 75' lang='grc' dir='ltr'>δὲ]</span> <span class='ocrx_word' id='word_1_182' title='bbox 402 1620 441 1654; x_wconf 81' lang='grc' dir='ltr'><strong><em>γε</em></strong></span> <span class='ocrx_word' id='word_1_183' title='bbox 463 1609 502 1643; x_wconf 87' lang='grc' dir='ltr'>Ρ.</span> 
     </span>
    </p>
   </div>
   <div class='ocr_carea' id='block_1_4' title="bbox 165 1698 1624 2839">
    <p class='ocr_par' dir='ltr' id='par_1_7' title="bbox 165 1698 1624 2839">
     <span class='ocr_line' id='line_1_22' title="bbox 169 1698 1624 1747; baseline -0.003 -12"><span class='ocrx_word' id='word_1_184' title='bbox 169 1699 363 1743; x_wconf 70' lang='lat' dir='ltr'><strong>obtinebat,</strong></span> <span class='ocrx_word' id='word_1_185' title='bbox 393 1710 645 1746; x_wconf 78' lang='lat' dir='ltr'>praeoccupare</span> <span class='ocrx_word' id='word_1_186' title='bbox 674 1699 766 1734; x_wconf 85' lang='lat' dir='ltr'>illum</span> <span class='ocrx_word' id='word_1_187' title='bbox 799 1700 897 1735; x_wconf 90' lang='lat' dir='ltr'>donis</span> <span class='ocrx_word' id='word_1_188' title='bbox 919 1700 1010 1735; x_wconf 84' lang='lat' dir='ltr'>haud</span> <span class='ocrx_word' id='word_1_189' title='bbox 1032 1698 1149 1747; x_wconf 80' lang='lat' dir='ltr'>parvis</span> <span class='ocrx_word' id='word_1_190' title='bbox 1171 1699 1318 1742; x_wconf 88' lang='lat' dir='ltr'>studuit,</span> <span class='ocrx_word' id='word_1_191' title='bbox 1350 1711 1415 1734; x_wconf 91' lang='lat' dir='ltr'>non</span> <span class='ocrx_word' id='word_1_192' title='bbox 1439 1698 1624 1743; x_wconf 80' lang='lat' dir='ltr'>desperans</span> 
     </span>
     <span class='ocr_line' id='line_1_23' title="bbox 170 1745 1622 1791; baseline -0.003 -10"><span class='ocrx_word' id='word_1_193' title='bbox 170 1748 221 1781; x_wconf 85' lang='lat' dir='ltr'>sic</span> <span class='ocrx_word' id='word_1_194' title='bbox 241 1747 402 1791; x_wconf 84' lang='lat' dir='ltr'>consequi</span> <span class='ocrx_word' id='word_1_195' title='bbox 417 1758 455 1780; x_wconf 83' lang='lat' dir='ltr'>se</span> <span class='ocrx_word' id='word_1_196' title='bbox 478 1757 600 1790; x_wconf 84' lang='lat' dir='ltr'>posse,</span> <span class='ocrx_word' id='word_1_197' title='bbox 622 1758 688 1780; x_wconf 88' lang='lat' dir='ltr'>non</span> <span class='ocrx_word' id='word_1_198' title='bbox 712 1747 811 1780; x_wconf 89' lang='lat' dir='ltr'>modo</span> <span class='ocrx_word' id='word_1_199' title='bbox 838 1759 880 1780; x_wconf 92' lang='lat' dir='ltr'>ne</span> <span class='ocrx_word' id='word_1_200' title='bbox 902 1747 932 1780; x_wconf 87' lang='lat' dir='ltr'>is</span> <span class='ocrx_word' id='word_1_201' title='bbox 955 1759 1034 1781; x_wconf 85' lang='lat' dir='ltr'>suas</span> <span class='ocrx_word' id='word_1_202' title='bbox 1057 1746 1172 1791; x_wconf 86' lang='lat' dir='ltr'>copias</span> <span class='ocrx_word' id='word_1_203' title='bbox 1194 1747 1228 1780; x_wconf 91' lang='lat' dir='ltr'>in</span> <span class='ocrx_word' id='word_1_204' title='bbox 1254 1747 1479 1780; x_wconf 84' lang='lat' dir='ltr'>Romanorum</span> <span class='ocrx_word' id='word_1_205' title='bbox 1501 1745 1622 1778; x_wconf 78' lang='lat' dir='ltr'>damna</span> 
     </span>
     <span class='ocr_line' id='line_1_24' title="bbox 168 1790 1622 1837; baseline -0.003 -10"><span class='ocrx_word' id='word_1_206' title='bbox 168 1791 288 1827; x_wconf 72' lang='lat' dir='ltr'>fratris</span> <span class='ocrx_word' id='word_1_207' title='bbox 309 1793 380 1826; x_wconf 82' lang='lat' dir='ltr'>filio</span> <span class='ocrx_word' id='word_1_208' title='bbox 401 1791 622 1836; x_wconf 81' lang='lat' dir='ltr'>adiungeret,</span> <span class='ocrx_word' id='word_1_209' title='bbox 642 1792 703 1826; x_wconf 88' lang='lat' dir='ltr'>sed</span> <span class='ocrx_word' id='word_1_210' title='bbox 727 1798 766 1825; x_wconf 89' lang='lat' dir='ltr'>ut</span> <span class='ocrx_word' id='word_1_211' title='bbox 789 1799 908 1826; x_wconf 81' lang='lat' dir='ltr'>contra</span> <span class='ocrx_word' id='word_1_212' title='bbox 931 1804 992 1837; x_wconf 91' lang='lat' dir='ltr'>pro</span> <span class='ocrx_word' id='word_1_213' title='bbox 1014 1792 1156 1837; x_wconf 89' lang='lat' dir='ltr'>imperio</span> <span class='ocrx_word' id='word_1_214' title='bbox 1179 1797 1358 1837; x_wconf 75' lang='lat' dir='ltr'><strong>pugnaret.</strong></span> <span class='ocrx_word' id='word_1_215' title='bbox 1403 1791 1438 1824; x_wconf 93' lang='lat' dir='ltr'>in</span> <span class='ocrx_word' id='word_1_216' title='bbox 1463 1801 1534 1823; x_wconf 84' lang='lat' dir='ltr'>eam</span> <span class='ocrx_word' id='word_1_217' title='bbox 1557 1790 1622 1834; x_wconf 82' lang='lat' dir='ltr'>igi—</span> 
     </span>
     <span class='ocr_line' id='line_1_25' title="bbox 169 1835 1621 1883; baseline -0.002 -12"><span class='ocrx_word' id='word_1_218' title='bbox 169 1843 228 1872; x_wconf 86' lang='lat' dir='ltr'>tur</span> <span class='ocrx_word' id='word_1_219' title='bbox 248 1849 343 1882; x_wconf 87' lang='lat' dir='ltr'>spem</span> <span class='ocrx_word' id='word_1_220' title='bbox 366 1838 454 1871; x_wconf 86' lang='lat' dir='ltr'>bene</span> <span class='ocrx_word' id='word_1_221' title='bbox 476 1838 645 1882; x_wconf 79' lang='lat' dir='ltr'>impensas</span> <span class='ocrx_word' id='word_1_222' title='bbox 666 1838 863 1881; x_wconf 78' lang='lat' dir='ltr'>largitiones</span> <span class='ocrx_word' id='word_1_223' title='bbox 884 1845 994 1879; x_wconf 80' lang='lat' dir='ltr'>ratus,</span> <span class='ocrx_word' id='word_1_224' title='bbox 1016 1844 1155 1883; x_wconf 88' lang='lat' dir='ltr'>praeter</span> <span class='ocrx_word' id='word_1_225' title='bbox 1178 1848 1316 1870; x_wconf 80' lang='lat' dir='ltr'>munem</span> <span class='ocrx_word' id='word_1_226' title='bbox 1338 1836 1442 1869; x_wconf 81' lang='lat' dir='ltr'>missa</span> <span class='ocrx_word' id='word_1_227' title='bbox 1460 1835 1621 1868; x_wconf 77' lang='lat' dir='ltr'>Eltemeri</span> 
     </span>
     <span class='ocr_line' id='line_1_26' title="bbox 168 1880 1619 1928; baseline -0.003 -11"><span class='ocrx_word' id='word_1_228' title='bbox 168 1883 294 1917; x_wconf 82' lang='lat' dir='ltr'>obtulit</span> <span class='ocrx_word' id='word_1_229' title='bbox 311 1894 441 1917; x_wconf 76' lang='lat' dir='ltr'>annuas</span> <span class='ocrx_word' id='word_1_230' title='bbox 463 1894 483 1916; x_wconf 91' lang='lat' dir='ltr'>e</span> <span class='ocrx_word' id='word_1_231' title='bbox 503 1883 587 1917; x_wconf 87' lang='lat' dir='ltr'>fisco</span> <span class='ocrx_word' id='word_1_232' title='bbox 608 1894 668 1917; x_wconf 87' lang='lat' dir='ltr'>suo</span> <span class='ocrx_word' id='word_1_233' title='bbox 692 1887 881 1927; x_wconf 77' lang='lat' dir='ltr'><strong>pensiones,</strong></span> <span class='ocrx_word' id='word_1_234' title='bbox 903 1883 1124 1928; x_wconf 82' lang='lat' dir='ltr'>adhibuitque</span> <span class='ocrx_word' id='word_1_235' title='bbox 1146 1882 1190 1916; x_wconf 70' lang='lat' dir='ltr'>ad</span> <span class='ocrx_word' id='word_1_236' title='bbox 1213 1883 1277 1916; x_wconf 88' lang='lat' dir='ltr'>hoc</span> <span class='ocrx_word' id='word_1_237' title='bbox 1300 1881 1331 1915; x_wconf 90' lang='lat' dir='ltr'>ei</span> <span class='ocrx_word' id='word_1_238' title='bbox 1353 1880 1619 1926; x_wconf 85' lang='lat' dir='ltr'>persuadendum</span> 
     </span>
     <span class='ocr_line' id='line_1_27' title="bbox 170 1926 1620 1974; baseline -0.002 -12"><span class='ocrx_word' id='word_1_239' title='bbox 170 1939 304 1962; x_wconf 80' lang='lat' dir='ltr'>socrum</span> <span class='ocrx_word' id='word_1_240' title='bbox 324 1928 451 1972; x_wconf 87' lang='lat' dir='ltr'>ipsius,</span> <span class='ocrx_word' id='word_1_241' title='bbox 472 1939 610 1962; x_wconf 85' lang='lat' dir='ltr'>uxorem</span> <span class='ocrx_word' id='word_1_242' title='bbox 625 1929 805 1972; x_wconf 64' lang='lat' dir='ltr'>Summae,</span> <span class='ocrx_word' id='word_1_243' title='bbox 827 1935 961 1974; x_wconf 81' lang='lat' dir='ltr'><strong>neptem</strong></span> <span class='ocrx_word' id='word_1_244' title='bbox 984 1941 1027 1962; x_wconf 83' lang='lat' dir='ltr'>ex</span> <span class='ocrx_word' id='word_1_245' title='bbox 1048 1930 1156 1962; x_wconf 85' lang='lat' dir='ltr'>fratre</span> <span class='ocrx_word' id='word_1_246' title='bbox 1179 1939 1272 1961; x_wconf 85' lang='lat' dir='ltr'>suam</span> <span class='ocrx_word' id='word_1_247' title='bbox 1296 1928 1396 1970; x_wconf 80' lang='lat' dir='ltr'>(nam</span> <span class='ocrx_word' id='word_1_248' title='bbox 1418 1926 1475 1959; x_wconf 84' lang='lat' dir='ltr'>illa</span> <span class='ocrx_word' id='word_1_249' title='bbox 1498 1936 1541 1959; x_wconf 85' lang='lat' dir='ltr'>ex</span> <span class='ocrx_word' id='word_1_250' title='bbox 1563 1937 1620 1960; x_wconf 86' lang='lat' dir='ltr'>se-</span> 
     </span>
     <span class='ocr_line' id='line_1_28' title="bbox 169 1971 1620 2018; baseline -0.002 -11"><span class='ocrx_word' id='word_1_251' title='bbox 169 1973 403 2007; x_wconf 74' lang='lat' dir='ltr'>bestomtore</span> <span class='ocrx_word' id='word_1_252' title='bbox 422 1977 503 2007; x_wconf 74' lang='lat' dir='ltr'>nats</span> <span class='ocrx_word' id='word_1_253' title='bbox 522 1973 742 2007; x_wconf 85' lang='lat' dir='ltr'>Constantino</span> <span class='ocrx_word' id='word_1_254' title='bbox 763 1974 885 2017; x_wconf 85' lang='lat' dir='ltr'>erat),</span> <span class='ocrx_word' id='word_1_255' title='bbox 911 1986 1010 2018; x_wconf 84' lang='lat' dir='ltr'>quam</span> <span class='ocrx_word' id='word_1_256' title='bbox 1032 1985 1094 2018; x_wconf 88' lang='lat' dir='ltr'>pro</span> <span class='ocrx_word' id='word_1_257' title='bbox 1116 1972 1404 2016; x_wconf 79' lang='lat' dir='ltr'>consanguinitate</span> <span class='ocrx_word' id='word_1_258' title='bbox 1425 1971 1543 2005; x_wconf 81' lang='lat' dir='ltr'>intima</span> <span class='ocrx_word' id='word_1_259' title='bbox 1565 1983 1620 2005; x_wconf 79' lang='lat' dir='ltr'>se-</span> 
     </span>
     <span class='ocr_line' id='line_1_29' title="bbox 170 2017 1620 2063; baseline -0.001 -11"><span class='ocrx_word' id='word_1_260' title='bbox 170 2029 267 2059; x_wconf 82' lang='lat' dir='ltr'>cum,</span> <span class='ocrx_word' id='word_1_261' title='bbox 289 2022 326 2051; x_wconf 84' lang='lat' dir='ltr'>et</span> <span class='ocrx_word' id='word_1_262' title='bbox 346 2018 593 2052; x_wconf 68' lang='lat' dir='ltr'>necessitudine</span> <span class='ocrx_word' id='word_1_263' title='bbox 614 2030 704 2062; x_wconf 85' lang='lat' dir='ltr'>quae</span> <span class='ocrx_word' id='word_1_264' title='bbox 725 2019 792 2063; x_wconf 81' lang='lat' dir='ltr'>ipsi</span> <span class='ocrx_word' id='word_1_265' title='bbox 815 2030 890 2052; x_wconf 78' lang='lat' dir='ltr'>cuin</span> <span class='ocrx_word' id='word_1_266' title='bbox 913 2019 1085 2053; x_wconf 80' lang='lat' dir='ltr'>Eltemere</span> <span class='ocrx_word' id='word_1_267' title='bbox 1107 2023 1228 2062; x_wconf 84' lang='lat' dir='ltr'>utpote</span> <span class='ocrx_word' id='word_1_268' title='bbox 1250 2029 1376 2059; x_wconf 77' lang='lat' dir='ltr'>genero</span> <span class='ocrx_word' id='word_1_269' title='bbox 1394 2017 1620 2050; x_wconf 83' lang='lat' dir='ltr'>intercederet</span> 
     </span>
     <span class='ocr_line' id='line_1_30' title="bbox 169 2062 1618 2109; baseline -0.001 -11"><span class='ocrx_word' id='word_1_270' title='bbox 169 2062 362 2104; x_wconf 72' lang='lat' dir='ltr'>artissima,</span> <span class='ocrx_word' id='word_1_271' title='bbox 393 2062 430 2096; x_wconf 91' lang='lat' dir='ltr'>in</span> <span class='ocrx_word' id='word_1_272' title='bbox 454 2063 572 2108; x_wconf 89' lang='lat' dir='ltr'>primis</span> <span class='ocrx_word' id='word_1_273' title='bbox 590 2063 743 2097; x_wconf 79' lang='lat' dir='ltr'>idoneam</span> <span class='ocrx_word' id='word_1_274' title='bbox 765 2065 845 2098; x_wconf 74' lang='lat' dir='ltr'>talis</span> <span class='ocrx_word' id='word_1_275' title='bbox 867 2070 1077 2109; x_wconf 82' lang='lat' dir='ltr'>sequestram</span> <span class='ocrx_word' id='word_1_276' title='bbox 1105 2062 1343 2106; x_wconf 78' lang='lat' dir='ltr'>negotiationis</span> <span class='ocrx_word' id='word_1_277' title='bbox 1365 2063 1439 2096; x_wconf 83' lang='lat' dir='ltr'>fore</span> <span class='ocrx_word' id='word_1_278' title='bbox 1461 2062 1618 2097; x_wconf 84' lang='lat' dir='ltr'>credidit.</span> 
     </span>
     <span class='ocr_line' id='line_1_31' title="bbox 169 2107 1615 2154; baseline -0.001 -11"><span class='ocrx_word' id='word_1_279' title='bbox 169 2109 206 2143; x_wconf 88' lang='lat' dir='ltr'>in</span> <span class='ocrx_word' id='word_1_280' title='bbox 228 2119 296 2154; x_wconf 89' lang='lat' dir='ltr'>quo</span> <span class='ocrx_word' id='word_1_281' title='bbox 318 2119 362 2142; x_wconf 89' lang='lat' dir='ltr'>ne</span> <span class='ocrx_word' id='word_1_282' title='bbox 382 2108 441 2142; x_wconf 81' lang='lat' dir='ltr'>illa</span> <span class='ocrx_word' id='word_1_283' title='bbox 462 2108 530 2142; x_wconf 87' lang='lat' dir='ltr'>sibi</span> <span class='ocrx_word' id='word_1_284' title='bbox 550 2114 710 2152; x_wconf 80' lang='lat' dir='ltr'>parceret</span> <span class='ocrx_word' id='word_1_285' title='bbox 731 2115 790 2142; x_wconf 85' lang='lat' dir='ltr'>aut</span> <span class='ocrx_word' id='word_1_286' title='bbox 813 2109 912 2143; x_wconf 90' lang='lat' dir='ltr'>ullam</span> <span class='ocrx_word' id='word_1_287' title='bbox 936 2109 1105 2142; x_wconf 81' lang='lat' dir='ltr'>omitteret</span> <span class='ocrx_word' id='word_1_288' title='bbox 1126 2115 1234 2142; x_wconf 77' lang='lat' dir='ltr'>artem</span> <span class='ocrx_word' id='word_1_289' title='bbox 1257 2107 1439 2142; x_wconf 86' lang='lat' dir='ltr'>deliniendi</span> <span class='ocrx_word' id='word_1_290' title='bbox 1455 2119 1615 2152; x_wconf 84' lang='lat' dir='ltr'>generum</span> 
     </span>
     <span class='ocr_line' id='line_1_32' title="bbox 168 2153 1616 2199; baseline -0.001 -10"><span class='ocrx_word' id='word_1_291' title='bbox 168 2160 206 2189; x_wconf 86' lang='lat' dir='ltr'>et</span> <span class='ocrx_word' id='word_1_292' title='bbox 237 2155 282 2189; x_wconf 77' lang='lat' dir='ltr'>ab</span> <span class='ocrx_word' id='word_1_293' title='bbox 313 2165 355 2188; x_wconf 89' lang='lat' dir='ltr'>eo</span> <span class='ocrx_word' id='word_1_294' title='bbox 383 2153 597 2188; x_wconf 82' lang='lat' dir='ltr'>eblandiendi</span> <span class='ocrx_word' id='word_1_295' title='bbox 623 2165 711 2198; x_wconf 78' lang='lat' dir='ltr'>quae</span> <span class='ocrx_word' id='word_1_296' title='bbox 739 2154 876 2187; x_wconf 86' lang='lat' dir='ltr'>volebat</span> <span class='ocrx_word' id='word_1_297' title='bbox 904 2155 1110 2199; x_wconf 76' lang='lat' dir='ltr'>imperator,</span> <span class='ocrx_word' id='word_1_298' title='bbox 1142 2153 1373 2198; x_wconf 69' lang='lat' dir='ltr'>instigatorem</span> <span class='ocrx_word' id='word_1_299' title='bbox 1403 2153 1435 2187; x_wconf 92' lang='lat' dir='ltr'>ei</span> <span class='ocrx_word' id='word_1_300' title='bbox 1465 2154 1616 2187; x_wconf 73' lang='lat' dir='ltr'>submisit</span> 
     </span>
     <span class='ocr_line' id='line_1_33' title="bbox 169 2198 1615 2243; baseline -0.001 -9"><span class='ocrx_word' id='word_1_301' title='bbox 169 2199 320 2235; x_wconf 87' lang='lat' dir='ltr'>mulieris</span> <span class='ocrx_word' id='word_1_302' title='bbox 341 2198 436 2233; x_wconf 88' lang='lat' dir='ltr'>istius</span> <span class='ocrx_word' id='word_1_303' title='bbox 457 2201 599 2234; x_wconf 74' lang='lat' dir='ltr'>fratrem</span> <span class='ocrx_word' id='word_1_304' title='bbox 622 2198 820 2232; x_wconf 70' lang='lat' dir='ltr'>Michaelem</span> <span class='ocrx_word' id='word_1_305' title='bbox 836 2199 1087 2243; x_wconf 72' lang='lat' dir='ltr'>palaeologum.</span> <span class='ocrx_word' id='word_1_306' title='bbox 1131 2199 1184 2233; x_wconf 86' lang='lat' dir='ltr'>his</span> <span class='ocrx_word' id='word_1_307' title='bbox 1204 2199 1238 2232; x_wconf 92' lang='lat' dir='ltr'>in</span> <span class='ocrx_word' id='word_1_308' title='bbox 1260 2205 1469 2233; x_wconf 74' lang='lat' dir='ltr'>antecessum</span> <span class='ocrx_word' id='word_1_309' title='bbox 1492 2200 1535 2233; x_wconf 81' lang='lat' dir='ltr'>ad</span> <span class='ocrx_word' id='word_1_310' title='bbox 1558 2205 1615 2233; x_wconf 91' lang='lat' dir='ltr'>tu-</span> 
     </span>
     <span class='ocr_line' id='line_1_34' title="bbox 168 2243 1614 2290; baseline -0.001 -10"><span class='ocrx_word' id='word_1_311' title='bbox 168 2246 270 2281; x_wconf 74' lang='lat' dir='ltr'>telam</span> <span class='ocrx_word' id='word_1_312' title='bbox 290 2244 380 2279; x_wconf 85' lang='lat' dir='ltr'>illius</span> <span class='ocrx_word' id='word_1_313' title='bbox 402 2245 516 2279; x_wconf 83' lang='lat' dir='ltr'>limitis</span> <span class='ocrx_word' id='word_1_314' title='bbox 538 2243 705 2290; x_wconf 78' lang='lat' dir='ltr'>provisis,</span> <span class='ocrx_word' id='word_1_315' title='bbox 736 2245 982 2289; x_wconf 78' lang='lat' dir='ltr'>expectabatur</span> <span class='ocrx_word' id='word_1_316' title='bbox 1009 2244 1119 2278; x_wconf 83' lang='lat' dir='ltr'>iturus</span> <span class='ocrx_word' id='word_1_317' title='bbox 1140 2245 1382 2289; x_wconf 78' lang='lat' dir='ltr'>quamprimum</span> <span class='ocrx_word' id='word_1_318' title='bbox 1403 2244 1483 2278; x_wconf 89' lang='lat' dir='ltr'>illuc</span> <span class='ocrx_word' id='word_1_319' title='bbox 1505 2245 1614 2278; x_wconf 90' lang='lat' dir='ltr'>iunior</span> 
     </span>
     <span class='ocr_line' id='line_1_35' title="bbox 168 2289 1612 2336; baseline -0.001 -10"><span class='ocrx_word' id='word_1_320' title='bbox 168 2294 342 2336; x_wconf 73' lang='lat' dir='ltr'>Augustus</span> <span class='ocrx_word' id='word_1_321' title='bbox 365 2290 534 2330; x_wconf 71' lang='lat' dir='ltr'>michael,</span> <span class='ocrx_word' id='word_1_322' title='bbox 564 2290 860 2334; x_wconf 76' lang='lat' dir='ltr'>instruebaturque</span> <span class='ocrx_word' id='word_1_323' title='bbox 881 2301 923 2324; x_wconf 82' lang='lat' dir='ltr'>ac</span> <span class='ocrx_word' id='word_1_324' title='bbox 944 2289 1117 2336; x_wconf 75' lang='lat' dir='ltr'>splendide</span> <span class='ocrx_word' id='word_1_325' title='bbox 1137 2290 1271 2324; x_wconf 83' lang='lat' dir='ltr'>interim</span> <span class='ocrx_word' id='word_1_326' title='bbox 1298 2291 1526 2325; x_wconf 78' lang='lat' dir='ltr'>adornabatur</span> <span class='ocrx_word' id='word_1_327' title='bbox 1547 2291 1612 2324; x_wconf 75' lang='lat' dir='ltr'>ista</span> 
     </span>
     <span class='ocr_line' id='line_1_36' title="bbox 169 2335 1612 2382; baseline -0.001 -11"><span class='ocrx_word' id='word_1_328' title='bbox 169 2337 336 2382; x_wconf 72' lang='lat' dir='ltr'>profectio</span> <span class='ocrx_word' id='word_1_329' title='bbox 358 2336 444 2370; x_wconf 86' lang='lat' dir='ltr'>eius.</span> <span class='ocrx_word' id='word_1_330' title='bbox 485 2336 531 2370; x_wconf 82' lang='lat' dir='ltr'>ad</span> <span class='ocrx_word' id='word_1_331' title='bbox 553 2335 643 2381; x_wconf 87' lang='lat' dir='ltr'>quod</span> <span class='ocrx_word' id='word_1_332' title='bbox 667 2347 752 2380; x_wconf 89' lang='lat' dir='ltr'>opus</span> <span class='ocrx_word' id='word_1_333' title='bbox 777 2335 842 2369; x_wconf 73' lang='lat' dir='ltr'>{uit</span> <span class='ocrx_word' id='word_1_334' title='bbox 864 2348 951 2370; x_wconf 81' lang='lat' dir='ltr'>nova</span> <span class='ocrx_word' id='word_1_335' title='bbox 970 2335 1029 2373; x_wconf 82' lang='lat' dir='ltr'>illi.</span> <span class='ocrx_word' id='word_1_336' title='bbox 1052 2335 1142 2369; x_wconf 89' lang='lat' dir='ltr'>unde</span> <span class='ocrx_word' id='word_1_337' title='bbox 1165 2336 1295 2381; x_wconf 85' lang='lat' dir='ltr'>imperii</span> <span class='ocrx_word' id='word_1_338' title='bbox 1317 2337 1513 2380; x_wconf 75' lang='lat' dir='ltr'>dignitatem</span> <span class='ocrx_word' id='word_1_339' title='bbox 1537 2347 1612 2370; x_wconf 82' lang='lat' dir='ltr'>sus-</span> 
     </span>
     <span class='ocr_line' id='line_1_37' title="bbox 165 2381 1611 2428; baseline -0.001 -11"><span class='ocrx_word' id='word_1_340' title='bbox 165 2383 312 2420; x_wconf 78' lang='lat' dir='ltr'>tineret.</span> <span class='ocrx_word' id='word_1_341' title='bbox 344 2382 512 2427; x_wconf 73' lang='lat' dir='ltr'>assignari</span> <span class='ocrx_word' id='word_1_342' title='bbox 534 2393 555 2415; x_wconf 86' lang='lat' dir='ltr'>a</span> <span class='ocrx_word' id='word_1_343' title='bbox 577 2385 676 2426; x_wconf 80' lang='lat' dir='ltr'>patre</span> <span class='ocrx_word' id='word_1_344' title='bbox 697 2381 897 2425; x_wconf 81' lang='lat' dir='ltr'>vectigalia,</span> <span class='ocrx_word' id='word_1_345' title='bbox 924 2381 1079 2426; x_wconf 78' lang='lat' dir='ltr'>quoniam</span> <span class='ocrx_word' id='word_1_346' title='bbox 1102 2393 1190 2426; x_wconf 84' lang='lat' dir='ltr'>quae</span> <span class='ocrx_word' id='word_1_347' title='bbox 1210 2382 1334 2416; x_wconf 89' lang='lat' dir='ltr'>dudum</span> <span class='ocrx_word' id='word_1_348' title='bbox 1355 2382 1420 2428; x_wconf 88' lang='lat' dir='ltr'>ipsi</span> <span class='ocrx_word' id='word_1_349' title='bbox 1441 2382 1475 2415; x_wconf 88' lang='lat' dir='ltr'>in</span> <span class='ocrx_word' id='word_1_350' title='bbox 1498 2382 1611 2425; x_wconf 84' lang='lat' dir='ltr'>regio—</span> 
     </span>
     <span class='ocr_line' id='line_1_38' title="bbox 167 2427 1609 2473; baseline -0.001 -11"><span class='ocrx_word' id='word_1_351' title='bbox 167 2428 266 2462; x_wconf 87' lang='lat' dir='ltr'>nibus</span> <span class='ocrx_word' id='word_1_352' title='bbox 289 2427 474 2462; x_wconf 79' lang='lat' dir='ltr'>Orientalis</span> <span class='ocrx_word' id='word_1_353' title='bbox 493 2433 625 2461; x_wconf 78' lang='lat' dir='ltr'>tractus</span> <span class='ocrx_word' id='word_1_354' title='bbox 646 2427 812 2461; x_wconf 75' lang='lat' dir='ltr'>attributa</span> <span class='ocrx_word' id='word_1_355' title='bbox 827 2428 983 2468; x_wconf 80' lang='lat' dir='ltr'>fuerant,</span> <span class='ocrx_word' id='word_1_356' title='bbox 1004 2427 1246 2461; x_wconf 74' lang='lat' dir='ltr'>incursionibus</span> <span class='ocrx_word' id='word_1_357' title='bbox 1268 2429 1496 2473; x_wconf 82' lang='lat' dir='ltr'>Agarenorum</span> <span class='ocrx_word' id='word_1_358' title='bbox 1521 2428 1609 2473; x_wconf 89' lang='lat' dir='ltr'>peri-</span> 
     </span>
     <span class='ocr_line' id='line_1_39' title="bbox 168 2472 1610 2518; baseline -0.001 -11"><span class='ocrx_word' id='word_1_359' title='bbox 168 2479 268 2508; x_wconf 80' lang='lat' dir='ltr'>erant</span> <span class='ocrx_word' id='word_1_360' title='bbox 298 2473 449 2508; x_wconf 79' lang='lat' dir='ltr'>funditus</span> <span class='ocrx_word' id='word_1_361' title='bbox 477 2473 646 2507; x_wconf 83' lang='lat' dir='ltr'>universa.</span> <span class='ocrx_word' id='word_1_362' title='bbox 692 2484 798 2518; x_wconf 77' lang='lat' dir='ltr'>quare</span> <span class='ocrx_word' id='word_1_363' title='bbox 829 2473 1001 2507; x_wconf 85' lang='lat' dir='ltr'>constituit</span> <span class='ocrx_word' id='word_1_364' title='bbox 1022 2484 1109 2506; x_wconf 86' lang='lat' dir='ltr'>nunc</span> <span class='ocrx_word' id='word_1_365' title='bbox 1132 2472 1183 2507; x_wconf 88' lang='lat' dir='ltr'>illi</span> <span class='ocrx_word' id='word_1_366' title='bbox 1205 2473 1316 2508; x_wconf 86' lang='lat' dir='ltr'>senior</span> <span class='ocrx_word' id='word_1_367' title='bbox 1338 2476 1507 2518; x_wconf 79' lang='lat' dir='ltr'>Augustus</span> <span class='ocrx_word' id='word_1_368' title='bbox 1531 2485 1610 2518; x_wconf 82' lang='lat' dir='ltr'>pos-</span> 
     </span>
     <span class='ocr_line' id='line_1_40' title="bbox 167 2516 1609 2565; baseline -0.001 -13"><span class='ocrx_word' id='word_1_369' title='bbox 167 2519 335 2553; x_wconf 74' lang='lat' dir='ltr'>sessiones</span> <span class='ocrx_word' id='word_1_370' title='bbox 366 2519 400 2552; x_wconf 90' lang='lat' dir='ltr'>in</span> <span class='ocrx_word' id='word_1_371' title='bbox 434 2519 585 2553; x_wconf 81' lang='lat' dir='ltr'>Ooeiduo</span> <span class='ocrx_word' id='word_1_372' title='bbox 618 2524 731 2552; x_wconf 77' lang='lat' dir='ltr'>tractu</span> <span class='ocrx_word' id='word_1_373' title='bbox 751 2518 837 2552; x_wconf 81' lang='lat' dir='ltr'>sitas</span> <span class='ocrx_word' id='word_1_374' title='bbox 859 2516 1037 2552; x_wconf 68' lang='lat' dir='ltr'>Michaelis</span> <span class='ocrx_word' id='word_1_375' title='bbox 1058 2518 1241 2564; x_wconf 78' lang='lat' dir='ltr'>despotse.</span> <span class='ocrx_word' id='word_1_376' title='bbox 1274 2518 1397 2565; x_wconf 74' lang='lat' dir='ltr'>quibus</span> <span class='ocrx_word' id='word_1_377' title='bbox 1417 2519 1509 2552; x_wconf 87' lang='lat' dir='ltr'>illum</span> <span class='ocrx_word' id='word_1_378' title='bbox 1532 2517 1609 2551; x_wconf 86' lang='lat' dir='ltr'>olim</span> 
     </span>
     <span class='ocr_line' id='line_1_41' title="bbox 168 2563 1611 2608; baseline -0.001 -10"><span class='ocrx_word' id='word_1_379' title='bbox 168 2564 272 2608; x_wconf 84' lang='lat' dir='ltr'>ipsius</span> <span class='ocrx_word' id='word_1_380' title='bbox 300 2575 399 2598; x_wconf 83' lang='lat' dir='ltr'>socer</span> <span class='ocrx_word' id='word_1_381' title='bbox 420 2565 570 2598; x_wconf 67' lang='lat' dir='ltr'>Michael</span> <span class='ocrx_word' id='word_1_382' title='bbox 590 2565 765 2608; x_wconf 83' lang='lat' dir='ltr'>Augustus</span> <span class='ocrx_word' id='word_1_383' title='bbox 787 2563 967 2598; x_wconf 79' lang='lat' dir='ltr'>Andronici</span> <span class='ocrx_word' id='word_1_384' title='bbox 996 2566 1114 2608; x_wconf 78' lang='lat' dir='ltr'>pater,</span> <span class='ocrx_word' id='word_1_385' title='bbox 1144 2575 1187 2598; x_wconf 84' lang='lat' dir='ltr'>ex</span> <span class='ocrx_word' id='word_1_386' title='bbox 1217 2564 1405 2599; x_wconf 86' lang='lat' dir='ltr'>Occidente</span> <span class='ocrx_word' id='word_1_387' title='bbox 1433 2569 1611 2598; x_wconf 82' lang='lat' dir='ltr'>evocatum</span> 
     </span>
     <span class='ocr_line' id='line_1_42' title="bbox 168 2609 1610 2656; baseline -0.001 -14"><span class='ocrx_word' id='word_1_388' title='bbox 168 2610 446 2644; x_wconf 76' lang='lat' dir='ltr'>conventionibus</span> <span class='ocrx_word' id='word_1_389' title='bbox 476 2610 688 2644; x_wconf 83' lang='lat' dir='ltr'>iureiurando</span> <span class='ocrx_word' id='word_1_390' title='bbox 718 2610 859 2644; x_wconf 82' lang='lat' dir='ltr'>firmatis</span> <span class='ocrx_word' id='word_1_391' title='bbox 887 2615 923 2643; x_wconf 85' lang='lat' dir='ltr'>et</span> <span class='ocrx_word' id='word_1_392' title='bbox 952 2609 1111 2655; x_wconf 74' lang='lat' dir='ltr'>propriae</span> <span class='ocrx_word' id='word_1_393' title='bbox 1139 2609 1233 2644; x_wconf 76' lang='lat' dir='ltr'>filiae</span> <span class='ocrx_word' id='word_1_394' title='bbox 1254 2610 1379 2656; x_wconf 86' lang='lat' dir='ltr'>nuptiis</span> <span class='ocrx_word' id='word_1_395' title='bbox 1400 2610 1610 2650; x_wconf 83' lang='lat' dir='ltr'>honoratum,</span> 
     </span>
     <span class='ocr_line' id='line_1_43' title="bbox 168 2654 1609 2700; baseline -0.001 -13"><span class='ocrx_word' id='word_1_396' title='bbox 168 2654 278 2699; x_wconf 83' lang='lat' dir='ltr'>ample</span> <span class='ocrx_word' id='word_1_397' title='bbox 300 2667 342 2689; x_wconf 77' lang='lat' dir='ltr'>ac</span> <span class='ocrx_word' id='word_1_398' title='bbox 363 2655 459 2699; x_wconf 84' lang='lat' dir='ltr'>regie</span> <span class='ocrx_word' id='word_1_399' title='bbox 485 2661 679 2690; x_wconf 82' lang='lat' dir='ltr'>muneratus</span> <span class='ocrx_word' id='word_1_400' title='bbox 704 2655 754 2690; x_wconf 87' lang='lat' dir='ltr'>uti</span> <span class='ocrx_word' id='word_1_401' title='bbox 775 2667 935 2700; x_wconf 85' lang='lat' dir='ltr'>generum</span> <span class='ocrx_word' id='word_1_402' title='bbox 964 2656 1090 2689; x_wconf 80' lang='lat' dir='ltr'>suerat.</span> <span class='ocrx_word' id='word_1_403' title='bbox 1136 2655 1234 2700; x_wconf 85' lang='lat'>(19)</span> <span class='ocrx_word' id='word_1_404' title='bbox 1263 2669 1324 2690; x_wconf 80' lang='lat' dir='ltr'>eae</span> <span class='ocrx_word' id='word_1_405' title='bbox 1354 2666 1414 2689; x_wconf 88' lang='lat' dir='ltr'>cur</span> <span class='ocrx_word' id='word_1_406' title='bbox 1443 2654 1492 2688; x_wconf 86' lang='lat' dir='ltr'>illi</span> <span class='ocrx_word' id='word_1_407' title='bbox 1522 2665 1609 2688; x_wconf 75' lang='lat' dir='ltr'>num·-</span> 
     </span>
     <span class='ocr_line' id='line_1_44' title="bbox 167 2699 1611 2753; baseline 0.001 -22"><span class='ocrx_word' id='word_1_408' title='bbox 167 2706 307 2744; x_wconf 73' lang='lat' dir='ltr'>ereptse</span> <span class='ocrx_word' id='word_1_409' title='bbox 336 2701 654 2753; x_wconf 72' lang='lat' dir='ltr'>fuerint‚·quamve</span> <span class='ocrx_word' id='word_1_410' title='bbox 683 2702 726 2735; x_wconf 90' lang='lat' dir='ltr'>ob</span> <span class='ocrx_word' id='word_1_411' title='bbox 760 2713 896 2736; x_wconf 82' lang='lat' dir='ltr'>cansam</span> <span class='ocrx_word' id='word_1_412' title='bbox 928 2700 959 2734; x_wconf 91' lang='lat' dir='ltr'>is</span> <span class='ocrx_word' id='word_1_413' title='bbox 993 2701 1250 2744; x_wconf 81' lang='lat' dir='ltr'>comprehensus</span> <span class='ocrx_word' id='word_1_414' title='bbox 1278 2701 1431 2735; x_wconf 83' lang='lat' dir='ltr'>miserias</span> <span class='ocrx_word' id='word_1_415' title='bbox 1462 2699 1611 2734; x_wconf 78' lang='lat' dir='ltr'>carceris</span> 
     </span>
     <span class='ocr_line' id='line_1_45' title="bbox 169 2745 1610 2792; baseline 0.001 -15"><span class='ocrx_word' id='word_1_416' title='bbox 169 2745 356 2788; x_wconf 78' lang='lat' dir='ltr'>perferret,</span> <span class='ocrx_word' id='word_1_417' title='bbox 385 2746 451 2779; x_wconf 78' lang='lat' dir='ltr'>iam</span> <span class='ocrx_word' id='word_1_418' title='bbox 482 2757 577 2791; x_wconf 89' lang='lat' dir='ltr'>pnns</span> <span class='ocrx_word' id='word_1_419' title='bbox 603 2746 838 2788; x_wconf 79' lang='lat' dir='ltr'>indicavimus,</span> <span class='ocrx_word' id='word_1_420' title='bbox 870 2746 931 2781; x_wconf 87' lang='lat' dir='ltr'>sed</span> <span class='ocrx_word' id='word_1_421' title='bbox 956 2751 992 2780; x_wconf 88' lang='lat' dir='ltr'>et</span> <span class='ocrx_word' id='word_1_422' title='bbox 1012 2745 1111 2780; x_wconf 89' lang='lat' dir='ltr'>modo</span> <span class='ocrx_word' id='word_1_423' title='bbox 1132 2746 1221 2781; x_wconf 88' lang='lat' dir='ltr'>idem</span> <span class='ocrx_word' id='word_1_424' title='bbox 1244 2747 1343 2792; x_wconf 77' lang='lat' dir='ltr'>paulo</span> <span class='ocrx_word' id='word_1_425' title='bbox 1365 2745 1496 2792; x_wconf 79' lang='lat' dir='ltr'>plenius</span> <span class='ocrx_word' id='word_1_426' title='bbox 1519 2749 1610 2778; x_wconf 82' lang='lat' dir='ltr'>rete-</span> 
     </span>
     <span class='ocr_line' id='line_1_46' title="bbox 166 2789 1613 2839; baseline 0.002 -16"><span class='ocrx_word' id='word_1_427' title='bbox 166 2789 321 2824; x_wconf 85' lang='lat' dir='ltr'>xendum.</span> <span class='ocrx_word' id='word_1_428' title='bbox 365 2790 487 2826; x_wconf 81' lang='lat' dir='ltr'>milites</span> <span class='ocrx_word' id='word_1_429' title='bbox 515 2790 738 2837; x_wconf 76' lang='lat' dir='ltr'>imperialium</span> <span class='ocrx_word' id='word_1_430' title='bbox 770 2791 1084 2834; x_wconf 77' lang='lat' dir='ltr'>contuberniorum,</span> <span class='ocrx_word' id='word_1_431' title='bbox 1115 2791 1213 2828; x_wconf 84' lang='lat' dir='ltr'>eiecti</span> <span class='ocrx_word' id='word_1_432' title='bbox 1234 2803 1341 2839; x_wconf 82' lang='lat' dir='ltr'>nuper</span> <span class='ocrx_word' id='word_1_433' title='bbox 1355 2817 1366 2836; x_wconf 89' lang='lat'><em>,</em></span> <span class='ocrx_word' id='word_1_434' title='bbox 1398 2796 1437 2826; x_wconf 89' lang='lat' dir='ltr'>ut</span> <span class='ocrx_word' id='word_1_435' title='bbox 1459 2790 1613 2833; x_wconf 68' lang='lat' dir='ltr'>diximus,</span> 
     </span>
    </p>
   </div>
  </div>
 </body>
</html>
