<?xml version="1.0" encoding="UTF-8"?>
<!DOCTYPE html PUBLIC "-//W3C//DTD XHTML 1.0 Transitional//EN"
    "http://www.w3.org/TR/xhtml1/DTD/xhtml1-transitional.dtd">
<html xmlns="http://www.w3.org/1999/xhtml" xml:lang="en" lang="en">
 <head>
  <title>
</title>
<meta http-equiv="Content-Type" content="text/html;charset=utf-8" />
  <meta name='ocr-system' content='tesseract 3.04.00' />
  <meta name='ocr-capabilities' content='ocr_page ocr_carea ocr_par ocr_line ocrx_word'/>
</head>
<body>
  <div class='ocr_page' id='page_1' title='image "./corpusscriptorum18niebuoft_0785.png"; bbox 0 0 1858 3126; ppageno 0'>
   <div class='ocr_carea' id='block_1_1' title="bbox 619 139 1572 191">
    <p class='ocr_par' dir='ltr' id='par_1_1' title="bbox 619 139 1572 191">
     <span class='ocr_line' id='line_1_1' title="bbox 619 139 1572 191; baseline -0.003 -3"><span class='ocrx_word' id='word_1_1' title='bbox 619 145 723 191; x_wconf 86' lang='lat' dir='ltr'>LIB.</span> <span class='ocrx_word' id='word_1_2' title='bbox 758 144 814 188; x_wconf 86' lang='lat'><strong>11.</strong></span> <span class='ocrx_word' id='word_1_3' title='bbox 883 144 1085 190; x_wconf 82' lang='lat' dir='ltr'><strong>NOTAE.</strong></span> <span class='ocrx_word' id='word_1_4' title='bbox 1474 139 1572 186; x_wconf 88' lang='lat'><strong>767</strong></span> 
     </span>
    </p>
   </div>
   <div class='ocr_carea' id='block_1_2' title="bbox 87 252 1717 2834">
    <p class='ocr_par' dir='ltr' id='par_1_2' title="bbox 117 252 1717 702">
     <span class='ocr_line' id='line_1_2' title="bbox 120 252 1573 309; baseline -0.004 -13"><span class='ocrx_word' id='word_1_5' title='bbox 120 257 322 309; x_wconf 67' lang='lat' dir='ltr'><strong>contigisse</strong></span> <span class='ocrx_word' id='word_1_6' title='bbox 338 261 385 294; x_wconf 85' lang='lat' dir='ltr'><strong>ut</strong></span> <span class='ocrx_word' id='word_1_7' title='bbox 401 268 513 294; x_wconf 88' lang='lat' dir='ltr'><strong>sacro</strong></span> <span class='ocrx_word' id='word_1_8' title='bbox 531 255 687 294; x_wconf 80' lang='lat' dir='ltr'><strong>lavacro</strong></span> <span class='ocrx_word' id='word_1_9' title='bbox 705 255 852 294; x_wconf 78' lang='lat' dir='ltr'><strong>tinctus</strong></span> <span class='ocrx_word' id='word_1_10' title='bbox 870 267 969 305; x_wconf 88' lang='lat' dir='ltr'><strong>puer</strong></span> <span class='ocrx_word' id='word_1_11' title='bbox 985 258 1144 305; x_wconf 82' lang='lat' dir='ltr'><strong>repente</strong></span> <span class='ocrx_word' id='word_1_12' title='bbox 1160 252 1460 291; x_wconf 78' lang='lat' dir='ltr'><strong>formosissimus</strong></span> <span class='ocrx_word' id='word_1_13' title='bbox 1476 264 1573 291; x_wconf 84' lang='lat' dir='ltr'><strong>eva-</strong></span> 
     </span>
     <span class='ocr_line' id='line_1_3' title="bbox 119 309 1574 363; baseline -0.004 -11"><span class='ocrx_word' id='word_1_14' title='bbox 119 315 242 353; x_wconf 81' lang='lat' dir='ltr'><strong>deret.</strong></span> <span class='ocrx_word' id='word_1_15' title='bbox 297 326 376 363; x_wconf 88' lang='lat' dir='ltr'><strong>quo</strong></span> <span class='ocrx_word' id='word_1_16' title='bbox 402 318 534 350; x_wconf 89' lang='lat' dir='ltr'><strong>motus</strong></span> <span class='ocrx_word' id='word_1_17' title='bbox 551 313 741 350; x_wconf 87' lang='lat' dir='ltr'><strong>Cassanus</strong></span> <span class='ocrx_word' id='word_1_18' title='bbox 768 325 848 350; x_wconf 89' lang='lat' dir='ltr'><strong>non</strong></span> <span class='ocrx_word' id='word_1_19' title='bbox 874 311 992 348; x_wconf 89' lang='lat' dir='ltr'><strong>modo</strong></span> <span class='ocrx_word' id='word_1_20' title='bbox 1020 310 1223 349; x_wconf 87' lang='lat' dir='ltr'><strong>revocavit</strong></span> <span class='ocrx_word' id='word_1_21' title='bbox 1250 322 1436 361; x_wconf 85' lang='lat' dir='ltr'><strong>praeceps</strong></span> <span class='ocrx_word' id='word_1_22' title='bbox 1465 309 1574 347; x_wconf 90' lang='lat' dir='ltr'><strong>iudi—</strong></span> 
     </span>
     <span class='ocr_line' id='line_1_4' title="bbox 120 366 1578 419; baseline -0.005 -10"><span class='ocrx_word' id='word_1_23' title='bbox 120 371 237 417; x_wconf 84' lang='lat' dir='ltr'><strong>cium,</strong></span> <span class='ocrx_word' id='word_1_24' title='bbox 265 370 335 407; x_wconf 84' lang='lat' dir='ltr'><strong>sed</strong></span> <span class='ocrx_word' id='word_1_25' title='bbox 348 375 388 406; x_wconf 89' lang='lat' dir='ltr'><strong>et</strong></span> <span class='ocrx_word' id='word_1_26' title='bbox 405 367 548 406; x_wconf 77' lang='lat' dir='ltr'><strong>Christi</strong></span> <span class='ocrx_word' id='word_1_27' title='bbox 563 368 691 419; x_wconf 79' lang='lat' dir='ltr'><strong>polam</strong></span> <span class='ocrx_word' id='word_1_28' title='bbox 709 369 932 418; x_wconf 73' lang='lat' dir='ltr'><strong>religionem</strong></span> <span class='ocrx_word' id='word_1_29' title='bbox 951 374 1011 404; x_wconf 82' lang='lat' dir='ltr'><strong>est</strong></span> <span class='ocrx_word' id='word_1_30' title='bbox 1028 368 1243 419; x_wconf 80' lang='lat' dir='ltr'><strong>amplexus.</strong></span> <span class='ocrx_word' id='word_1_31' title='bbox 1297 367 1355 404; x_wconf 77' lang='lat' dir='ltr'><strong>ita</strong></span> <span class='ocrx_word' id='word_1_32' title='bbox 1372 366 1449 415; x_wconf 78' lang='lat' dir='ltr'><strong>illi3</strong></span> <span class='ocrx_word' id='word_1_33' title='bbox 1475 377 1578 416; x_wconf 86' lang='lat' dir='ltr'><strong>quae</strong></span> 
     </span>
     <span class='ocr_line' id='line_1_5' title="bbox 119 421 1578 476; baseline -0.003 -12"><span class='ocrx_word' id='word_1_34' title='bbox 119 441 200 464; x_wconf 88' lang='lat' dir='ltr'><strong>non</strong></span> <span class='ocrx_word' id='word_1_35' title='bbox 227 426 443 463; x_wconf 88' lang='lat' dir='ltr'><strong>innotuisse</strong></span> <span class='ocrx_word' id='word_1_36' title='bbox 469 425 827 476; x_wconf 78' lang='lat' dir='ltr'><strong>Constantinopoli,</strong></span> <span class='ocrx_word' id='word_1_37' title='bbox 856 424 973 461; x_wconf 85' lang='lat' dir='ltr'><strong>etiam</strong></span> <span class='ocrx_word' id='word_1_38' title='bbox 998 424 1073 461; x_wconf 86' lang='lat' dir='ltr'><strong>alio</strong></span> <span class='ocrx_word' id='word_1_39' title='bbox 1102 436 1152 460; x_wconf 81' lang='lat' dir='ltr'><strong>ex</strong></span> <span class='ocrx_word' id='word_1_40' title='bbox 1171 422 1247 460; x_wconf 92' lang='lat' dir='ltr'><strong>hac</strong></span> <span class='ocrx_word' id='word_1_41' title='bbox 1266 421 1429 460; x_wconf 82' lang='lat' dir='ltr'><strong>historia</strong></span> <span class='ocrx_word' id='word_1_42' title='bbox 1454 421 1578 459; x_wconf 82' lang='lat' dir='ltr'><strong>ducto</strong></span> 
     </span>
     <span class='ocr_line' id='line_1_6' title="bbox 119 479 1579 533; baseline -0.003 -13"><span class='ocrx_word' id='word_1_43' title='bbox 119 488 350 533; x_wconf 82' lang='lat' dir='ltr'><strong>argumento</strong></span> <span class='ocrx_word' id='word_1_44' title='bbox 371 480 574 519; x_wconf 76' lang='lat' dir='ltr'><strong>suadetur.</strong></span> <span class='ocrx_word' id='word_1_45' title='bbox 630 482 809 532; x_wconf 81' lang='lat' dir='ltr'><strong>superius</strong></span> <span class='ocrx_word' id='word_1_46' title='bbox 836 480 939 517; x_wconf 89' lang='lat' dir='ltr'><strong>enim</strong></span> <span class='ocrx_word' id='word_1_47' title='bbox 966 493 1003 531; x_wconf 88' lang='lat' dir='ltr'><strong>p.</strong></span> <span class='ocrx_word' id='word_1_48' title='bbox 1028 480 1110 520; x_wconf 82' lang='lat'><strong>402</strong></span> <span class='ocrx_word' id='word_1_49' title='bbox 1130 492 1171 520; x_wconf 81' lang='lat' dir='ltr'><strong>V.</strong></span> <span class='ocrx_word' id='word_1_50' title='bbox 1197 481 1248 521; x_wconf 83' lang='lat'><strong>13</strong></span> <span class='ocrx_word' id='word_1_51' title='bbox 1268 479 1423 530; x_wconf 78' lang='lat' dir='ltr'><strong>scripsit</strong></span> <span class='ocrx_word' id='word_1_52' title='bbox 1444 484 1579 516; x_wconf 82' lang='lat' dir='ltr'><strong>noster</strong></span> 
     </span>
     <span class='ocr_line' id='line_1_7' title="bbox 119 533 1579 587; baseline -0.004 -11"><span class='ocrx_word' id='word_1_53' title='bbox 119 539 390 576; x_wconf 77' lang='lat' dir='ltr'><strong>Andronicum</strong></span> <span class='ocrx_word' id='word_1_54' title='bbox 418 536 623 574; x_wconf 78' lang='lat' dir='ltr'><strong>certiorem</strong></span> <span class='ocrx_word' id='word_1_55' title='bbox 653 538 800 575; x_wconf 82' lang='lat' dir='ltr'><strong>factum</strong></span> <span class='ocrx_word' id='word_1_56' title='bbox 830 537 879 574; x_wconf 79' lang='lat' dir='ltr'><strong>&lt;le</strong></span> <span class='ocrx_word' id='word_1_57' title='bbox 903 536 1081 587; x_wconf 84' lang='lat' dir='ltr'><strong>potentia</strong></span> <span class='ocrx_word' id='word_1_58' title='bbox 1106 535 1289 583; x_wconf 78' lang='lat' dir='ltr'><strong>cazanis,</strong></span> <span class='ocrx_word' id='word_1_59' title='bbox 1314 541 1362 573; x_wconf 90' lang='lat' dir='ltr'><strong>ut</strong></span> <span class='ocrx_word' id='word_1_60' title='bbox 1387 547 1477 573; x_wconf 89' lang='lat' dir='ltr'><strong>eum</strong></span> <span class='ocrx_word' id='word_1_61' title='bbox 1506 533 1579 572; x_wconf 90' lang='lat' dir='ltr'><strong>sibi</strong></span> 
     </span>
     <span class='ocr_line' id='line_1_8' title="bbox 118 591 1717 645; baseline -0.005 -13"><span class='ocrx_word' id='word_1_62' title='bbox 118 596 368 645; x_wconf 82' lang='lat' dir='ltr'><strong>adiungeret,</strong></span> <span class='ocrx_word' id='word_1_63' title='bbox 398 593 635 632; x_wconf 80' lang='lat' dir='ltr'><strong>offerendam</strong></span> <span class='ocrx_word' id='word_1_64' title='bbox 661 594 695 631; x_wconf 90' lang='lat' dir='ltr'><strong>ei</strong></span> <span class='ocrx_word' id='word_1_65' title='bbox 721 606 876 631; x_wconf 82' lang='lat' dir='ltr'><strong>curasse</strong></span> <span class='ocrx_word' id='word_1_66' title='bbox 907 592 1024 629; x_wconf 76' lang='lat' dir='ltr'><strong>filiam</strong></span> <span class='ocrx_word' id='word_1_67' title='bbox 1046 605 1156 629; x_wconf 90' lang='lat' dir='ltr'><strong>suam</strong></span> <span class='ocrx_word' id='word_1_68' title='bbox 1177 591 1343 629; x_wconf 84' lang='lat' dir='ltr'><strong>notham</strong></span> <span class='ocrx_word' id='word_1_69' title='bbox 1367 591 1408 629; x_wconf 90' lang='lat' dir='ltr'><strong>in</strong></span> <span class='ocrx_word' id='word_1_70' title='bbox 1436 591 1578 630; x_wconf 82' lang='lat' dir='ltr'><strong>ooniu-</strong></span> <span class='ocrx_word' id='word_1_71' title='bbox 1599 593 1628 628; x_wconf 81' lang='lat' dir='ltr'>P</span> <span class='ocrx_word' id='word_1_72' title='bbox 1651 591 1717 626; x_wconf 67' lang='lat'>553·</span> 
     </span>
     <span class='ocr_line' id='line_1_9' title="bbox 117 648 1224 702; baseline -0.003 -14"><span class='ocrx_word' id='word_1_73' title='bbox 117 664 215 702; x_wconf 81' lang='lat' dir='ltr'><strong>gem,</strong></span> <span class='ocrx_word' id='word_1_74' title='bbox 243 662 361 700; x_wconf 79' lang='lat' dir='ltr'><strong>quam</strong></span> <span class='ocrx_word' id='word_1_75' title='bbox 377 655 415 686; x_wconf 89' lang='lat' dir='ltr'><strong>et</strong></span> <span class='ocrx_word' id='word_1_76' title='bbox 428 649 494 687; x_wconf 82' lang='lat' dir='ltr'><strong>ille</strong></span> <span class='ocrx_word' id='word_1_77' title='bbox 512 650 818 700; x_wconf 88' lang='lat' dir='ltr'><strong>propositionem</strong></span> <span class='ocrx_word' id='word_1_78' title='bbox 836 649 999 700; x_wconf 82' lang='lat' dir='ltr'><strong>benigne</strong></span> <span class='ocrx_word' id='word_1_79' title='bbox 1019 648 1224 699; x_wconf 84' lang='lat' dir='ltr'><strong>acceperit.</strong></span> 
     </span>
    </p>

    <p class='ocr_par' dir='ltr' id='par_1_3' title="bbox 115 703 1578 1320">
     <span class='ocr_line' id='line_1_10' title="bbox 230 703 1578 757; baseline -0.001 -13"><span class='ocrx_word' id='word_1_80' title='bbox 230 719 269 757; x_wconf 87' lang='lat' dir='ltr'><strong>p.</strong></span> <span class='ocrx_word' id='word_1_81' title='bbox 286 705 368 748; x_wconf 83' lang='lat'><strong>459</strong></span> <span class='ocrx_word' id='word_1_82' title='bbox 389 719 427 743; x_wconf 78' lang='lat' dir='ltr'><strong>v·</strong></span> <span class='ocrx_word' id='word_1_83' title='bbox 446 707 485 746; x_wconf 89' lang='lat'><strong>6.</strong></span> <span class='ocrx_word' id='word_1_84' title='bbox 541 707 669 743; x_wconf 85' lang='lat' dir='ltr'><strong>Etiam</strong></span> <span class='ocrx_word' id='word_1_85' title='bbox 684 705 892 756; x_wconf 82' lang='lat' dir='ltr'><strong>Aythonus</strong></span> <span class='ocrx_word' id='word_1_86' title='bbox 912 719 946 746; x_wconf 87' lang='lat' dir='ltr'><strong>c.</strong></span> <span class='ocrx_word' id='word_1_87' title='bbox 969 706 1024 747; x_wconf 84' lang='lat'><strong>45</strong></span> <span class='ocrx_word' id='word_1_88' title='bbox 1044 705 1147 743; x_wconf 79' lang='lat' dir='ltr'><strong>Hist.</strong></span> <span class='ocrx_word' id='word_1_89' title='bbox 1161 704 1229 742; x_wconf 88' lang='lat' dir='ltr'><strong>Or.</strong></span> <span class='ocrx_word' id='word_1_90' title='bbox 1249 709 1289 742; x_wconf 87' lang='lat' dir='ltr'><strong>et</strong></span> <span class='ocrx_word' id='word_1_91' title='bbox 1307 705 1482 741; x_wconf 85' lang='lat' dir='ltr'><strong>Sanutus</strong></span> <span class='ocrx_word' id='word_1_92' title='bbox 1508 703 1534 741; x_wconf 91' lang='lat' dir='ltr'><strong>l.</strong></span> <span class='ocrx_word' id='word_1_93' title='bbox 1552 705 1578 742; x_wconf 86' lang='lat'><strong>3</strong></span> 
     </span>
     <span class='ocr_line' id='line_1_11' title="bbox 117 759 1577 814; baseline -0.005 -12"><span class='ocrx_word' id='word_1_94' title='bbox 117 776 160 814; x_wconf 87' lang='lat' dir='ltr'><strong>p.</strong></span> <span class='ocrx_word' id='word_1_95' title='bbox 182 766 235 805; x_wconf 80' lang='lat'><strong>13</strong></span> <span class='ocrx_word' id='word_1_96' title='bbox 265 775 299 800; x_wconf 91' lang='lat' dir='ltr'><strong>c.</strong></span> <span class='ocrx_word' id='word_1_97' title='bbox 323 764 349 802; x_wconf 89' lang='grc'>8</span> <span class='ocrx_word' id='word_1_98' title='bbox 375 761 518 799; x_wconf 86' lang='lat' dir='ltr'><strong>diserte</strong></span> <span class='ocrx_word' id='word_1_99' title='bbox 546 762 744 800; x_wconf 85' lang='lat' dir='ltr'><strong>affirmant</strong></span> <span class='ocrx_word' id='word_1_100' title='bbox 769 774 1029 799; x_wconf 83' lang='lat' dir='ltr'><strong>successorem</strong></span> <span class='ocrx_word' id='word_1_101' title='bbox 1061 761 1220 799; x_wconf 84' lang='lat' dir='ltr'><strong>Cassani</strong></span> <span class='ocrx_word' id='word_1_102' title='bbox 1250 761 1415 798; x_wconf 84' lang='lat' dir='ltr'><strong>fratrem</strong></span> <span class='ocrx_word' id='word_1_103' title='bbox 1443 759 1577 810; x_wconf 69' lang='lat' dir='ltr'><strong>ipsiuS,</strong></span> 
     </span>
     <span class='ocr_line' id='line_1_12' title="bbox 116 815 1576 869; baseline -0.004 -12"><span class='ocrx_word' id='word_1_104' title='bbox 116 819 209 857; x_wconf 83' lang='lat' dir='ltr'><strong>licet</strong></span> <span class='ocrx_word' id='word_1_105' title='bbox 235 819 396 856; x_wconf 81' lang='lat' dir='ltr'><strong>Bizarus</strong></span> <span class='ocrx_word' id='word_1_106' title='bbox 421 817 482 855; x_wconf 90' lang='lat' dir='ltr'><strong>his</strong></span> <span class='ocrx_word' id='word_1_107' title='bbox 512 819 705 869; x_wconf 80' lang='lat' dir='ltr'><strong>posterior</strong></span> <span class='ocrx_word' id='word_1_108' title='bbox 733 824 771 856; x_wconf 89' lang='lat' dir='ltr'><strong>et</strong></span> <span class='ocrx_word' id='word_1_109' title='bbox 802 819 951 866; x_wconf 87' lang='lat' dir='ltr'><strong>minus,</strong></span> <span class='ocrx_word' id='word_1_110' title='bbox 983 818 1053 855; x_wconf 87' lang='lat' dir='ltr'><strong>ubi</strong></span> <span class='ocrx_word' id='word_1_111' title='bbox 1086 817 1286 864; x_wconf 86' lang='lat' dir='ltr'><strong>dissentit,</strong></span> <span class='ocrx_word' id='word_1_112' title='bbox 1315 815 1393 853; x_wconf 79' lang='lat' dir='ltr'><strong>fide</strong></span> <span class='ocrx_word' id='word_1_113' title='bbox 1425 815 1576 866; x_wconf 79' lang='lat' dir='ltr'><strong>dignus,</strong></span> 
     </span>
     <span class='ocr_line' id='line_1_13' title="bbox 118 872 1577 923; baseline -0.003 -11"><span class='ocrx_word' id='word_1_114' title='bbox 118 875 243 912; x_wconf 86' lang='lat' dir='ltr'><strong>filium</strong></span> <span class='ocrx_word' id='word_1_115' title='bbox 264 876 432 912; x_wconf 83' lang='lat' dir='ltr'><strong>Cassano</strong></span> <span class='ocrx_word' id='word_1_116' title='bbox 465 875 648 912; x_wconf 69' lang='lat' dir='ltr'><strong>morienti</strong></span> <span class='ocrx_word' id='word_1_117' title='bbox 683 875 910 912; x_wconf 81' lang='lat' dir='ltr'><strong>successisse</strong></span> <span class='ocrx_word' id='word_1_118' title='bbox 934 874 1101 923; x_wconf 81' lang='lat' dir='ltr'><strong>scribat,</strong></span> <span class='ocrx_word' id='word_1_119' title='bbox 1131 874 1159 915; x_wconf 87' lang='lat' dir='ltr'><strong>l.</strong></span> <span class='ocrx_word' id='word_1_120' title='bbox 1177 876 1203 915; x_wconf 90' lang='lat'>8</span> <span class='ocrx_word' id='word_1_121' title='bbox 1235 874 1383 910; x_wconf 83' lang='lat' dir='ltr'><strong>Rerum</strong></span> <span class='ocrx_word' id='word_1_122' title='bbox 1400 872 1577 910; x_wconf 81' lang='lat' dir='ltr'><strong>Persica-</strong></span> 
     </span>
     <span class='ocr_line' id='line_1_14' title="bbox 117 928 1575 980; baseline -0.003 -11"><span class='ocrx_word' id='word_1_123' title='bbox 117 944 220 969; x_wconf 88' lang='lat' dir='ltr'><strong>rum.</strong></span> <span class='ocrx_word' id='word_1_124' title='bbox 277 930 502 980; x_wconf 79' lang='lat' dir='ltr'><strong>discrepant</strong></span> <span class='ocrx_word' id='word_1_125' title='bbox 520 937 649 969; x_wconf 87' lang='lat' dir='ltr'><strong>tamen</strong></span> <span class='ocrx_word' id='word_1_126' title='bbox 667 930 710 968; x_wconf 82' lang='lat' dir='ltr'><strong>hi</strong></span> <span class='ocrx_word' id='word_1_127' title='bbox 741 945 874 969; x_wconf 86' lang='lat' dir='ltr'><strong>omnes</strong></span> <span class='ocrx_word' id='word_1_128' title='bbox 899 932 941 969; x_wconf 88' lang='lat' dir='ltr'><strong>in</strong></span> <span class='ocrx_word' id='word_1_129' title='bbox 958 930 1076 969; x_wconf 90' lang='lat' dir='ltr'><strong>huius</strong></span> <span class='ocrx_word' id='word_1_130' title='bbox 1102 931 1260 968; x_wconf 84' lang='lat' dir='ltr'><strong>nomine</strong></span> <span class='ocrx_word' id='word_1_131' title='bbox 1284 942 1307 966; x_wconf 82' lang='lat' dir='ltr'><strong>a</strong></span> <span class='ocrx_word' id='word_1_132' title='bbox 1325 928 1575 980; x_wconf 82' lang='lat' dir='ltr'><strong>Pachymere‚</strong></span> 
     </span>
     <span class='ocr_line' id='line_1_15' title="bbox 118 985 1574 1037; baseline -0.002 -12"><span class='ocrx_word' id='word_1_133' title='bbox 118 987 214 1025; x_wconf 85' lang='lat' dir='ltr'><strong>dum</strong></span> <span class='ocrx_word' id='word_1_134' title='bbox 231 986 478 1024; x_wconf 82' lang='lat' dir='ltr'><strong>Carbandam</strong></span> <span class='ocrx_word' id='word_1_135' title='bbox 496 1000 565 1025; x_wconf 86' lang='lat' dir='ltr'><strong>seu</strong></span> <span class='ocrx_word' id='word_1_136' title='bbox 579 989 653 1025; x_wconf 67' lang='lat' dir='ltr'><strong>em</strong></span> <span class='ocrx_word' id='word_1_137' title='bbox 656 987 871 1035; x_wconf 74' lang='lat' dir='ltr'><strong>bacaudam</strong></span> <span class='ocrx_word' id='word_1_138' title='bbox 888 994 1047 1035; x_wconf 87' lang='lat' dir='ltr'><strong>vocant,</strong></span> <span class='ocrx_word' id='word_1_139' title='bbox 1075 1000 1191 1037; x_wconf 87' lang='lat' dir='ltr'><strong>quem</strong></span> <span class='ocrx_word' id='word_1_140' title='bbox 1210 992 1342 1024; x_wconf 88' lang='lat' dir='ltr'><strong>noster</strong></span> <span class='ocrx_word' id='word_1_141' title='bbox 1355 985 1421 1023; x_wconf 84' lang='lat' dir='ltr'><strong>hic</strong></span> <span class='ocrx_word' id='word_1_142' title='bbox 1436 986 1574 1023; x_wconf 86' lang='lat' dir='ltr'><strong>Carm-</strong></span> 
     </span>
     <span class='ocr_line' id='line_1_16' title="bbox 115 1042 1575 1095; baseline -0.001 -15"><span class='ocrx_word' id='word_1_143' title='bbox 115 1049 288 1094; x_wconf 67' lang='lat' dir='ltr'><strong>punam,</strong></span> <span class='ocrx_word' id='word_1_144' title='bbox 310 1043 401 1081; x_wconf 87' lang='lat' dir='ltr'><strong>alibi</strong></span> <span class='ocrx_word' id='word_1_145' title='bbox 424 1043 748 1095; x_wconf 83' lang='lat' dir='ltr'><strong>Carmpantanem</strong></span> <span class='ocrx_word' id='word_1_146' title='bbox 775 1044 959 1095; x_wconf 84' lang='lat' dir='ltr'><strong>appellat.</strong></span> <span class='ocrx_word' id='word_1_147' title='bbox 1005 1044 1174 1081; x_wconf 78' lang='lat' dir='ltr'><strong>uadunt</strong></span> <span class='ocrx_word' id='word_1_148' title='bbox 1196 1049 1329 1080; x_wconf 87' lang='lat' dir='ltr'><strong>autem</strong></span> <span class='ocrx_word' id='word_1_149' title='bbox 1347 1042 1467 1080; x_wconf 84' lang='lat' dir='ltr'><strong>modo</strong></span> <span class='ocrx_word' id='word_1_150' title='bbox 1484 1042 1575 1079; x_wconf 89' lang='lat' dir='ltr'><strong>lau-</strong></span> 
     </span>
     <span class='ocr_line' id='line_1_17' title="bbox 116 1098 1575 1146; baseline -0.001 -10"><span class='ocrx_word' id='word_1_151' title='bbox 116 1099 199 1137; x_wconf 86' lang='lat' dir='ltr'><strong>dati</strong></span> <span class='ocrx_word' id='word_1_152' title='bbox 229 1104 407 1137; x_wconf 81' lang='lat' dir='ltr'><strong>auctores</strong></span> <span class='ocrx_word' id='word_1_153' title='bbox 434 1099 555 1138; x_wconf 84' lang='lat' dir='ltr'><strong>istum</strong></span> <span class='ocrx_word' id='word_1_154' title='bbox 574 1101 732 1138; x_wconf 78' lang='lat' dir='ltr'><strong>cassani</strong></span> <span class='ocrx_word' id='word_1_155' title='bbox 758 1101 922 1139; x_wconf 80' lang='lat' dir='ltr'><strong>fratrem</strong></span> <span class='ocrx_word' id='word_1_156' title='bbox 949 1106 1076 1138; x_wconf 83' lang='lat' dir='ltr'><strong>matre</strong></span> <span class='ocrx_word' id='word_1_157' title='bbox 1097 1099 1317 1137; x_wconf 81' lang='lat' dir='ltr'><strong>Christiana</strong></span> <span class='ocrx_word' id='word_1_158' title='bbox 1335 1098 1506 1146; x_wconf 80' lang='lat' dir='ltr'><strong>editum,</strong></span> <span class='ocrx_word' id='word_1_159' title='bbox 1536 1103 1575 1134; x_wconf 86' lang='lat' dir='ltr'><strong>et</strong></span> 
     </span>
     <span class='ocr_line' id='line_1_18' title="bbox 115 1155 1573 1208; baseline 0 -16"><span class='ocrx_word' id='word_1_160' title='bbox 115 1155 244 1207; x_wconf 89' lang='lat' dir='ltr'><strong>ipsum</strong></span> <span class='ocrx_word' id='word_1_161' title='bbox 261 1155 547 1206; x_wconf 75' lang='lat' dir='ltr'><strong>Christianum,</strong></span> <span class='ocrx_word' id='word_1_162' title='bbox 574 1157 723 1195; x_wconf 86' lang='lat' dir='ltr'><strong>Nicolai</strong></span> <span class='ocrx_word' id='word_1_163' title='bbox 743 1170 885 1194; x_wconf 87' lang='lat' dir='ltr'><strong>nomen</strong></span> <span class='ocrx_word' id='word_1_164' title='bbox 914 1157 953 1194; x_wconf 89' lang='lat' dir='ltr'><strong>in</strong></span> <span class='ocrx_word' id='word_1_165' title='bbox 984 1156 1177 1208; x_wconf 80' lang='lat' dir='ltr'><strong>baptismo</strong></span> <span class='ocrx_word' id='word_1_166' title='bbox 1200 1156 1410 1206; x_wconf 83' lang='lat' dir='ltr'><strong>accepisse,</strong></span> <span class='ocrx_word' id='word_1_167' title='bbox 1438 1166 1573 1206; x_wconf 85' lang='lat' dir='ltr'><strong>perse-</strong></span> 
     </span>
     <span class='ocr_line' id='line_1_19' title="bbox 115 1211 1574 1264; baseline -0.001 -15"><span class='ocrx_word' id='word_1_168' title='bbox 115 1223 347 1262; x_wconf 78' lang='lat' dir='ltr'><strong>verasseque</strong></span> <span class='ocrx_word' id='word_1_169' title='bbox 369 1211 411 1249; x_wconf 90' lang='lat' dir='ltr'><strong>in</strong></span> <span class='ocrx_word' id='word_1_170' title='bbox 433 1225 528 1250; x_wconf 84' lang='lat' dir='ltr'><strong>vera</strong></span> <span class='ocrx_word' id='word_1_171' title='bbox 557 1214 760 1263; x_wconf 71' lang='lat' dir='ltr'><strong>religione,</strong></span> <span class='ocrx_word' id='word_1_172' title='bbox 790 1214 920 1264; x_wconf 89' lang='lat' dir='ltr'><strong>quoad</strong></span> <span class='ocrx_word' id='word_1_173' title='bbox 944 1213 1047 1251; x_wconf 59' lang='lat' dir='ltr'><strong>vixit</strong></span> <span class='ocrx_word' id='word_1_174' title='bbox 1073 1218 1220 1262; x_wconf 83' lang='lat' dir='ltr'><strong>mater,</strong></span> <span class='ocrx_word' id='word_1_175' title='bbox 1249 1211 1319 1249; x_wconf 88' lang='lat' dir='ltr'><strong>sed</strong></span> <span class='ocrx_word' id='word_1_176' title='bbox 1338 1224 1382 1248; x_wconf 86' lang='lat' dir='ltr'><strong>ea</strong></span> <span class='ocrx_word' id='word_1_177' title='bbox 1404 1217 1574 1259; x_wconf 88' lang='lat' dir='ltr'><strong>mortua,</strong></span> 
     </span>
     <span class='ocr_line' id='line_1_20' title="bbox 115 1267 1424 1320; baseline 0 -14"><span class='ocrx_word' id='word_1_178' title='bbox 115 1267 225 1318; x_wconf 84' lang='lat' dir='ltr'><strong>quod</strong></span> <span class='ocrx_word' id='word_1_179' title='bbox 248 1273 339 1319; x_wconf 80' lang='lat' dir='ltr'><strong>post</strong></span> <span class='ocrx_word' id='word_1_180' title='bbox 359 1281 483 1306; x_wconf 81' lang='lat' dir='ltr'><strong>annos</strong></span> <span class='ocrx_word' id='word_1_181' title='bbox 500 1282 569 1307; x_wconf 82' lang='lat' dir='ltr'><strong>sex</strong></span> <span class='ocrx_word' id='word_1_182' title='bbox 588 1270 770 1320; x_wconf 80' lang='lat' dir='ltr'><strong>contigit,</strong></span> <span class='ocrx_word' id='word_1_183' title='bbox 801 1270 851 1307; x_wconf 85' lang='lat' dir='ltr'><strong>ad</strong></span> <span class='ocrx_word' id='word_1_184' title='bbox 869 1269 1209 1307; x_wconf 84' lang='lat' dir='ltr'><strong>Mahometismum</strong></span> <span class='ocrx_word' id='word_1_185' title='bbox 1230 1268 1424 1306; x_wconf 82' lang='lat' dir='ltr'><strong>defecisse.</strong></span> 
     </span>
    </p>

    <p class='ocr_par' dir='ltr' id='par_1_4' title="bbox 87 1323 1578 2834">
     <span class='ocr_line' id='line_1_21' title="bbox 225 1323 1575 1377; baseline -0.003 -13"><span class='ocrx_word' id='word_1_186' title='bbox 225 1337 264 1373; x_wconf 85' lang='lat' dir='ltr'><strong>p.</strong></span> <span class='ocrx_word' id='word_1_187' title='bbox 283 1323 369 1366; x_wconf 79' lang='lat'><strong>464</strong></span> <span class='ocrx_word' id='word_1_188' title='bbox 386 1338 424 1363; x_wconf 84' lang='lat' dir='ltr'><strong>v.</strong></span> <span class='ocrx_word' id='word_1_189' title='bbox 448 1327 486 1365; x_wconf 87' lang='lat'><strong>6.</strong></span> <span class='ocrx_word' id='word_1_190' title='bbox 545 1328 698 1377; x_wconf 84' lang='grc' dir='ltr'><em>Χρῆσις</em></span> <span class='ocrx_word' id='word_1_191' title='bbox 715 1328 753 1364; x_wconf 87' lang='lat' dir='ltr'><strong>S.</strong></span> <span class='ocrx_word' id='word_1_192' title='bbox 772 1327 957 1376; x_wconf 85' lang='lat' dir='ltr'><strong>martyris</strong></span> <span class='ocrx_word' id='word_1_193' title='bbox 976 1326 1109 1376; x_wconf 70' lang='lat' dir='ltr'><strong>ignatii</strong></span> <span class='ocrx_word' id='word_1_194' title='bbox 1131 1325 1210 1362; x_wconf 89' lang='lat' dir='ltr'><strong>hoc</strong></span> <span class='ocrx_word' id='word_1_195' title='bbox 1228 1324 1315 1362; x_wconf 92' lang='lat' dir='ltr'><strong>loco</strong></span> <span class='ocrx_word' id='word_1_196' title='bbox 1332 1325 1435 1361; x_wconf 82' lang='lat' dir='ltr'><strong>lecta</strong></span> <span class='ocrx_word' id='word_1_197' title='bbox 1453 1336 1575 1374; x_wconf 86' lang='lat' dir='ltr'><strong>quae-</strong></span> 
     </span>
     <span class='ocr_line' id='line_1_22' title="bbox 87 1380 1577 1431; baseline 0.001 -15"><span class='ocrx_word' id='word_1_198' title='bbox 87 1414 92 1416; x_wconf 87' lang='lat'>.</span> <span class='ocrx_word' id='word_1_199' title='bbox 114 1393 206 1417; x_wconf 86' lang='lat' dir='ltr'><strong>nam</strong></span> <span class='ocrx_word' id='word_1_200' title='bbox 227 1380 368 1428; x_wconf 82' lang='lat' dir='ltr'><strong>fuerit,</strong></span> <span class='ocrx_word' id='word_1_201' title='bbox 395 1394 475 1418; x_wconf 88' lang='lat' dir='ltr'><strong>non</strong></span> <span class='ocrx_word' id='word_1_202' title='bbox 497 1382 610 1419; x_wconf 76' lang='lat' dir='ltr'><strong>facile</strong></span> <span class='ocrx_word' id='word_1_203' title='bbox 628 1382 810 1420; x_wconf 74' lang='lat' dir='ltr'><strong>‹liw‘natu</strong></span> <span class='ocrx_word' id='word_1_204' title='bbox 829 1387 906 1429; x_wconf 90' lang='lat' dir='ltr'><strong>est,</strong></span> <span class='ocrx_word' id='word_1_205' title='bbox 936 1382 1045 1431; x_wconf 88' lang='lat' dir='ltr'><strong>quod</strong></span> <span class='ocrx_word' id='word_1_206' title='bbox 1069 1382 1218 1420; x_wconf 81' lang='lat' dir='ltr'><strong>multae</strong></span> <span class='ocrx_word' id='word_1_207' title='bbox 1236 1381 1278 1418; x_wconf 88' lang='lat' dir='ltr'><strong>in</strong></span> <span class='ocrx_word' id='word_1_208' title='bbox 1299 1381 1382 1418; x_wconf 86' lang='lat' dir='ltr'><strong>eius</strong></span> <span class='ocrx_word' id='word_1_209' title='bbox 1403 1380 1577 1430; x_wconf 89' lang='lat' dir='ltr'><strong>epistolis</strong></span> 
     </span>
     <span class='ocr_line' id='line_1_23' title="bbox 114 1435 1578 1489; baseline 0.001 -17"><span class='ocrx_word' id='word_1_210' title='bbox 114 1435 295 1486; x_wconf 84' lang='lat' dir='ltr'><strong>legantur</strong></span> <span class='ocrx_word' id='word_1_211' title='bbox 310 1437 354 1472; x_wconf 89' lang='lat' dir='ltr'><strong>in</strong></span> <span class='ocrx_word' id='word_1_212' title='bbox 381 1449 464 1473; x_wconf 88' lang='lat' dir='ltr'><strong>eam</strong></span> <span class='ocrx_word' id='word_1_213' title='bbox 485 1440 717 1475; x_wconf 89' lang='lat' dir='ltr'><strong>sententiam</strong></span> <span class='ocrx_word' id='word_1_214' title='bbox 743 1451 820 1488; x_wconf 89' lang='lat' dir='ltr'><strong>qua</strong></span> <span class='ocrx_word' id='word_1_215' title='bbox 839 1438 1028 1476; x_wconf 90' lang='lat' dir='ltr'><strong>subiectio</strong></span> <span class='ocrx_word' id='word_1_216' title='bbox 1049 1438 1186 1489; x_wconf 89' lang='lat' dir='ltr'><strong>populi</strong></span> <span class='ocrx_word' id='word_1_217' title='bbox 1208 1437 1258 1475; x_wconf 84' lang='lat' dir='ltr'><strong>ad</strong></span> <span class='ocrx_word' id='word_1_218' title='bbox 1286 1437 1511 1488; x_wconf 86' lang='lat' dir='ltr'><strong>episcopum</strong></span> <span class='ocrx_word' id='word_1_219' title='bbox 1529 1442 1578 1474; x_wconf 84' lang='lat' dir='ltr'><strong>ut</strong></span> 
     </span>
     <span class='ocr_line' id='line_1_24' title="bbox 115 1491 1578 1544; baseline 0.001 -16"><span class='ocrx_word' id='word_1_220' title='bbox 115 1491 333 1529; x_wconf 82' lang='lat' dir='ltr'><strong>necessaria</strong></span> <span class='ocrx_word' id='word_1_221' title='bbox 356 1494 666 1533; x_wconf 80' lang='lat' dir='ltr'><strong>commendatur.</strong></span> <span class='ocrx_word' id='word_1_222' title='bbox 728 1494 911 1532; x_wconf 77' lang='lat' dir='ltr'><strong>indicabo</strong></span> <span class='ocrx_word' id='word_1_223' title='bbox 939 1493 1007 1532; x_wconf 86' lang='lat' dir='ltr'><strong>hic</strong></span> <span class='ocrx_word' id='word_1_224' title='bbox 1041 1494 1201 1544; x_wconf 84' lang='lat' dir='ltr'><strong>aliquas.</strong></span> <span class='ocrx_word' id='word_1_225' title='bbox 1256 1494 1299 1531; x_wconf 88' lang='lat' dir='ltr'><strong>iu</strong></span> <span class='ocrx_word' id='word_1_226' title='bbox 1328 1497 1351 1536; x_wconf 89' lang='lat'>1</span> <span class='ocrx_word' id='word_1_227' title='bbox 1380 1493 1493 1544; x_wconf 87' lang='lat' dir='ltr'><strong>epist.</strong></span> <span class='ocrx_word' id='word_1_228' title='bbox 1524 1493 1578 1530; x_wconf 84' lang='lat' dir='ltr'><strong>ad</strong></span> 
     </span>
     <span class='ocr_line' id='line_1_25' title="bbox 117 1545 1578 1605; baseline 0.001 -19"><span class='ocrx_word' id='word_1_229' title='bbox 117 1549 374 1598; x_wconf 78' lang='lat' dir='ltr'><strong>Smyrnaeos:</strong></span> <span class='ocrx_word' id='word_1_230' title='bbox 402 1546 548 1598; x_wconf 74' lang='grc' dir='ltr'><em>πάντες</em></span> <span class='ocrx_word' id='word_1_231' title='bbox 573 1553 628 1605; x_wconf 81' lang='grc' dir='ltr'><strong>τῷ</strong></span> <span class='ocrx_word' id='word_1_232' title='bbox 652 1547 857 1604; x_wconf 74' lang='grc' dir='ltr'><em>ἑπισκόπῳ</em></span> <span class='ocrx_word' id='word_1_233' title='bbox 879 1547 1138 1591; x_wconf 66' lang='grc' dir='ltr'><em>ἀκολουθεῖτε</em></span> <span class='ocrx_word' id='word_1_234' title='bbox 1164 1565 1218 1596; x_wconf 88' lang='grc' dir='ltr'><strong>ως</strong></span> <span class='ocrx_word' id='word_1_235' title='bbox 1238 1545 1388 1601; x_wconf 81' lang='grc' dir='ltr'><em>Ἰησοῦς</em></span> <span class='ocrx_word' id='word_1_236' title='bbox 1406 1546 1578 1602; x_wconf 80' lang='grc' dir='ltr'><em>Χριστὸς</em></span> 
     </span>
     <span class='ocr_line' id='line_1_26' title="bbox 113 1603 1577 1677; baseline 0.001 -34"><span class='ocrx_word' id='word_1_237' title='bbox 113 1605 173 1659; x_wconf 71' lang='grc' dir='ltr'><strong>τῷ</strong></span> <span class='ocrx_word' id='word_1_238' title='bbox 193 1604 333 1655; x_wconf 75' lang='grc' dir='ltr'><em>πατρί,</em></span> <span class='ocrx_word' id='word_1_239' title='bbox 361 1604 430 1644; x_wconf 76' lang='grc' dir='ltr'><strong>καὶ</strong></span> <span class='ocrx_word' id='word_1_240' title='bbox 455 1610 510 1661; x_wconf 79' lang='grc' dir='ltr'><strong>τῷ</strong></span> <span class='ocrx_word' id='word_1_241' title='bbox 534 1608 802 1676; x_wconf 78' lang='grc' dir='ltr'><em>πρεσβυτερίῳ</em></span> <span class='ocrx_word' id='word_1_242' title='bbox 830 1606 885 1654; x_wconf 71' lang='grc' dir='ltr'><strong>ὥς</strong></span> <span class='ocrx_word' id='word_1_243' title='bbox 911 1612 994 1655; x_wconf 86' lang='grc' dir='ltr'><em>τοῖς</em></span> <span class='ocrx_word' id='word_1_244' title='bbox 1021 1603 1311 1677; x_wconf 32' lang='lat' dir='ltr'><strong>’Auooto&#39;lotgs</strong></span> <span class='ocrx_word' id='word_1_245' title='bbox 1393 1605 1577 1656; x_wconf 84' lang='grc' dir='ltr'><em>.μ.ηδεις</em></span> 
     </span>
     <span class='ocr_line' id='line_1_27' title="bbox 114 1632 1572 1731; baseline 0.001 -33"><span class='ocrx_word' id='word_1_246' title='bbox 114 1659 235 1731; x_wconf 77' lang='grc' dir='ltr'><em>χωρις</em></span> <span class='ocrx_word' id='word_1_247' title='bbox 263 1649 492 1701; x_wconf 76' lang='grc' dir='ltr'>ἐπισκόπου</span> <span class='ocrx_word' id='word_1_248' title='bbox 506 1678 544 1702; x_wconf 86' lang='grc' dir='ltr'><strong>τι</strong></span> <span class='ocrx_word' id='word_1_249' title='bbox 573 1662 779 1714; x_wconf 73' lang='grc' dir='ltr'><em>πρασοέτω</em></span> <span class='ocrx_word' id='word_1_250' title='bbox 802 1666 883 1703; x_wconf 75' lang='grc' dir='ltr'><em>τῶν</em></span> <span class='ocrx_word' id='word_1_251' title='bbox 906 1659 1143 1714; x_wconf 67' lang='grc' dir='ltr'><em>ἀνηκόντων</em></span> <span class='ocrx_word' id='word_1_252' title='bbox 1165 1663 1222 1709; x_wconf 79' lang='grc' dir='ltr'><strong>εἷς</strong></span> <span class='ocrx_word' id='word_1_253' title='bbox 1247 1658 1323 1713; x_wconf 77' lang='grc' dir='ltr'><em>τήν</em></span> <span class='ocrx_word' id='word_1_254' title='bbox 1333 1632 1572 1711; x_wconf 49' lang='grc' dir='ltr'><em>Ηέκκλησίαν.</em></span> 
     </span>
     <span class='ocr_line' id='line_1_28' title="bbox 114 1712 1575 1786; baseline 0.001 -31"><span class='ocrx_word' id='word_1_255' title='bbox 114 1715 247 1785; x_wconf 79' lang='grc' dir='ltr'><em>ἐκείνη</em></span> <span class='ocrx_word' id='word_1_256' title='bbox 271 1717 414 1784; x_wconf 79' lang='grc' dir='ltr'>βεβαία</span> <span class='ocrx_word' id='word_1_257' title='bbox 433 1714 657 1786; x_wconf 73' lang='grc' dir='ltr'><strong><em>εὐχαριστία</em></strong></span> <span class='ocrx_word' id='word_1_258' title='bbox 676 1717 854 1772; x_wconf 73' lang='grc' dir='ltr'><em>ἡγείσθω</em></span> <span class='ocrx_word' id='word_1_259' title='bbox 885 1718 914 1771; x_wconf 79' lang='grc' dir='ltr'><em>ἦ</em></span> <span class='ocrx_word' id='word_1_260' title='bbox 941 1717 1023 1759; x_wconf 69' lang='lat' dir='ltr'><strong>vno</strong></span> <span class='ocrx_word' id='word_1_261' title='bbox 1049 1719 1118 1759; x_wconf 78' lang='grc' dir='ltr'><em>τὸν</em></span> <span class='ocrx_word' id='word_1_262' title='bbox 1147 1719 1365 1759; x_wconf 79' lang='grc' dir='ltr'><em>ἐπίσκοπον</em></span> <span class='ocrx_word' id='word_1_263' title='bbox 1391 1712 1514 1764; x_wconf 84' lang='grc' dir='ltr'><em>ουσα,</em></span> <span class='ocrx_word' id='word_1_264' title='bbox 1543 1714 1575 1768; x_wconf 77' lang='grc' dir='ltr'><strong><em>ἦ</em></strong></span> 
     </span>
     <span class='ocr_line' id='line_1_29' title="bbox 116 1766 1573 1844; baseline 0.001 -34"><span class='ocrx_word' id='word_1_265' title='bbox 116 1766 151 1825; x_wconf 74' lang='grc' dir='ltr'><em>ᾦ</em></span> <span class='ocrx_word' id='word_1_266' title='bbox 168 1787 219 1811; x_wconf 84' lang='grc' dir='ltr'><em>αν</em></span> <span class='ocrx_word' id='word_1_267' title='bbox 241 1768 362 1820; x_wconf 64' lang='grc' dir='ltr'><em>αὐτος</em></span> <span class='ocrx_word' id='word_1_268' title='bbox 382 1773 588 1843; x_wconf 78' lang='grc' dir='ltr'><strong><em>ἐπιτρέψῃ.</em></strong></span> <span class='ocrx_word' id='word_1_269' title='bbox 622 1791 724 1815; x_wconf 86' lang='grc' dir='ltr'><em>οπου</em></span> <span class='ocrx_word' id='word_1_270' title='bbox 743 1791 795 1815; x_wconf 82' lang='grc' dir='ltr'><em>αν</em></span> <span class='ocrx_word' id='word_1_271' title='bbox 814 1779 926 1844; x_wconf 80' lang='grc' dir='ltr'><em>φανῇ</em></span> <span class='ocrx_word' id='word_1_272' title='bbox 946 1774 970 1816; x_wconf 79' lang='grc' dir='ltr'><em>ὅ</em></span> <span class='ocrx_word' id='word_1_273' title='bbox 991 1775 1217 1822; x_wconf 79' lang='grc' dir='ltr'><strong><em>ἐπίσκοπος,</em></strong></span> <span class='ocrx_word' id='word_1_274' title='bbox 1251 1774 1334 1813; x_wconf 78' lang='grc' dir='ltr'><strong><em>ἐκεῖ</em></strong></span> <span class='ocrx_word' id='word_1_275' title='bbox 1352 1770 1396 1812; x_wconf 77' lang='grc' dir='ltr'><strong>τὸ</strong></span> <span class='ocrx_word' id='word_1_276' title='bbox 1412 1775 1573 1823; x_wconf 81' lang='grc' dir='ltr'><em>πλῆθος</em></span> 
     </span>
     <span class='ocr_line' id='line_1_30' title="bbox 116 1825 1572 1885; baseline -0.001 -17"><span class='ocrx_word' id='word_1_277' title='bbox 116 1827 226 1875; x_wconf 80' lang='grc' dir='ltr'><em>ἔστω,</em></span> <span class='ocrx_word' id='word_1_278' title='bbox 247 1840 379 1880; x_wconf 84' lang='grc' dir='ltr'><em>ωσπερ</em></span> <span class='ocrx_word' id='word_1_279' title='bbox 397 1845 501 1870; x_wconf 89' lang='grc' dir='ltr'><em>οπου</em></span> <span class='ocrx_word' id='word_1_280' title='bbox 521 1846 571 1869; x_wconf 84' lang='grc' dir='ltr'><em>αν</em></span> <span class='ocrx_word' id='word_1_281' title='bbox 587 1825 618 1885; x_wconf 78' lang='grc' dir='ltr'><em>ᾖ</em></span> <span class='ocrx_word' id='word_1_282' title='bbox 637 1829 804 1882; x_wconf 75' lang='grc' dir='ltr'><em>Χριστὸς</em></span> <span class='ocrx_word' id='word_1_283' title='bbox 822 1828 988 1883; x_wconf 83' lang='grc' dir='ltr'><em>Ἰησοῦς,</em></span> <span class='ocrx_word' id='word_1_284' title='bbox 1010 1831 1093 1870; x_wconf 77' lang='grc' dir='ltr'><strong><em>ἐκεῖ</em></strong></span> <span class='ocrx_word' id='word_1_285' title='bbox 1107 1847 1133 1881; x_wconf 91' lang='grc' dir='ltr'><strong><em>η</em></strong></span> <span class='ocrx_word' id='word_1_286' title='bbox 1154 1826 1352 1879; x_wconf 78' lang='grc' dir='ltr'><em>καθολική</em></span> <span class='ocrx_word' id='word_1_287' title='bbox 1372 1828 1572 1878; x_wconf 75' lang='grc' dir='ltr'><strong><em>ἐκκλησία.</em></strong></span> 
     </span>
     <span class='ocr_line' id='line_1_31' title="bbox 116 1880 1570 1938; baseline -0.006 -7"><span class='ocrx_word' id='word_1_288' title='bbox 116 1896 194 1922; x_wconf 67' lang='grc' dir='ltr'><strong>θνκ</strong></span> <span class='ocrx_word' id='word_1_289' title='bbox 219 1881 306 1930; x_wconf 61' lang='grc' dir='ltr'><strong>ἔξω</strong></span> <span class='ocrx_word' id='word_1_290' title='bbox 342 1883 421 1923; x_wconf 73' lang='grc' dir='ltr'><strong>ἔστι</strong></span> <span class='ocrx_word' id='word_1_291' title='bbox 447 1885 566 1936; x_wconf 75' lang='grc' dir='ltr'><em>χωρὶς</em></span> <span class='ocrx_word' id='word_1_292' title='bbox 590 1889 663 1926; x_wconf 86' lang='grc' dir='ltr'><strong>τοῦ</strong></span> <span class='ocrx_word' id='word_1_293' title='bbox 687 1886 906 1927; x_wconf 81' lang='grc' dir='ltr'><strong><em>ἐπισκόπου</em></strong></span> <span class='ocrx_word' id='word_1_294' title='bbox 935 1901 1026 1926; x_wconf 88' lang='grc' dir='ltr'><em>ουτε</em></span> <span class='ocrx_word' id='word_1_295' title='bbox 1057 1888 1257 1938; x_wconf 81' lang='grc' dir='ltr'><em>βαπτίζειν</em></span> <span class='ocrx_word' id='word_1_296' title='bbox 1286 1898 1377 1924; x_wconf 84' lang='grc' dir='ltr'><em>ουτε</em></span> <span class='ocrx_word' id='word_1_297' title='bbox 1405 1880 1570 1937; x_wconf 76' lang='grc' dir='ltr'><em>ἆγιὶπην</em></span> 
     </span>
     <span class='ocr_line' id='line_1_32' title="bbox 115 1933 1569 1997; baseline 0.001 -21"><span class='ocrx_word' id='word_1_298' title='bbox 115 1941 261 1986; x_wconf 73' lang='grc' dir='ltr'><em>ποιεῖν,</em></span> <span class='ocrx_word' id='word_1_299' title='bbox 289 1933 372 1976; x_wconf 71' lang='grc' dir='ltr'><strong>ἀλλ’</strong></span> <span class='ocrx_word' id='word_1_300' title='bbox 391 1935 414 1978; x_wconf 75' lang='grc' dir='ltr'>ὃ</span> <span class='ocrx_word' id='word_1_301' title='bbox 433 1937 485 1979; x_wconf 71' lang='grc' dir='ltr'><em>ἂν</em></span> <span class='ocrx_word' id='word_1_302' title='bbox 508 1940 657 1988; x_wconf 75' lang='grc' dir='ltr'><em>ἐκεῖνος</em></span> <span class='ocrx_word' id='word_1_303' title='bbox 672 1939 867 1997; x_wconf 73' lang='grc' dir='ltr'><em>δοκιμάσῃ</em></span> <span class='ocrx_word' id='word_1_304' title='bbox 889 1947 962 1979; x_wconf 88' lang='lat' dir='ltr'><strong>etc.</strong></span> <span class='ocrx_word' id='word_1_305' title='bbox 1018 1941 1095 1979; x_wconf 90' lang='lat' dir='ltr'><strong>hoc</strong></span> <span class='ocrx_word' id='word_1_306' title='bbox 1115 1947 1174 1978; x_wconf 86' lang='lat' dir='ltr'><strong>est</strong></span> <span class='ocrx_word' id='word_1_307' title='bbox 1192 1953 1243 1978; x_wconf 80' lang='lat' dir='ltr'><strong>ex</strong></span> <span class='ocrx_word' id='word_1_308' title='bbox 1262 1940 1424 1990; x_wconf 82' lang='lat' dir='ltr'><strong>antiqua</strong></span> <span class='ocrx_word' id='word_1_309' title='bbox 1440 1940 1569 1978; x_wconf 87' lang='lat' dir='ltr'><strong>inter-</strong></span> 
     </span>
     <span class='ocr_line' id='line_1_33' title="bbox 114 1993 1568 2048; baseline 0.003 -18"><span class='ocrx_word' id='word_1_310' title='bbox 114 1993 332 2045; x_wconf 84' lang='lat' dir='ltr'><strong>pretatione</strong></span> <span class='ocrx_word' id='word_1_311' title='bbox 351 1994 510 2032; x_wconf 85' lang='lat' dir='ltr'><strong>Latina:</strong></span> <span class='ocrx_word' id='word_1_312' title='bbox 553 1997 695 2033; x_wconf 73' lang='lat' dir='ltr'><strong>nullus</strong></span> <span class='ocrx_word' id='word_1_313' title='bbox 714 2000 800 2034; x_wconf 74' lang='lat' dir='ltr'><strong>sine</strong></span> <span class='ocrx_word' id='word_1_314' title='bbox 825 2000 1007 2048; x_wconf 71' lang='lat' dir='ltr'><strong>episcopo</strong></span> <span class='ocrx_word' id='word_1_315' title='bbox 1034 1996 1202 2048; x_wconf 81' lang='lat' dir='ltr'><strong>aliquid</strong></span> <span class='ocrx_word' id='word_1_316' title='bbox 1223 2003 1406 2046; x_wconf 79' lang='lat' dir='ltr'><strong>operetur</strong></span> <span class='ocrx_word' id='word_1_317' title='bbox 1431 2010 1568 2034; x_wconf 86' lang='lat' dir='ltr'><strong>eorum</strong></span> 
     </span>
     <span class='ocr_line' id='line_1_34' title="bbox 116 2052 1568 2104; baseline 0.004 -19"><span class='ocrx_word' id='word_1_318' title='bbox 116 2062 220 2100; x_wconf 84' lang='lat' dir='ltr'><strong>quae</strong></span> <span class='ocrx_word' id='word_1_319' title='bbox 238 2063 336 2087; x_wconf 80' lang='lat' dir='ltr'><strong>com</strong></span> <span class='ocrx_word' id='word_1_320' title='bbox 337 2052 474 2088; x_wconf 78' lang='lat' dir='ltr'><strong>eniunt</strong></span> <span class='ocrx_word' id='word_1_321' title='bbox 486 2053 529 2089; x_wconf 86' lang='lat' dir='ltr'><strong>in</strong></span> <span class='ocrx_word' id='word_1_322' title='bbox 551 2054 769 2092; x_wconf 69' lang='lat' dir='ltr'><strong>ecclesiam.</strong></span> <span class='ocrx_word' id='word_1_323' title='bbox 827 2054 901 2090; x_wconf 83' lang='lat' dir='ltr'><strong>illa</strong></span> <span class='ocrx_word' id='word_1_324' title='bbox 911 2054 1042 2103; x_wconf 85' lang='lat' dir='ltr'><strong>firma</strong></span> <span class='ocrx_word' id='word_1_325' title='bbox 1061 2055 1299 2104; x_wconf 79' lang='lat' dir='ltr'><strong>gratiarum</strong></span> <span class='ocrx_word' id='word_1_326' title='bbox 1317 2053 1425 2089; x_wconf 78' lang='lat' dir='ltr'><strong>actio</strong></span> <span class='ocrx_word' id='word_1_327' title='bbox 1444 2067 1568 2104; x_wconf 82' lang='lat' dir='ltr'><strong>repu-</strong></span> 
     </span>
     <span class='ocr_line' id='line_1_35' title="bbox 116 2107 1569 2159; baseline 0.004 -18"><span class='ocrx_word' id='word_1_328' title='bbox 116 2112 244 2154; x_wconf 80' lang='lat' dir='ltr'><strong>tetur,</strong></span> <span class='ocrx_word' id='word_1_329' title='bbox 274 2119 375 2156; x_wconf 86' lang='lat' dir='ltr'><strong>quae</strong></span> <span class='ocrx_word' id='word_1_330' title='bbox 398 2107 470 2144; x_wconf 71' lang='lat' dir='ltr'><strong>sub</strong></span> <span class='ocrx_word' id='word_1_331' title='bbox 498 2110 586 2158; x_wconf 80' lang='lat' dir='ltr'><strong>ipso</strong></span> <span class='ocrx_word' id='word_1_332' title='bbox 614 2116 671 2145; x_wconf 72' lang='lat' dir='ltr'><strong>eet</strong></span> <span class='ocrx_word' id='word_1_333' title='bbox 698 2109 762 2146; x_wconf 71' lang='lat' dir='ltr'><strong>vel</strong></span> <span class='ocrx_word' id='word_1_334' title='bbox 786 2123 910 2158; x_wconf 83' lang='lat' dir='ltr'><strong>quam</strong></span> <span class='ocrx_word' id='word_1_335' title='bbox 929 2110 1068 2159; x_wconf 81' lang='lat' dir='ltr'><strong>utique</strong></span> <span class='ocrx_word' id='word_1_336' title='bbox 1091 2111 1175 2159; x_wconf 77' lang='lat' dir='ltr'><strong>ips-e</strong></span> <span class='ocrx_word' id='word_1_337' title='bbox 1199 2110 1440 2147; x_wconf 69' lang='lat' dir='ltr'><strong>concesserit.</strong></span> <span class='ocrx_word' id='word_1_338' title='bbox 1497 2110 1569 2147; x_wconf 79' lang='lat' dir='ltr'><strong>uhi</strong></span> 
     </span>
     <span class='ocr_line' id='line_1_36' title="bbox 117 2163 1568 2216; baseline 0.003 -19"><span class='ocrx_word' id='word_1_339' title='bbox 117 2163 255 2212; x_wconf 83' lang='lat' dir='ltr'><strong>utique</strong></span> <span class='ocrx_word' id='word_1_340' title='bbox 284 2171 452 2212; x_wconf 84' lang='lat' dir='ltr'><strong>apparet</strong></span> <span class='ocrx_word' id='word_1_341' title='bbox 482 2165 712 2214; x_wconf 75' lang='lat' dir='ltr'><strong>episcopus,</strong></span> <span class='ocrx_word' id='word_1_342' title='bbox 742 2165 830 2201; x_wconf 84' lang='lat' dir='ltr'><strong>illic</strong></span> <span class='ocrx_word' id='word_1_343' title='bbox 864 2163 1083 2201; x_wconf 78' lang='lat' dir='ltr'><strong>multitudo</strong></span> <span class='ocrx_word' id='word_1_344' title='bbox 1114 2167 1189 2211; x_wconf 72' lang='lat' dir='ltr'><strong>sit,</strong></span> <span class='ocrx_word' id='word_1_345' title='bbox 1231 2164 1568 2216; x_wconf 83' lang='lat' dir='ltr'><strong>quemadmodum</strong></span> 
     </span>
     <span class='ocr_line' id='line_1_37' title="bbox 116 2219 1564 2269; baseline 0.003 -15"><span class='ocrx_word' id='word_1_346' title='bbox 116 2219 257 2268; x_wconf 75' lang='lat' dir='ltr'><strong>utique</strong></span> <span class='ocrx_word' id='word_1_347' title='bbox 276 2219 347 2255; x_wconf 72' lang='lat' dir='ltr'><strong>ubi</strong></span> <span class='ocrx_word' id='word_1_348' title='bbox 366 2226 424 2255; x_wconf 73' lang='lat' dir='ltr'><strong>est</strong></span> <span class='ocrx_word' id='word_1_349' title='bbox 450 2219 636 2257; x_wconf 72' lang='lat' dir='ltr'><strong>Christus·</strong></span> <span class='ocrx_word' id='word_1_350' title='bbox 654 2220 783 2269; x_wconf 72' lang='lat' dir='ltr'><strong>Iesus,</strong></span> <span class='ocrx_word' id='word_1_351' title='bbox 813 2220 902 2257; x_wconf 80' lang='lat' dir='ltr'><strong>illic</strong></span> <span class='ocrx_word' id='word_1_352' title='bbox 919 2220 1122 2258; x_wconf 79' lang='lat' dir='ltr'><strong>catholica</strong></span> <span class='ocrx_word' id='word_1_353' title='bbox 1141 2221 1316 2259; x_wconf 66' lang='lat' dir='ltr'><strong>ecclesia.</strong></span> <span class='ocrx_word' id='word_1_354' title='bbox 1371 2235 1452 2258; x_wconf 85' lang='lat' dir='ltr'><strong>non</strong></span> <span class='ocrx_word' id='word_1_355' title='bbox 1470 2222 1564 2259; x_wconf 76' lang='lat' dir='ltr'><strong>lici-</strong></span> 
     </span>
     <span class='ocr_line' id='line_1_38' title="bbox 116 2276 1570 2328; baseline 0.003 -18"><span class='ocrx_word' id='word_1_356' title='bbox 116 2281 206 2310; x_wconf 79' lang='lat' dir='ltr'><strong>tum</strong></span> <span class='ocrx_word' id='word_1_357' title='bbox 223 2281 279 2310; x_wconf 78' lang='lat' dir='ltr'><strong>est</strong></span> <span class='ocrx_word' id='word_1_358' title='bbox 306 2276 391 2311; x_wconf 75' lang='lat' dir='ltr'><strong>sine</strong></span> <span class='ocrx_word' id='word_1_359' title='bbox 411 2277 592 2327; x_wconf 76' lang='lat' dir='ltr'><strong>episcopo</strong></span> <span class='ocrx_word' id='word_1_360' title='bbox 618 2290 742 2326; x_wconf 81' lang='lat' dir='ltr'><strong>neque</strong></span> <span class='ocrx_word' id='word_1_361' title='bbox 761 2276 966 2326; x_wconf 81' lang='lat' dir='ltr'><strong>baptizare</strong></span> <span class='ocrx_word' id='word_1_362' title='bbox 989 2291 1115 2327; x_wconf 85' lang='lat' dir='ltr'><strong>neque</strong></span> <span class='ocrx_word' id='word_1_363' title='bbox 1135 2290 1292 2328; x_wconf 81' lang='lat' dir='ltr'><strong>agapen</strong></span> <span class='ocrx_word' id='word_1_364' title='bbox 1311 2278 1467 2326; x_wconf 80' lang='lat' dir='ltr'><strong>facere,</strong></span> <span class='ocrx_word' id='word_1_365' title='bbox 1496 2277 1570 2315; x_wconf 79' lang='lat' dir='ltr'><strong>sed</strong></span> 
     </span>
     <span class='ocr_line' id='line_1_39' title="bbox 117 2329 1565 2386; baseline 0.004 -20"><span class='ocrx_word' id='word_1_366' title='bbox 117 2329 229 2380; x_wconf 82' lang='lat' dir='ltr'><strong>quod</strong></span> <span class='ocrx_word' id='word_1_367' title='bbox 254 2332 394 2381; x_wconf 81' lang='lat' dir='ltr'><strong>utique</strong></span> <span class='ocrx_word' id='word_1_368' title='bbox 423 2332 491 2369; x_wconf 84' lang='lat' dir='ltr'><strong>ille</strong></span> <span class='ocrx_word' id='word_1_369' title='bbox 511 2331 745 2383; x_wconf 81' lang='lat' dir='ltr'><strong>probaverit</strong></span> <span class='ocrx_word' id='word_1_370' title='bbox 776 2338 850 2370; x_wconf 88' lang='lat' dir='ltr'><strong>etc.</strong></span> <span class='ocrx_word' id='word_1_371' title='bbox 906 2332 1009 2370; x_wconf 87' lang='lat' dir='ltr'><strong>idem</strong></span> <span class='ocrx_word' id='word_1_372' title='bbox 1029 2333 1143 2383; x_wconf 84' lang='lat' dir='ltr'><strong>epist.</strong></span> <span class='ocrx_word' id='word_1_373' title='bbox 1165 2337 1192 2374; x_wconf 83' lang='lat'><strong>2</strong></span> <span class='ocrx_word' id='word_1_374' title='bbox 1212 2333 1262 2371; x_wconf 82' lang='lat' dir='ltr'><strong>ad</strong></span> <span class='ocrx_word' id='word_1_375' title='bbox 1282 2333 1565 2386; x_wconf 74' lang='lat' dir='ltr'><strong>Polycarpum:</strong></span> 
     </span>
     <span class='ocr_line' id='line_1_40' title="bbox 115 2383 1570 2442; baseline 0.003 -17"><span class='ocrx_word' id='word_1_376' title='bbox 115 2388 171 2439; x_wconf 80' lang='grc' dir='ltr'><strong>τῷ</strong></span> <span class='ocrx_word' id='word_1_377' title='bbox 190 2383 393 2439; x_wconf 79' lang='grc' dir='ltr'><em>ἐπισκόπῳ</em></span> <span class='ocrx_word' id='word_1_378' title='bbox 412 2387 637 2440; x_wconf 80' lang='grc' dir='ltr'><em>προσέχετε,</em></span> <span class='ocrx_word' id='word_1_379' title='bbox 665 2388 735 2427; x_wconf 87' lang='grc' dir='ltr'><em>ινα</em></span> <span class='ocrx_word' id='word_1_380' title='bbox 759 2387 826 2427; x_wconf 78' lang='grc' dir='ltr'><strong>καὶ</strong></span> <span class='ocrx_word' id='word_1_381' title='bbox 846 2404 867 2428; x_wconf 93' lang='grc' dir='ltr'><em>ο</em></span> <span class='ocrx_word' id='word_1_382' title='bbox 891 2385 991 2436; x_wconf 86' lang='grc' dir='ltr'><em>θεος</em></span> <span class='ocrx_word' id='word_1_383' title='bbox 1012 2387 1124 2440; x_wconf 62' lang='grc' dir='ltr'><em>ὑμῖν.</em></span> <span class='ocrx_word' id='word_1_384' title='bbox 1154 2385 1375 2442; x_wconf 75' lang='grc' dir='ltr'><em>ἆντίψυχος</em></span> <span class='ocrx_word' id='word_1_385' title='bbox 1399 2387 1475 2442; x_wconf 75' lang='grc' dir='ltr'><strong>ἐγω</strong></span> <span class='ocrx_word' id='word_1_386' title='bbox 1486 2393 1570 2430; x_wconf 79' lang='grc' dir='ltr'><em>ταῖν</em></span> 
     </span>
     <span class='ocr_line' id='line_1_41' title="bbox 116 2439 1572 2509; baseline 0.001 -29"><span class='ocrx_word' id='word_1_387' title='bbox 116 2439 452 2494; x_wconf 83' lang='grc' dir='ltr'><em>υποτασσομένων</em></span> <span class='ocrx_word' id='word_1_388' title='bbox 468 2447 523 2497; x_wconf 76' lang='grc' dir='ltr'><strong>τῷ</strong></span> <span class='ocrx_word' id='word_1_389' title='bbox 550 2440 760 2499; x_wconf 81' lang='grc' dir='ltr'><em>ἐπισκόπῳ.</em></span> <span class='ocrx_word' id='word_1_390' title='bbox 816 2445 996 2509; x_wconf 72' lang='lat' dir='ltr'><strong>episcopo</strong></span> <span class='ocrx_word' id='word_1_391' title='bbox 1021 2443 1232 2494; x_wconf 73' lang='lat' dir='ltr'><strong>attendite,</strong></span> <span class='ocrx_word' id='word_1_392' title='bbox 1262 2453 1310 2483; x_wconf 78' lang='lat' dir='ltr'><strong>ut</strong></span> <span class='ocrx_word' id='word_1_393' title='bbox 1330 2453 1368 2483; x_wconf 75' lang='lat' dir='ltr'><strong>et</strong></span> <span class='ocrx_word' id='word_1_394' title='bbox 1386 2445 1484 2484; x_wconf 66' lang='lat' dir='ltr'><strong>deus</strong></span> <span class='ocrx_word' id='word_1_395' title='bbox 1502 2460 1572 2483; x_wconf 74' lang='lat' dir='ltr'><strong>vo-</strong></span> 
     </span>
     <span class='ocr_line' id='line_1_42' title="bbox 117 2496 1569 2553; baseline 0.003 -20"><span class='ocrx_word' id='word_1_396' title='bbox 117 2496 191 2534; x_wconf 72' lang='lat' dir='ltr'><strong>hie.</strong></span> <span class='ocrx_word' id='word_1_397' title='bbox 248 2501 457 2537; x_wconf 77' lang='lat' dir='ltr'><strong>unanimis</strong></span> <span class='ocrx_word' id='word_1_398' title='bbox 485 2514 554 2552; x_wconf 82' lang='lat' dir='ltr'><strong>ego</strong></span> <span class='ocrx_word' id='word_1_399' title='bbox 579 2514 672 2538; x_wconf 78' lang='lat' dir='ltr'><strong>eum</strong></span> <span class='ocrx_word' id='word_1_400' title='bbox 696 2501 889 2538; x_wconf 71' lang='lat' dir='ltr'><strong>subiectis</strong></span> <span class='ocrx_word' id='word_1_401' title='bbox 917 2502 1108 2552; x_wconf 72' lang='lat' dir='ltr'><strong>episcopo.</strong></span> <span class='ocrx_word' id='word_1_402' title='bbox 1165 2501 1207 2540; x_wconf 89' lang='lat' dir='ltr'><strong>iu</strong></span> <span class='ocrx_word' id='word_1_403' title='bbox 1236 2504 1263 2543; x_wconf 80' lang='grc'><em>8</em></span> <span class='ocrx_word' id='word_1_404' title='bbox 1288 2502 1341 2539; x_wconf 79' lang='lat' dir='ltr'><strong>ad</strong></span> <span class='ocrx_word' id='word_1_405' title='bbox 1362 2501 1569 2553; x_wconf 84' lang='lat' dir='ltr'><strong>Ephesios.</strong></span> 
     </span>
     <span class='ocr_line' id='line_1_43' title="bbox 117 2550 1569 2612; baseline 0.003 -21"><span class='ocrx_word' id='word_1_406' title='bbox 117 2550 258 2603; x_wconf 81' lang='grc' dir='ltr'><em>πρέπει</em></span> <span class='ocrx_word' id='word_1_407' title='bbox 277 2553 374 2606; x_wconf 81' lang='grc' dir='ltr'><em>υμῖν</em></span> <span class='ocrx_word' id='word_1_408' title='bbox 394 2556 616 2609; x_wconf 76' lang='grc' dir='ltr'><em>συντρέχειν</em></span> <span class='ocrx_word' id='word_1_409' title='bbox 640 2559 691 2612; x_wconf 84' lang='grc' dir='ltr'><strong>τῇ</strong></span> <span class='ocrx_word' id='word_1_410' title='bbox 712 2559 785 2597; x_wconf 81' lang='grc' dir='ltr'><strong>τοῦ</strong></span> <span class='ocrx_word' id='word_1_411' title='bbox 809 2553 1029 2597; x_wconf 78' lang='grc' dir='ltr'><em>ἐπισκόπου</em></span> <span class='ocrx_word' id='word_1_412' title='bbox 1048 2552 1202 2612; x_wconf 73' lang='grc' dir='ltr'><em>γνώμῃ.</em></span> <span class='ocrx_word' id='word_1_413' title='bbox 1258 2557 1366 2595; x_wconf 83' lang='lat' dir='ltr'><strong>decet</strong></span> <span class='ocrx_word' id='word_1_414' title='bbox 1381 2572 1454 2597; x_wconf 79' lang='grc' dir='ltr'><em>νοε</em></span> <span class='ocrx_word' id='word_1_415' title='bbox 1473 2571 1569 2595; x_wconf 87' lang='lat' dir='ltr'><strong>con-</strong></span> 
     </span>
     <span class='ocr_line' id='line_1_44' title="bbox 120 2612 1566 2663; baseline 0.005 -19"><span class='ocrx_word' id='word_1_416' title='bbox 120 2620 276 2646; x_wconf 75' lang='lat' dir='ltr'><strong>currere</strong></span> <span class='ocrx_word' id='word_1_417' title='bbox 298 2613 475 2663; x_wconf 75' lang='lat' dir='ltr'><strong>epis-copi</strong></span> <span class='ocrx_word' id='word_1_418' title='bbox 505 2615 730 2651; x_wconf 68' lang='lat' dir='ltr'><strong>sententiae.</strong></span> <span class='ocrx_word' id='word_1_419' title='bbox 786 2618 947 2662; x_wconf 78' lang='lat' dir='ltr'><strong>quartae</strong></span> <span class='ocrx_word' id='word_1_420' title='bbox 975 2612 1026 2650; x_wconf 84' lang='lat' dir='ltr'><strong>ad</strong></span> <span class='ocrx_word' id='word_1_421' title='bbox 1042 2612 1256 2663; x_wconf 84' lang='lat' dir='ltr'><strong>Magnesios</strong></span> <span class='ocrx_word' id='word_1_422' title='bbox 1281 2613 1379 2651; x_wconf 88' lang='lat' dir='ltr'><strong>haec</strong></span> <span class='ocrx_word' id='word_1_423' title='bbox 1404 2619 1498 2651; x_wconf 85' lang='lat' dir='ltr'><strong>sunt</strong></span> <span class='ocrx_word' id='word_1_424' title='bbox 1524 2614 1566 2651; x_wconf 88' lang='lat' dir='ltr'><strong>in</strong></span> 
     </span>
     <span class='ocr_line' id='line_1_45' title="bbox 120 2660 1567 2722; baseline 0.008 -23"><span class='ocrx_word' id='word_1_425' title='bbox 120 2660 197 2700; x_wconf 86' lang='lat' dir='ltr'><strong>hoc</strong></span> <span class='ocrx_word' id='word_1_426' title='bbox 214 2667 457 2716; x_wconf 84' lang='lat' dir='ltr'><strong>propositum</strong></span> <span class='ocrx_word' id='word_1_427' title='bbox 479 2669 584 2707; x_wconf 85' lang='lat' dir='ltr'><strong>inter</strong></span> <span class='ocrx_word' id='word_1_428' title='bbox 602 2669 695 2707; x_wconf 79' lang='lat' dir='ltr'><strong>alia:</strong></span> <span class='ocrx_word' id='word_1_429' title='bbox 733 2668 885 2717; x_wconf 75' lang='grc' dir='ltr'><em>πρέπον</em></span> <span class='ocrx_word' id='word_1_430' title='bbox 910 2671 985 2709; x_wconf 81' lang='grc' dir='ltr'><em>οὐν</em></span> <span class='ocrx_word' id='word_1_431' title='bbox 1014 2668 1095 2708; x_wconf 76' lang='grc' dir='ltr'><strong>ἐστὶ</strong></span> <span class='ocrx_word' id='word_1_432' title='bbox 1127 2685 1182 2721; x_wconf 85' lang='grc' dir='ltr'><strong>μη</strong></span> <span class='ocrx_word' id='word_1_433' title='bbox 1208 2666 1331 2722; x_wconf 80' lang='grc' dir='ltr'><em>μόνον</em></span> <span class='ocrx_word' id='word_1_434' title='bbox 1357 2673 1567 2710; x_wconf 78' lang='grc' dir='ltr'><em>καλεῖσθαι</em></span> 
     </span>
     <span class='ocr_line' id='line_1_46' title="bbox 122 2719 1566 2789; baseline 0.004 -29"><span class='ocrx_word' id='word_1_435' title='bbox 122 2719 397 2771; x_wconf 74' lang='grc' dir='ltr'><em>Χριστιανούς,</em></span> <span class='ocrx_word' id='word_1_436' title='bbox 427 2719 526 2764; x_wconf 66' lang='lat' dir='ltr'><strong>dua*</strong></span> <span class='ocrx_word' id='word_1_437' title='bbox 541 2725 608 2765; x_wconf 75' lang='grc' dir='ltr'><strong>καὶ</strong></span> <span class='ocrx_word' id='word_1_438' title='bbox 627 2722 783 2765; x_wconf 72' lang='grc' dir='ltr'><em>εἶναι“</em></span> <span class='ocrx_word' id='word_1_439' title='bbox 750 2738 881 2789; x_wconf 84' lang='grc' dir='ltr'><em>ωσπερ</em></span> <span class='ocrx_word' id='word_1_440' title='bbox 894 2726 962 2765; x_wconf 79' lang='grc' dir='ltr'><strong>καί</strong></span> <span class='ocrx_word' id='word_1_441' title='bbox 979 2739 1084 2772; x_wconf 82' lang='grc' dir='ltr'><em>τινες</em></span> <span class='ocrx_word' id='word_1_442' title='bbox 1103 2723 1320 2766; x_wconf 65' lang='grc' dir='ltr'><em>ἐπίσκοπον</em></span> <span class='ocrx_word' id='word_1_443' title='bbox 1339 2724 1411 2777; x_wconf 83' lang='grc' dir='ltr'><em>μὲν</em></span> <span class='ocrx_word' id='word_1_444' title='bbox 1425 2727 1566 2766; x_wconf 65' lang='grc' dir='ltr'><em>καλοῦ-</em></span> 
     </span>
     <span class='ocr_line' id='line_1_47' title="bbox 121 2775 1564 2834; baseline 0.003 -16"><span class='ocrx_word' id='word_1_445' title='bbox 121 2783 204 2824; x_wconf 73' lang='grc' dir='ltr'><em>σιν,</em></span> <span class='ocrx_word' id='word_1_446' title='bbox 233 2776 353 2830; x_wconf 74' lang='grc' dir='ltr'><em>χωρὶς</em></span> <span class='ocrx_word' id='word_1_447' title='bbox 370 2776 415 2819; x_wconf 78' lang='grc' dir='ltr'><strong>δὲ</strong></span> <span class='ocrx_word' id='word_1_448' title='bbox 436 2775 564 2821; x_wconf 66' lang='grc' dir='ltr'><em>αὐτοῦ</em></span> <span class='ocrx_word' id='word_1_449' title='bbox 578 2778 711 2822; x_wconf 75' lang='grc' dir='ltr'><em>πάντα</em></span> <span class='ocrx_word' id='word_1_450' title='bbox 726 2777 987 2834; x_wconf 75' lang='grc' dir='ltr'><em>πράσσουσιν.</em></span> <span class='ocrx_word' id='word_1_451' title='bbox 1026 2795 1066 2821; x_wconf 89' lang='grc' dir='ltr'><strong>οι</strong></span> <span class='ocrx_word' id='word_1_452' title='bbox 1074 2795 1249 2823; x_wconf 83' lang='grc' dir='ltr'><em>τοιουτοι</em></span> <span class='ocrx_word' id='word_1_453' title='bbox 1268 2779 1312 2823; x_wconf 78' lang='grc' dir='ltr'><strong>δὲ</strong></span> <span class='ocrx_word' id='word_1_454' title='bbox 1328 2778 1404 2823; x_wconf 69' lang='grc' dir='ltr'><strong>οὐκ</strong></span> <span class='ocrx_word' id='word_1_455' title='bbox 1421 2778 1564 2824; x_wconf 72' lang='grc' dir='ltr'><em>εὕων-</em></span> 
     </span>
    </p>
   </div>
  </div>
 </body>
</html>
