1858 3126
257 178 355 226 472
675 168 910 220 GEORGII
936 174 1284 220 PAGHYMERIS

260 288 481 346 λαμβάνειν
500 287 624 332 ἔποίει
641 287 740 339 τοὺς
759 280 999 344 λογισμούς,
1031 284 1090 342 μή
1112 304 1200 338 πως
1216 291 1304 346 θεῷ
1321 288 1466 333 δοκοόν
1493 287 1620 332 atvar
1645 290 1712 331 καὶ

260 359 381 403 πάλιν
421 358 641 414 ἱεραρχεῖν,
697 354 1002 410 ἄμετακινήτων
1035 353 1242 409 μενόντων
1277 359 1361 399 τῶν
1390 360 1465 412 τῆς
1503 358 1714 412 ἐκκλησίας

262 423 537 483 πραγμάτων,
576 424 603 468 ἃ
624 421 777 481 ἀνάγκη
799 421 1095 481 ταράττεσθαι,
1127 425 1161 467 εἶ
1179 423 1313 474 ἄλλως
1328 424 1497 480 γένοιτο,
1531 424 1714 480 παριδὼν

260 499 393 539 ταῦτα
412 493 567 549 ἕλωμαί
583 510 626 536 τε
646 491 757 549 ὑμᾶς
773 495 838 535 καὶ
859 490 1107 548 ἁμαρτάνω,
1133 492 1235 550 πρὸς
1252 496 1310 550 τῷ
1326 494 1411 548 μηδ
1418 491 1432 509 ²
1459 491 1715 548 εὖοδωθῆναι

261 563 310 607 τὸ
343 567 512 619 πρᾶγμα
540 561 645 605 κατὰ
676 561 831 604 σκοπὸν
862 561 908 605 ὃν
939 561 1163 616 ἕτρὲχομεν.
1235 559 1334 604 ὅθεν
1363 562 1444 604 καῖ
1464 560 1568 617 πρὸς
1587 565 1749 605 ταῦταὸ

265 633 531 687 παλινδρομῶ
545 662 559 682 ,
605 632 673 672 καὶ
713 629 759 673 ὃν
786 628 928 686 ὁρᾶτε,
979 628 1035 679 ὥς
1064 631 1194 684 δῆθεν
1219 630 1338 672 θείαν
1365 633 1511 685 ψῆφον
1536 632 1718 686 πληρῶν,

215 711 247 745 Β
270 701 332 745 ἐπὶ
365 703 438 754 τῆς
468 699 578 754 ἱερᾶς
607 698 723 749 ἀξίας
751 695 887 754 ἀνάγω
914 695 1059 750 πάλιν,
1110 697 1242 753 ἄνδρα
1271 696 1382 741 λιτὸν
1408 697 1470 753 τὰ,
1488 693 1622 740 πάντα
1652 692 1721 740 καὶ

266 768 438 812 ι’ίσκευον
464 769 533 822 καὶ
564 765 710 822 ἀρετῆς
737 767 917 816 ἐπιεικῶς
943 768 1086 824 (pilon
1147 766 1194 809 τὸ
1211 765 1350 820 μέντοι
1369 782 1412 822 γε
1429 767 1578 809 δοκοῦν
1594 770 1721 821 σκλη-

270 837 342 893 ρὸν
362 838 429 879 καὶ
451 835 510 890 μὴ
531 835 571 884 ἔς
589 833 699 878 ἅπαν
730 834 923 885 ἐπικλινές
955 852 998 878 τε
1022 836 1087 878 καὶ
1107 834 1410 890 συγκεχωρηκὸς
1426 829 1476 890 ἦν
1495 834 1635 891 καιρὸς
1655 833 1722 878 ὅτε

269 904 391 961 κάμοὶ
410 900 678 962 (μαρτυρήσω
694 902 772 959 γὰρ
789 902 987 959 τάληθὲς)
1007 901 1113 959 παρ’
1134 900 1242 958 ὑμᾶς
1262 901 1419 953 πάντας
1446 900 1565 946 οὐδὲν
1595 899 1781 946 ἐδόκει-10

269 976 476 1030 προσῆκον
507 970 641 1022 ἄλλως
671 972 853 1024 ποιμένι,
902 973 969 1014 καὶ
992 976 1124 1014 ταῦτα
1145 975 1402 1030 πνευματικῷ
1414 1003 1428 1023 ,
1463 971 1530 1013 καὶ
1550 969 1644 1015 οὐδ’
1669 968 1726 1021 ῶς

269 1059 312 1097 γε
335 1039 541 1097 ἐπαγωγὸν
559 1043 642 1082 τῶν
664 1043 826 1083 πολλῶν
847 1041 914 1083 καὶ
931 1039 1142 1096 εἰρηνικόν,
1181 1041 1247 1082 καὶ
1265 1043 1462 1083 τοσοῦτον
1483 1036 1544 1082 ὅτι
1562 1040 1629 1082 καὶ
1649 1043 1726 1082 τοῦ

227 1122 259 1155 C
281 1112 463 1165 μοναχοῦ
483 1110 614 1163 Μηνᾶ
644 1107 694 1151 τὰ
724 1107 799 1150 ἀπ’
832 1107 959 1150 αὐτοῦ
985 1108 1086 1163 πρὸς
1106 1108 1174 1162 ἐμὲ
1188 1107 1374 1163 λε’γοντος
1393 1109 1600 1163 δυσχερῶς
1619 1105 1725 1161 εἶχον

273 1175 474 1221 πιστεύειν
487 1208 499 1227 ,
536 1177 570 1218 εἶ
591 1179 775 1226 τοιοῦτος
795 1174 852 1219 ὢν
870 1174 956 1225 οἷος
974 1175 1093 1226 ἔδειξε
1118 1174 1224 1226 τότε,
1255 1173 1449 1230 ἀγλευκής
1467 1191 1510 1218 τε
1525 1176 1592 1217 καὶ
1609 1173 1727 1231 ἄτεγ-

275 1262 369 1295 κτος
383 1277 397 1298 ,
433 1241 629 1287 τοιούτων
660 1242 710 1286 ἂν
741 1245 899 1299 κριθείη
927 1245 1052 1287 θείων
1082 1244 1243 1287 ἐννοιῶν
1274 1243 1409 1295 ἄξιος·
1443 1244 1510 1286 καὶ
1529 1240 1728 1287 πιστεύειν
1740 1250 1784 1285 15

276 1311 493 1357 ἀπώκνουν
514 1318 598 1362 τοῖς
620 1312 868 1368 λεγομένοις,
903 1310 964 1362 οἷς
984 1312 1106 1368 ὀργὴν
1128 1316 1231 1355 θεοῦ
1252 1311 1497 1367 ἐπικειμένην
1519 1317 1604 1360 τοῖς
1629 1310 1731 1367 ἦμε-

277 1382 408 1438 τὲροις
438 1380 583 1423 εἰδέναι
615 1381 807 1437 παρίστα.
877 1379 973 1426 ἀλλ’Α
1004 1379 1116 1434 ὅμως
1143 1378 1164 1422 ὁ
1193 1378 1323 1430 οὕτως
1342 1379 1445 1434 ἔχων
1470 1381 1561 1435 περὶ
1581 1377 1732 1424 τούτου
1762 1388 1765 1395 “

278 1450 355 1508 ἐγὼ
377 1446 500 1492 τόσον
520 1446 680 1492 ἑάλωκα
698 1452 771 1504 τῆς
803 1447 905 1505 πρὸς
935 1447 1060 1491 αὐτὸν
1080 1447 1326 1501 διαθέσεως,
1365 1446 1421 1499 ὥς
1438 1446 1538 1491 ἄλλο
1566 1465 1605 1491 τι
1621 1450 1734 1506 λογί-

281 1581 382 1615 cbatu
406 1580 560 1626 privatus
589 1583 670 1615 tunc
702 1580 853 1623 viveret,
885 1579 1039 1625 religioni
1067 1579 1222 1615 duximus
1251 1592 1316 1615 nou
1337 1581 1433 1626 sequi
1457 1583 1525 1615 tam
1546 1579 1733 1616 evidente-

279 1627 434 1671 snffragii
457 1626 560 1660 divini
583 1626 852 1671 praerogativam
874 1637 914 1660 eo
938 1626 972 1659 in
994 1626 1074 1660 sede
1097 1627 1310 1671 reponendo,
1341 1638 1362 1660 e
1383 1637 1452 1671 qua
1473 1636 1651 1671 perperam
1673 1627 1737 1662 de-

279 1673 403 1707 iectum
425 1671 491 1706 ista
514 1671 588 1716 ipsa
610 1671 803 1725 prodigiosa
830 1671 1031 1715 significatio
1054 1673 1283 1711 monstrabat,
1312 1671 1511 1716 praesertim
1540 1682 1614 1706 cum
1636 1683 1737 1716 prae-

282 1722 337 1752 ter
361 1717 545 1764 periculum
567 1717 635 1759 dei,
658 1716 690 1750 ni
713 1716 764 1751 sic
785 1719 985 1758 faceremus,
1005 1716 1194 1751 offendendi
1213 1717 1256 1751 ad
1280 1717 1315 1751 id
1336 1716 1447 1762 ipsum
1467 1720 1606 1761 urgeret
1625 1721 1736 1753 status

282 1774 447 1819 praesens
470 1762 772 1797 ecclesiasticarum
795 1774 901 1797 rerum
914 1787 925 1804 ,
957 1772 1041 1807 quas
1073 1763 1166 1796 novis
1197 1762 1286 1797 haud
1308 1762 1407 1796 dubie
1429 1762 1738 1807 perturbationibus

282 1809 500 1854 implicandas
526 1809 731 1853 apparebat,
765 1808 794 1842 si
824 1807 917 1842 aliud
949 1808 1197 1842 decerneretur.
1243 1809 1441 1852 reputabam
1470 1819 1597 1842 mecum
1622 1809 1736 1852 etiam,

282 1856 338 1890 vel
363 1855 391 1889 si
415 1853 578 1898 neglectis
601 1853 645 1888 iis
675 1854 763 1888 tanti
790 1853 948 1888 momenti
977 1853 1160 1887 rationibus
1190 1853 1392 1888 obstinarem
1415 1853 1557 1888 animum
1579 1853 1615 1888 iu
1635 1855 1740 1889 obse-

309 1900 417 1935 uendo
440 1899 551 1945 vobis,
573 1900 701 1934 frustra
723 1899 856 1945 quidem
876 1899 911 1933 id
933 1900 1097 1933 facturum
1120 1910 1183 1933 me.
1229 1911 1290 1945 per
1304 1899 1392 1933 viam
1416 1899 1501 1934 enim
1524 1903 1576 1934 tot
1597 1911 1640 1935 ac
1660 1904 1740 1935 tau-

283 1952 331 1980 tis
354 1945 611 1980 difficultatibus
633 1946 806 1990 obseptam
827 1944 918 1979 nulla
939 1955 1019 1990 spes
1041 1945 1207 1979 allucebat
1238 1945 1480 1990 pertingendae
1501 1956 1645 1991 unquam
1667 1956 1742 1980 me-

285 1997 362 2033 tae,
385 1991 428 2025 ad
452 2002 550 2037 quam
575 1991 735 2025 communi
759 2002 819 2026 vos
842 1994 878 2024 et
899 2002 962 2035 ego
995 2001 1095 2024 cursu
1116 1990 1317 2025 nitebamur.
1362 2002 1423 2036 per
1454 1991 1538 2025 baec
1567 1991 1672 2034 satis,
1698 1995 1740 2027 ut

286 2037 439 2079 confido,
481 2037 711 2071 demonstrata
747 2037 923 2083 aequitate
961 2048 1003 2071 ac
1033 2036 1235 2070 necessitate
1266 2035 1400 2071 ultimae
1437 2036 1535 2071 liuius
1565 2037 1740 2072 electionis

286 2093 427 2127 prorsus
449 2082 672 2125 ineluctabili,
697 2083 808 2116 refero
835 2094 891 2116 me
921 2082 964 2116 ad
991 2082 1222 2128 proponendas
1244 2082 1341 2116 vobis
1364 2082 1461 2117 dotes
1483 2081 1681 2128 conspicuas
1703 2086 1742 2118 et

287 2127 458 2172 quantivis
481 2128 707 2162 aestimandas
728 2128 793 2163 viri
816 2128 932 2168 huius,
953 2139 1051 2173 quem
1073 2127 1221 2162 divinum
1244 2133 1380 2162 secutus
1401 2128 1596 2172 suffragium
1617 2128 1653 2162 in
1671 2139 1741 2182 pa-

287 2172 483 2217 triarchali,
517 2178 557 2207 ut
590 2173 733 2216 videtis,
761 2185 887 2220 repono
919 2174 1011 2209 sede.
1057 2174 1154 2208 homo
1176 2173 1208 2207 is
1231 2179 1284 2208 est
1305 2174 1403 2219 plane
1425 2173 1584 2219 simplex,
1615 2175 1682 2207 sun
1703 2176 1741 2207 et

289 2217 421 2251 fraudis
443 2229 577 2263 expers,
599 2218 735 2254 virtutis
757 2220 932 2254 admodum
954 2231 1079 2255 amans.
1124 2219 1194 2254 scio
1219 2219 1324 2253 videri
1348 2219 1482 2264 quidem
1506 2219 1598 2253 illum
1617 2217 1741 2263 picris-

290 2274 358 2307 que
391 2274 479 2297 nunc
512 2265 663 2306 solitum,
695 2265 773 2300 olim
804 2266 903 2300 etiam
936 2265 1016 2300 mibi
1047 2266 1197 2310 (fatebor
1228 2265 1316 2299 enim
1337 2264 1481 2307 ingenue
1502 2275 1570 2298 rem
1591 2263 1741 2308 veram),

289 2313 462 2342 austerum
486 2308 669 2354 durumque
700 2322 742 2344 ac
771 2311 1034 2345 irrevocabiliter
1064 2310 1257 2345 inflexibilis
1279 2309 1486 2354 emollitique
1507 2308 1544 2342 iu
1562 2307 1741 2353 indulgen-

291 2352 374 2386 tiam
397 2354 530 2388 nesciae
553 2355 755 2399 rigiditatis,
786 2357 1010 2401 praefractius
1039 2356 1167 2390 omnino
1190 2367 1289 2400 quam
1318 2359 1510 2400 pastorem,
1544 2354 1741 2398 praesertim

291 2398 519 2443 spiritualem,
545 2399 666 2434 decere
690 2401 855 2436 videatur.
901 2402 950 2436 fui
974 2407 1010 2435 et
1033 2413 1118 2446 ego,
1150 2401 1286 2446 inquam
1300 2425 1310 2443 ,
1344 2399 1428 2433 alias
1449 2399 1483 2432 iu
1505 2409 1546 2432 ea
1567 2399 1741 2435 vobiscum

292 2443 479 2487 sententia,
510 2445 687 2489 requirens
716 2446 751 2479 in
772 2446 829 2480 illo
853 2447 1133 2481 accommodatam
1155 2445 1381 2480 conciliandae
1403 2443 1607 2479 multitudini
1631 2445 1745 2480 facili·

291 2493 398 2523 tatem
431 2489 670 2534 pacificamque
703 2491 996 2526 mansuetudinem.
1042 2503 1110 2537 qua
1139 2493 1404 2537 praeoccupatus
1434 2489 1478 2522 ab
1502 2500 1542 2523 eo
1566 2490 1743 2526 aversione

293 2545 368 2569 cum
401 2533 550 2568 audirem
583 2546 604 2567 a
634 2536 804 2569 referente
834 2536 938 2570 Mena
965 2537 1123 2571 monacho
1152 2534 1309 2570 divinitus
1342 2533 1406 2579 ipsi
1435 2535 1618 2569 revelatam
1647 2537 1744 2572 nobis

292 2579 514 2614 imminentem
537 2579 684 2621 cladem,
718 2591 820 2624 aegre
843 2592 923 2616 sane
945 2581 1138 2615 adducebar
1160 2586 1198 2615 ut
1219 2581 1412 2621 crederem,
1436 2580 1524 2614 haud
1547 2580 1622 2615 fieri
1643 2593 1746 2627 posse

295 2631 402 2664 ratus,
425 2625 587 2660 hominem
611 2636 779 2670 asperum,
802 2625 936 2659 immitis
960 2626 1140 2670 acerbique
1162 2625 1299 2669 ingenii,
1317 2624 1453 2669 dignum
1475 2637 1496 2660 a
1518 2625 1581 2661 deo
1603 2626 1748 2662 iudicari

295 2670 617 2705 manifestationibus
639 2670 827 2705 istiusmodi
850 2675 1027 2706 eventuum
1049 2669 1333 2715 insuspicabilium
1352 2671 1548 2715 prudentiae
1570 2672 1746 2708 humanae.

296 2727 404 2762 qnare
431 2715 522 2750 istud
551 2715 745 2750 vaticinium
777 2716 862 2751 iram
885 2716 1026 2750 numinis
1048 2716 1143 2750 nobis
1165 2716 1408 2760 impendentem
1433 2717 1603 2752 intentans
1624 2724 1663 2754 ut
1683 2730 1746 2753 va-

298 2773 375 2795 num
398 2766 456 2796 aut
479 2761 588 2807 gratis
609 2761 789 2796 confictum
813 2762 1042 2807 aspernabar‚
1075 2761 1131 2796 diu
1157 2761 1188 2795 ei
1212 2761 1312 2796 fidem
1335 2763 1494 2798 abnuens.
1539 2768 1652 2799 tamen
1672 2763 1747 2799 viso

300 2811 419 2853 postea
440 2818 616 2851 successu,
651 2813 914 2854 argumentoque
934 2807 1158 2853 irrefragabili
1179 2807 1352 2843 convictus
1374 2808 1529 2844 babitare
1557 2809 1591 2845 in
1612 2809 1670 2845 illo
1689 2808 1747 2845 dei
