1820 3112
388 153 463 196 DE
492 149 826 195 ANDRONICO
855 147 1227 192 PALAEOLOGO
1258 147 1304 190 L.
1333 146 1388 189 H.
1535 143 1629 189 139

172 270 478 324 συμφοροῦντες
495 262 656 316 ἀξιώσει
675 264 740 307 καὶ
758 263 939 320 λέγοντες
958 259 1014 312 ὥς
1033 260 1293 317 εὖαγγελικῶς
1315 274 1358 301 τε
1379 258 1446 301 καὶ
1466 274 1627 300 κανονι-
1650 267 1683 303 Ε

173 341 254 385 κῶς
290 335 344 378 τὰ
373 335 477 378 κατὰ
510 334 585 388 τὴν
624 334 836 388 ἐκκλησίαν
866 330 1094 374 διάθωνται
1112 362 1126 382 ,
1171 328 1244 383 εἴγ’
1276 326 1344 370 ἐπ’
1386 327 1549 375 ἐκείνοις
1579 325 1632 368 τὰ

174 402 394 460 πράγματα
426 402 602 459 γίνοιντο
629 402 828 456 βασιλέως
854 397 1087 447 νεύσαντος.
1156 392 1268 440 οὗτοι
1296 397 1340 439 δὲ
1361 392 1508 450 μεγάλ’
1527 393 1634 438 ἄττα

174 477 257 516 τῶν
285 476 418 514 κακῶν
447 469 701 524 ὖπειόόμενοι
729 470 830 525 πρὸς
857 473 917 526 τῷ
949 465 1090 523 ἀτόπῳ
1115 471 1197 509 τῶν
1227 463 1535 517 ὖπονοουμένων
1555 481 1633 506 κα-

142 539 422 596 5τωρρῶδουν
445 537 504 594 μή
530 555 617 588 πως
645 539 707 580 ἐπὶ
737 542 863 597 νεαρᾷ
893 534 1140 580 καταστάσει
1165 539 1241 588 τῆς
1265 534 1478 588 ἐκκλησίας
1494 531 1635 589 κωφὸν

175 614 285 663 κῦμα
316 606 563 664 πραγμάτων
589 604 897 662 ἅναταράξειαν.
966 604 1086 647 ἔνθεν
1115 620 1179 646 τοι
1204 602 1395 645 κάκείνων
1425 601 1634 657 ἀφειμένοι

175 681 288 734 κοινῇ
314 678 403 732 περὶ
428 680 503 719 τοῦ
529 674 782 730 πατριάρχου
809 674 1142 717 κατεσκέπτοντο.
1213 671 1338 728 (13)
1374 672 1440 711 καὶ
1474 669 1525 723 δὴ
1543 682 1631 724 ψη-
1655 674 1684 709 Ρ
1706 675 1754 710 93

175 747 358 802 φίζονται
378 751 483 800 τρεῖς
502 761 544 800 γε
565 744 670 786 κατὰ
694 743 741 786 τὸ
768 741 969 796 σύνηθες,
1005 746 1169 796 πρῶτον
1198 740 1272 793 μὲν
1302 738 1376 782 τὸν
1399 741 1438 780 Γ
1434 736 1632 790 εννάδιον,

176 813 223 864 ὃς
241 813 292 868 δὴ
315 815 380 856 καὶ
400 814 464 856 ἐπὶ
493 817 545 870 τῇ
569 809 711 870 πρώτῃ
735 811 1024 855 ’Ῑουστινιανοῦ
1044 810 1275 866 ψηφισθεὶς
1296 809 1363 850 καὶ
1393 806 1468 861 τὴν
1486 811 1634 862 ψῆφον

123 896 167 932 10
178 880 392 936 δεξάμενος
404 915 417 933 ,
452 879 706 935 ἐπιδημήσας
723 882 789 922 καὶ
819 881 1054 936 ἔγχρονίσας
1071 878 1208 920 ἔπειτα
1225 883 1442 933 παρῃτεῖτο
1456 909 1467 926 ,
1495 873 1635 918 δεύτε-

178 967 251 1007 ρον
279 950 350 994 τὸν
369 947 564 1002 Ἰάκωβον
573 982 587 1002 ,
626 948 757 1004 ἄνδρα
778 949 876 998 τοί-ς
902 946 1079 1003 τρόπους
1098 943 1291 989 ἁπλοϊκὸν
1321 946 1387 987 καὶ
1421 943 1635 998 εὐλαβείας

175 1016 334 1074 πλήρη,
371 1018 445 1072 τὴν
462 1023 545 1060 τῶν
565 1017 670 1060 κατὰ
692 1018 763 1060 τὸν
773 1017 891 1060 Ἄθω
909 1016 1164 1069 προστασίαν
1193 1013 1504 1066 πεπιστευμένον
1516 1046 1528 1064 ,
1563 1014 1630 1055 καὶ
1653 1016 1685 1051 Β

175 1088 314 1144 τρίτον
346 1086 418 1129 τὸν
441 1083 690 1129 Ἀθανάσιον
701 1118 715 1138 ,
754 1085 801 1128 ὃν
834 1086 886 1140 δὴ
918 1087 984 1127 καὶ
1007 1083 1111 1126 κατὰ
1132 1082 1182 1126 τὰ
1214 1082 1291 1137 ὄρη
1313 1086 1388 1124 τοῦ
1408 1085 1449 1124 Γ
1445 1079 1546 1124 ἄνου
1568 1081 1636 1123 ἓν-

177 1156 461 1210 διατρίβοντα,
508 1155 551 1197 ἐκ
575 1159 657 1197 τῶν
685 1158 831 1209 χωρῶν
865 1158 948 1196 τῶν
977 1152 1080 1195 κατὰ
1110 1152 1183 1206 τὴν
1199 1147 1531 1206 Ἀδριανοῦπολιν
1559 1149 1637 1203 τὴν

123 1233 167 1270 15
177 1222 327 1280 γένεσιν
344 1222 488 1278 ἔχοντα
500 1255 514 1276 ,
551 1227 624 1266 τοῦ
652 1222 947 1265 Ἠονοπολίτου
968 1225 1133 1275 βασιλεῖ’
1157 1218 1438 1273 συστήσαντος
1461 1218 1538 1261 ιἰνὰ
1559 1218 1636 1273 τὴν

176 1292 491 1335 Κωνσταντίνου
523 1289 614 1334 τότε
642 1289 831 1346 διάγοντα
851 1290 1043 1344 βασιλεῦς
1066 1291 1108 1331 ἐν
1127 1296 1214 1338 τοῖς
1232 1286 1410 1343 πρώτοις
1429 1292 1513 1330 τῶν
1529 1305 1636 1343 γνω-

178 1361 308 1415 ρίμων
327 1359 479 1403 ἔταττε.
500 1360 823 1414 διαμηνυθέντος
844 1361 888 1402 δὲ
910 1364 985 1401 τοῦ
1004 1355 1169 1414 πρώτου
1190 1356 1323 1399 καὶτὰ
1345 1355 1476 1398 πολλοὶ
1501 1373 1632 1398 κατα-
1657 1355 1684 1390 Ρ
1707 1358 1755 1393 94

178 1428 480 1484 ναγκασθέντος
501 1460 515 1480 ,
559 1429 642 1470 ἐπεὶ
682 1428 757 1470 οὐκ
794 1428 977 1470 ἐπείθετο
1000 1460 1014 1479 ,
1055 1427 1144 1482 περὶ
1187 1425 1341 1482 ἀμφοῖν
1371 1429 1454 1467 τῶν
1482 1428 1636 1468 λοιπῶν

178 1493 408 1551 προσώπων
426 1494 452 1550 ἢ
473 1497 601 1550 κρίσις
628 1500 685 1554 τῷ
714 1500 877 1550 βασιλεῖ
903 1496 1121 1547 ε’νεδοίαζε,
1158 1496 1225 1536 καὶ
1255 1493 1307 1536 τὰ
1326 1493 1425 1549 ζυγὰ
1445 1497 1518 1548 τῆς
1536 1493 1635 1549 ἄρε-

123 1566 314 1613 Ξοσκείας
337 1563 438 1619 ὑπὲρ
470 1564 540 1606 τὸν
573 1562 759 1619 δεύτερον
790 1564 892 1619 πρὸς
920 1564 992 1606 τὸν
1010 1565 1146 1617 τρίτον
1166 1562 1338 1605 ἔκλιναν.
1407 1560 1633 1605 κάντεῦθεν

178 1634 455 1690 προσκληθεὶς
470 1631 716 1682 Ἀθανάσιος
734 1633 807 1675 οὗκ
830 1633 958 1683 εὐθὺς
984 1634 1051 1676 καὶ
1072 1631 1198 1681 αὐτὸς
1216 1632 1418 1683 ἐνεδίδου,
1457 1629 1561 1673 ἀλλὰ
1581 1630 1636 1674 τοὶ

176 1749 321 1798 quadam
352 1751 408 1787 die
424 1751 474 1786 ‘in
505 1751 643 1786 concilio
674 1751 833 1786 dixerunt
865 1763 903 1786 se
931 1750 1125 1796 evangelice
1147 1763 1190 1786 ac
1212 1751 1371 1785 canonice
1391 1762 1448 1785 res
1470 1749 1635 1785 ecclesiae

177 1797 431 1844 composituros,
453 1798 484 1832 si
506 1802 580 1832 tota
602 1810 715 1831 earnm
738 1797 999 1839 administratio,
1021 1803 1189 1831 annuente
1209 1798 1424 1841 imperatore,
1446 1796 1530 1841 ipsis
1552 1808 1635 1841 per-

176 1845 388 1885 mitteretur,
414 1844 724 1878 cohorrescentibus
747 1843 790 1876 ad
813 1855 929 1877 sonum
952 1843 1059 1889 ipsum
1082 1843 1266 1877 huiusmodi
1289 1844 1466 1876 verborum
1489 1841 1634 1886 cunctis,

177 1889 257 1923 dnm
288 1890 404 1924 horum
434 1890 601 1924 admonitu
634 1889 815 1923 subiiciunt
845 1890 963 1923 animis
999 1893 1122 1923 tetram
1153 1888 1298 1933 speciem
1327 1888 1486 1922 malorum
1509 1887 1633 1932 quibus

176 1934 299 1978 religio
324 1941 550 1980 exponeretur
571 1935 696 1969 talibus
717 1935 984 1968 moderatoribus
1007 1935 1201 1974 commissa,
1234 1946 1254 1967 a
1277 1945 1416 1978 quorum
1437 1933 1633 1978 impruden-

177 1979 260 2013 tium
282 1991 390 2024 aeque
413 1992 454 2014 ac
477 1981 719 2014 vehementium
741 1980 938 2014 inconsultis
968 1981 1101 2014 ausibus
1124 1979 1198 2013 iure
1226 1985 1434 2013 metueretur
1455 1990 1498 2012 ne
1530 1990 1636 2025 super

177 2030 348 2059 recentem
371 2026 534 2059 ecclesiae
557 2032 680 2060 statum
713 2026 894 2070 procellam
927 2025 1146 2059 immitterent
1169 2037 1209 2058 eo
1236 2024 1528 2069 periculosiorem,
1564 2036 1633 2070 quo

178 2070 252 2106 sine
275 2070 412 2114 praevio
435 2070 592 2114 ingruens
614 2071 751 2104 fremitu
775 2071 915 2104 exitium
938 2071 1036 2104 minis
1060 2074 1304 2114 praeverteret,
1329 2081 1414 2103 nave
1436 2069 1548 2104 surdis
1570 2082 1636 2105 un-

178 2115 230 2150 dis
253 2116 424 2150 obruenda
447 2117 541 2161 prius
574 2127 677 2160 quam
708 2115 819 2149 souitu
851 2116 1106 2150 intumescentis
1134 2116 1237 2149 maris
1268 2115 1404 2149 excitati
1427 2123 1554 2150 nautae
1577 2128 1636 2150 ar-

177 2166 246 2196 tem
270 2161 430 2206 expedire
454 2173 494 2195 ac
517 2167 672 2195 conatum
699 2167 836 2205 possent
859 2163 900 2194 ad
927 2162 994 2194 vim
1026 2162 1219 2204 fragendam
1251 2160 1375 2195 fluctus
1397 2161 1522 2198 infesti.
1567 2162 1636 2207 igi-

178 2214 236 2241 tur
258 2207 320 2248 bis,
342 2212 381 2240 ut
404 2207 528 2240 dictum
552 2213 624 2248 est,
656 2207 803 2247 synodus
837 2206 983 2240 dimissis
1014 2207 1231 2240 communiter
1252 2207 1296 2240 de
1325 2207 1537 2252 patriarchae
1567 2210 1636 2242 ele-—

176 2252 325 2286 lectione
358 2253 579 2287 consultabat.
626 2252 707 2294 (13)
738 2256 818 2285 ante
849 2251 979 2294 omnia,
1009 2257 1049 2285 ut
1070 2263 1140 2286 mos
1163 2257 1234 2287 est.
1256 2257 1327 2286 tres
1349 2253 1522 2297 suffragiis
1544 2265 1638 2287 oom-

177 2299 332 2332 munibus
372 2299 567 2342 elegerunt,
615 2308 757 2342 quorum
793 2308 878 2330 unns
911 2297 1084 2342 praelatus
1115 2298 1260 2331 caeteris
1298 2299 1493 2344 patriarcba
1523 2299 1637 2335 fieret.

178 2343 307 2388 primus
330 2344 430 2378 trium
454 2344 519 2377 fuit
542 2342 749 2384 Gennadius,
772 2343 829 2387 qui
853 2342 931 2376 olim
957 2342 1085 2376 electus
1107 2343 1140 2376 in
1164 2343 1355 2390 episcopum
1378 2345 1509 2390 primae
1531 2345 1639 2378 Iusti-

178 2389 331 2430 niaueae,
355 2393 390 2423 et
413 2389 575 2423 electione
599 2388 755 2429 admissa,
778 2389 899 2421 deinde
922 2388 1020 2432 longo
1040 2394 1192 2434 tempore
1215 2390 1469 2434 peregrinatus,
1491 2390 1637 2434 denique

178 2440 400 2469 recusaverat
422 2441 481 2468 aut
505 2435 735 2468 abdicaverat.
781 2435 868 2467 alter
881 2433 1036 2473 Iacobus,
1059 2435 1115 2467 vir
1136 2434 1332 2480 simplicium
1354 2448 1480 2470 morum
1505 2442 1541 2469 et
1562 2436 1636 2481 ple-

179 2490 243 2514 nus
266 2480 457 2524 religionis,
492 2481 546 2514 cui
571 2480 805 2514 monachorum
838 2479 959 2513 montis
982 2479 1070 2513 Atho
1102 2482 1319 2524 praefectura
1346 2483 1477 2516 credita
1509 2482 1634 2515 suerat.

178 2525 303 2559 tertius
328 2525 541 2568 Athanasius,
564 2537 662 2570 quem
684 2526 720 2559 in
745 2530 855 2559 monte
871 2526 971 2558 Gano
994 2530 1259 2566 commorantem,
1281 2527 1456 2561 oriundum
1479 2539 1499 2561 e
1522 2527 1637 2570 regio·

179 2570 281 2604 nibus
305 2571 521 2615 Adrianopoli
551 2571 773 2614 circumsitis,
807 2571 850 2604 ab
884 2571 1086 2616 Eonopolita
1115 2571 1312 2616 imperatori
1340 2571 1636 2617 Constantinopoli

180 2620 261 2649 tunc
283 2617 418 2661 degenti
439 2617 702 2650 commendatum
724 2616 778 2650 hic
799 2616 833 2650 iu
855 2616 971 2660 primis
994 2622 1095 2661 atque
1115 2616 1241 2652 intimis
1272 2619 1479 2652 familiarium
1504 2617 1636 2651 habuit.

180 2660 307 2704 primus
330 2667 440 2696 autem
463 2662 650 2696 admonitus
672 2662 714 2695 de
736 2662 788 2695 sui
811 2661 996 2702 electione,
1022 2665 1059 2694 et
1080 2662 1217 2697 multum
1238 2667 1279 2697 ut
1299 2664 1488 2710 promoveri
1510 2674 1548 2696 se
1571 2673 1636 2706 pa-

180 2709 313 2740 teretur
335 2714 473 2747 oratus,
508 2719 583 2741 cum
606 2707 800 2752 persuaderi
829 2718 894 2740 non
916 2706 1106 2752 potuisset,
1138 2709 1301 2754 reliquum
1334 2710 1424 2743 inter
1447 2710 1530 2742 duos
1551 2708 1640 2742 alios

179 2749 335 2785 iudicium
357 2752 393 2786 in
415 2753 558 2787 arbitrio
579 2753 792 2798 imperatoris
814 2753 1038 2794 versabatur,
1060 2753 1155 2787 cuius
1176 2755 1336 2788 voluntas
1365 2755 1511 2789 secundo
1534 2765 1637 2798 prae-

181 2795 284 2831 terito
305 2797 411 2843 magis
431 2797 467 2832 in
487 2798 626 2833 tertium
657 2798 843 2833 inclinavit.
887 2803 1032 2834 vocatus
1058 2798 1164 2844 igitur
1184 2800 1390 2835 Athanasius
1421 2811 1531 2846 neque
1560 2798 1637 2846 ipse
