<?xml version="1.0" encoding="UTF-8"?>
<!DOCTYPE html PUBLIC "-//W3C//DTD XHTML 1.0 Transitional//EN"
    "http://www.w3.org/TR/xhtml1/DTD/xhtml1-transitional.dtd">
<html xmlns="http://www.w3.org/1999/xhtml" xml:lang="en" lang="en">
 <head>
  <title>
</title>
<meta http-equiv="Content-Type" content="text/html;charset=utf-8" />
  <meta name='ocr-system' content='tesseract 3.04.00' />
  <meta name='ocr-capabilities' content='ocr_page ocr_carea ocr_par ocr_line ocrx_word'/>
</head>
<body>
  <div class='ocr_page' id='page_1' title='image "./corpusscriptorum18niebuoft_0128.png"; bbox 0 0 1820 3112; ppageno 0'>
   <div class='ocr_carea' id='block_1_1' title="bbox 175 149 1218 199">
    <p class='ocr_par' dir='ltr' id='par_1_1' title="bbox 175 149 1218 199">
     <span class='ocr_line' id='line_1_1' title="bbox 175 149 1218 199; baseline -0.004 0"><span class='ocrx_word' id='word_1_1' title='bbox 175 152 274 199; x_wconf 78' lang='lat'>112</span> <span class='ocrx_word' id='word_1_2' title='bbox 592 149 830 195; x_wconf 85' lang='lat' dir='ltr'>GEORGII</span> <span class='ocrx_word' id='word_1_3' title='bbox 861 150 1218 195; x_wconf 81' lang='lat' dir='ltr'><strong>PACHYMERIS</strong></span> 
     </span>
    </p>
   </div>
   <div class='ocr_carea' id='block_1_2' title="bbox 45 261 1701 1288">
    <p class='ocr_par' dir='ltr' id='par_1_2' title="bbox 45 261 1701 1288">
     <span class='ocr_line' id='line_1_2' title="bbox 170 261 1646 322; baseline 0 -13"><span class='ocrx_word' id='word_1_4' title='bbox 170 267 206 309; x_wconf 82' lang='grc' dir='ltr'>εἲ</span> <span class='ocrx_word' id='word_1_5' title='bbox 225 265 304 322; x_wconf 78' lang='grc' dir='ltr'><em>γὰρ</em></span> <span class='ocrx_word' id='word_1_6' title='bbox 325 264 454 320; x_wconf 73' lang='grc' dir='ltr'><em>μηδὲν</em></span> <span class='ocrx_word' id='word_1_7' title='bbox 474 262 669 314; x_wconf 68' lang='grc' dir='ltr'><em>ἑκουσίως</em></span> <span class='ocrx_word' id='word_1_8' title='bbox 695 263 790 307; x_wconf 74' lang='grc' dir='ltr'>οὐδ’</span> <span class='ocrx_word' id='word_1_9' title='bbox 816 263 1043 321; x_wconf 79' lang='grc' dir='ltr'><em>ἀρεσκείαις</em></span> <span class='ocrx_word' id='word_1_10' title='bbox 1067 261 1222 315; x_wconf 78' lang='grc' dir='ltr'><strong><em>πάσαις</em></strong></span> <span class='ocrx_word' id='word_1_11' title='bbox 1242 263 1336 308; x_wconf 78' lang='grc' dir='ltr'><em>ἀλλ’</em></span> <span class='ocrx_word' id='word_1_12' title='bbox 1359 264 1543 316; x_wconf 79' lang='grc' dir='ltr'><em>ἀπειλαΐς</em></span> <span class='ocrx_word' id='word_1_13' title='bbox 1577 267 1646 309; x_wconf 72' lang='grc' dir='ltr'>καὶ</span> 
     </span>
     <span class='ocr_line' id='line_1_3' title="bbox 171 331 1646 390; baseline -0.001 -11"><span class='ocrx_word' id='word_1_14' title='bbox 171 332 384 379; x_wconf 79' lang='grc' dir='ltr'><strong><em>κολάσεσιν</em></strong></span> <span class='ocrx_word' id='word_1_15' title='bbox 403 331 718 390; x_wconf 78' lang='grc' dir='ltr'><em>ὖπογράψαντες</em></span> <span class='ocrx_word' id='word_1_16' title='bbox 734 338 933 377; x_wconf 76' lang='grc' dir='ltr'><em>τοσοῦτον</em></span> <span class='ocrx_word' id='word_1_17' title='bbox 953 331 1236 390; x_wconf 74' lang='grc' dir='ltr'><em>ἐπειράθησαν</em></span> <span class='ocrx_word' id='word_1_18' title='bbox 1254 338 1337 377; x_wconf 85' lang='grc' dir='ltr'>τῶν</span> <span class='ocrx_word' id='word_1_19' title='bbox 1357 336 1514 388; x_wconf 81' lang='grc' dir='ltr'><em>δεινῶν,</em></span> <span class='ocrx_word' id='word_1_20' title='bbox 1543 335 1646 379; x_wconf 75' lang='grc' dir='ltr'><em>ἐκεί-</em></span> 
     </span>
     <span class='ocr_line' id='line_1_4' title="bbox 170 399 1644 459; baseline 0.001 -13"><span class='ocrx_word' id='word_1_21' title='bbox 170 421 252 446; x_wconf 91' lang='grc' dir='ltr'>νων</span> <span class='ocrx_word' id='word_1_22' title='bbox 274 399 520 458; x_wconf 83' lang='grc' dir='ltr'><em>κρινόντων,</em></span> <span class='ocrx_word' id='word_1_23' title='bbox 557 403 630 444; x_wconf 84' lang='grc' dir='ltr'>καί</span> <span class='ocrx_word' id='word_1_24' title='bbox 646 419 688 458; x_wconf 83' lang='grc' dir='ltr'>γε</span> <span class='ocrx_word' id='word_1_25' title='bbox 710 407 926 459; x_wconf 78' lang='grc' dir='ltr'><em>πειρῶνται</em></span> <span class='ocrx_word' id='word_1_26' title='bbox 940 436 952 456; x_wconf 89' lang='grc'><strong><em>,</em></strong></span> <span class='ocrx_word' id='word_1_27' title='bbox 992 405 1058 445; x_wconf 82' lang='grc' dir='ltr'>καὶ</span> <span class='ocrx_word' id='word_1_28' title='bbox 1082 407 1216 445; x_wconf 81' lang='grc' dir='ltr'><em>ταῦτα</em></span> <span class='ocrx_word' id='word_1_29' title='bbox 1234 402 1339 458; x_wconf 78' lang='grc' dir='ltr'><em>μηδ’</em></span> <span class='ocrx_word' id='word_1_30' title='bbox 1362 404 1424 446; x_wconf 76' lang='grc' dir='ltr'>ἐπὶ</span> <span class='ocrx_word' id='word_1_31' title='bbox 1446 401 1644 459; x_wconf 79' lang='grc' dir='ltr'><em>δόγμασιν</em></span> 
     </span>
     <span class='ocr_line' id='line_1_5' title="bbox 45 467 1645 528; baseline 0.003 -17"><span class='ocrx_word' id='word_1_32' title='bbox 45 477 75 511; x_wconf 89' lang='grc' dir='ltr'><strong>Ρ</strong></span> <span class='ocrx_word' id='word_1_33' title='bbox 98 477 143 513; x_wconf 87' lang='grc'>75</span> <span class='ocrx_word' id='word_1_34' title='bbox 167 469 506 527; x_wconf 79' lang='grc' dir='ltr'><em>ὖπογριὶψαντες,</em></span> <span class='ocrx_word' id='word_1_35' title='bbox 545 473 650 520; x_wconf 80' lang='grc' dir='ltr'><em>τίνες</em></span> <span class='ocrx_word' id='word_1_36' title='bbox 670 471 843 528; x_wconf 77' lang='grc' dir='ltr'>γένοιντ’</span> <span class='ocrx_word' id='word_1_37' title='bbox 867 471 916 514; x_wconf 76' lang='grc' dir='ltr'><em>ἂν</em></span> <span class='ocrx_word' id='word_1_38' title='bbox 938 467 1063 522; x_wconf 77' lang='grc' dir='ltr'><em>αὖθις</em></span> <span class='ocrx_word' id='word_1_39' title='bbox 1074 504 1087 524; x_wconf 86' lang='grc'>,</span> <span class='ocrx_word' id='word_1_40' title='bbox 1128 472 1204 528; x_wconf 76' lang='grc' dir='ltr'><em>εἴγε</em></span> <span class='ocrx_word' id='word_1_41' title='bbox 1225 470 1337 523; x_wconf 80' lang='grc' dir='ltr'><em>ὃόξοι</em></span> <span class='ocrx_word' id='word_1_42' title='bbox 1353 473 1436 515; x_wconf 83' lang='grc' dir='ltr'><em>τισὶ</em></span> <span class='ocrx_word' id='word_1_43' title='bbox 1472 474 1645 528; x_wconf 76' lang='grc' dir='ltr'><em>(πολλοὶ</em></span> 
     </span>
     <span class='ocr_line' id='line_1_6' title="bbox 171 538 1677 596; baseline 0.001 -13"><span class='ocrx_word' id='word_1_44' title='bbox 171 540 215 584; x_wconf 77' lang='grc' dir='ltr'>δ’</span> <span class='ocrx_word' id='word_1_45' title='bbox 253 540 291 583; x_wconf 79' lang='grc' dir='ltr'>οἳ</span> <span class='ocrx_word' id='word_1_46' title='bbox 321 539 546 596; x_wconf 76' lang='grc' dir='ltr'><em>λοχῶντες)</em></span> <span class='ocrx_word' id='word_1_47' title='bbox 583 542 650 583; x_wconf 87' lang='grc' dir='ltr'>καὶ</span> <span class='ocrx_word' id='word_1_48' title='bbox 685 541 757 583; x_wconf 85' lang='grc' dir='ltr'>τὸν</span> <span class='ocrx_word' id='word_1_49' title='bbox 787 538 916 594; x_wconf 85' lang='grc' dir='ltr'><em>τόμον</em></span> <span class='ocrx_word' id='word_1_50' title='bbox 950 538 1310 596; x_wconf 75' lang='grc' dir='ltr'><em>καταιτιάσαιντος</em></span> <span class='ocrx_word' id='word_1_51' title='bbox 1345 542 1412 584; x_wconf 79' lang='grc' dir='ltr'>καὶ</span> <span class='ocrx_word' id='word_1_52' title='bbox 1442 542 1478 583; x_wconf 76' lang='grc' dir='ltr'>εἰ</span> <span class='ocrx_word' id='word_1_53' title='bbox 1510 546 1677 586; x_wconf 71' lang='grc' dir='ltr'><em>ταῦταὸ</em></span> 
     </span>
     <span class='ocr_line' id='line_1_7' title="bbox 169 607 1645 667; baseline 0 -15"><span class='ocrx_word' id='word_1_54' title='bbox 169 609 323 667; x_wconf 85' lang='grc' dir='ltr'><em>γε’νοιτο</em></span> <span class='ocrx_word' id='word_1_55' title='bbox 335 642 348 662; x_wconf 87' lang='grc'>,</span> <span class='ocrx_word' id='word_1_56' title='bbox 383 611 445 658; x_wconf 88' lang='grc' dir='ltr'><em>τίς</em></span> <span class='ocrx_word' id='word_1_57' title='bbox 464 608 512 651; x_wconf 76' lang='grc' dir='ltr'><em>ἂν</em></span> <span class='ocrx_word' id='word_1_58' title='bbox 531 608 742 660; x_wconf 75' lang='grc' dir='ltr'><em>ἐξελέσθαι</em></span> <span class='ocrx_word' id='word_1_59' title='bbox 761 607 871 664; x_wconf 71' lang='grc' dir='ltr'><em>ἡμᾶς</em></span> <span class='ocrx_word' id='word_1_60' title='bbox 880 643 893 662; x_wconf 87' lang='grc'>,</span> <span class='ocrx_word' id='word_1_61' title='bbox 929 611 1055 667; x_wconf 76' lang='grc' dir='ltr'><em>φασί,</em></span> <span class='ocrx_word' id='word_1_62' title='bbox 1097 610 1272 659; x_wconf 81' lang='grc' dir='ltr'><em>δυνατὸς</em></span> <span class='ocrx_word' id='word_1_63' title='bbox 1289 613 1362 665; x_wconf 83' lang='grc' dir='ltr'><em>τῆς</em></span> <span class='ocrx_word' id='word_1_64' title='bbox 1380 610 1538 653; x_wconf 70' lang='grc' dir='ltr'><em>ἐκείνων</em></span> <span class='ocrx_word' id='word_1_65' title='bbox 1557 611 1645 665; x_wconf 79' lang='grc' dir='ltr'>κρί-</span> 
     </span>
     <span class='ocr_line' id='line_1_8' title="bbox 167 662 1646 735; baseline -0.001 -13"><span class='ocrx_word' id='word_1_66' title='bbox 167 695 294 733; x_wconf 75' lang='grc' dir='ltr'><em>σεωςς</em></span> <span class='ocrx_word' id='word_1_67' title='bbox 330 682 464 720; x_wconf 83' lang='grc' dir='ltr'><em>ταῦτα</em></span> <span class='ocrx_word' id='word_1_68' title='bbox 497 685 583 728; x_wconf 78' lang='grc' dir='ltr'><em>τοῖς</em></span> <span class='ocrx_word' id='word_1_69' title='bbox 613 683 688 733; x_wconf 80' lang='grc' dir='ltr'><em>τῆς</em></span> <span class='ocrx_word' id='word_1_70' title='bbox 719 662 934 734; x_wconf 60' lang='grc' dir='ltr'><em>ἔκκληᾶας</em></span> <span class='ocrx_word' id='word_1_71' title='bbox 963 679 1124 735; x_wconf 75' lang='grc' dir='ltr'><em>λέγουσι</em></span> <span class='ocrx_word' id='word_1_72' title='bbox 1153 681 1296 721; x_wconf 79' lang='grc' dir='ltr'><em>πολλοὶ</em></span> <span class='ocrx_word' id='word_1_73' title='bbox 1322 679 1397 733; x_wconf 79' lang='grc' dir='ltr'><em>μέν</em></span> <span class='ocrx_word' id='word_1_74' title='bbox 1416 695 1520 729; x_wconf 77' lang='grc' dir='ltr'><em>τινες</em></span> <span class='ocrx_word' id='word_1_75' title='bbox 1539 674 1646 734; x_wconf 76' lang='grc' dir='ltr'><em>ἦσαν</em></span> 
     </span>
     <span class='ocr_line' id='line_1_9' title="bbox 167 745 1646 804; baseline 0.001 -14"><span class='ocrx_word' id='word_1_76' title='bbox 167 749 309 790; x_wconf 77' lang='grc' dir='ltr'><em>ε’κεῖνοι</em></span> <span class='ocrx_word' id='word_1_77' title='bbox 330 745 530 803; x_wconf 78' lang='grc' dir='ltr'><em>γινόμενοι</em></span> <span class='ocrx_word' id='word_1_78' title='bbox 552 747 626 802; x_wconf 82' lang='grc' dir='ltr'>τὴν</span> <span class='ocrx_word' id='word_1_79' title='bbox 650 747 855 804; x_wconf 68' lang='grc' dir='ltr'><em>διαφορὰν</em></span> <span class='ocrx_word' id='word_1_80' title='bbox 881 746 1174 803; x_wconf 78' lang='grc' dir='ltr'><em>ἀντεπάγοντες</em></span> <span class='ocrx_word' id='word_1_81' title='bbox 1199 753 1282 791; x_wconf 87' lang='grc' dir='ltr'>τῶν</span> <span class='ocrx_word' id='word_1_82' title='bbox 1302 746 1557 804; x_wconf 77' lang='grc' dir='ltr'><em>πραγμάτων</em></span> <span class='ocrx_word' id='word_1_83' title='bbox 1577 750 1646 791; x_wconf 78' lang='grc' dir='ltr'>καὶ</span> 
     </span>
     <span class='ocr_line' id='line_1_10' title="bbox 169 814 1646 873; baseline -0.001 -13"><span class='ocrx_word' id='word_1_84' title='bbox 169 816 274 872; x_wconf 81' lang='grc' dir='ltr'><em>πρὸς</em></span> <span class='ocrx_word' id='word_1_85' title='bbox 307 816 382 870; x_wconf 83' lang='grc' dir='ltr'>τὴν</span> <span class='ocrx_word' id='word_1_86' title='bbox 414 814 660 873; x_wconf 73' lang='grc' dir='ltr'><em>ὑπογραφὴν</em></span> <span class='ocrx_word' id='word_1_87' title='bbox 689 818 957 873; x_wconf 73' lang='grc' dir='ltr'><em>ἐρεθίζοντες·</em></span> <span class='ocrx_word' id='word_1_88' title='bbox 1008 815 1064 866; x_wconf 73' lang='grc' dir='ltr'>(ὃς</span> <span class='ocrx_word' id='word_1_89' title='bbox 1104 816 1147 858; x_wconf 77' lang='grc' dir='ltr'>δ’</span> <span class='ocrx_word' id='word_1_90' title='bbox 1184 816 1260 860; x_wconf 78' lang='grc' dir='ltr'>οὐκ</span> <span class='ocrx_word' id='word_1_91' title='bbox 1297 816 1462 860; x_wconf 62' lang='grc' dir='ltr'><em>ἔπειθον</em></span> <span class='ocrx_word' id='word_1_92' title='bbox 1493 816 1646 872; x_wconf 80' lang='grc' dir='ltr'><em>συχνὰς</em></span> 
     </span>
     <span class='ocr_line' id='line_1_11' title="bbox 169 880 1701 943; baseline 0.001 -15"><span class='ocrx_word' id='word_1_93' title='bbox 169 885 408 942; x_wconf 78' lang='grc' dir='ltr'><em>προσβολὰς</em></span> <span class='ocrx_word' id='word_1_94' title='bbox 439 883 671 940; x_wconf 78' lang='grc' dir='ltr'><em>ποιούμενοι</em></span> <span class='ocrx_word' id='word_1_95' title='bbox 681 918 693 938; x_wconf 87' lang='grc'>,</span> <span class='ocrx_word' id='word_1_96' title='bbox 731 887 787 935; x_wconf 79' lang='grc' dir='ltr'>εἷς</span> <span class='ocrx_word' id='word_1_97' title='bbox 807 883 994 939; x_wconf 69' lang='grc' dir='ltr'><em>ὑποψίαν</em></span> <span class='ocrx_word' id='word_1_98' title='bbox 1014 883 1286 940; x_wconf 67' lang='grc' dir='ltr'><em>ἐμβάλλοντες</em></span> <span class='ocrx_word' id='word_1_99' title='bbox 1304 880 1361 929; x_wconf 73' lang='grc' dir='ltr'><em>ὧν</em></span> <span class='ocrx_word' id='word_1_100' title='bbox 1382 885 1456 929; x_wconf 70' lang='grc' dir='ltr'>οὐκ</span> <span class='ocrx_word' id='word_1_101' title='bbox 1477 884 1643 943; x_wconf 82' lang='grc' dir='ltr'><em>ᾔδεισοῖν</em></span> <span class='ocrx_word' id='word_1_102' title='bbox 1658 895 1701 930; x_wconf 88' lang='grc'>10</span> 
     </span>
     <span class='ocr_line' id='line_1_12' title="bbox 120 953 1647 1013; baseline 0.002 -18"><span class='ocrx_word' id='word_1_103' title='bbox 120 959 151 995; x_wconf 93' lang='grc' dir='ltr'>Β</span> <span class='ocrx_word' id='word_1_104' title='bbox 174 954 271 998; x_wconf 79' lang='grc' dir='ltr'><em>ποτ’</em></span> <span class='ocrx_word' id='word_1_105' title='bbox 296 955 457 1006; x_wconf 76' lang='grc' dir='ltr'><em>ἐκεῖνοι,</em></span> <span class='ocrx_word' id='word_1_106' title='bbox 494 959 569 996; x_wconf 85' lang='grc' dir='ltr'><em>τοῦ</em></span> <span class='ocrx_word' id='word_1_107' title='bbox 587 959 724 997; x_wconf 82' lang='grc' dir='ltr'><em>κοινοῦ</em></span> <span class='ocrx_word' id='word_1_108' title='bbox 743 956 956 1011; x_wconf 77' lang='grc' dir='ltr'><em>συνεδρίου</em></span> <span class='ocrx_word' id='word_1_109' title='bbox 976 953 1144 1009; x_wconf 78' lang='grc' dir='ltr'><em>ἀπήλων</em></span> <span class='ocrx_word' id='word_1_110' title='bbox 1164 956 1230 997; x_wconf 78' lang='grc' dir='ltr'>καὶ</span> <span class='ocrx_word' id='word_1_111' title='bbox 1261 953 1316 1005; x_wconf 81' lang='grc' dir='ltr'>ὥς</span> <span class='ocrx_word' id='word_1_112' title='bbox 1341 955 1519 1011; x_wconf 70' lang='grc' dir='ltr'><em>ἐχθροὺς</em></span> <span class='ocrx_word' id='word_1_113' title='bbox 1537 955 1647 1013; x_wconf 67' lang='grc' dir='ltr'><em>ἴκρι-</em></span> 
     </span>
     <span class='ocr_line' id='line_1_13' title="bbox 172 1022 1646 1079; baseline 0 -12"><span class='ocrx_word' id='word_1_114' title='bbox 172 1041 259 1070; x_wconf 89' lang='grc' dir='ltr'><em>νον.</em></span> <span class='ocrx_word' id='word_1_115' title='bbox 332 1023 371 1066; x_wconf 82' lang='grc' dir='ltr'>οἶ</span> <span class='ocrx_word' id='word_1_116' title='bbox 390 1024 435 1066; x_wconf 77' lang='grc' dir='ltr'>δὲ</span> <span class='ocrx_word' id='word_1_117' title='bbox 454 1022 528 1077; x_wconf 77' lang='grc' dir='ltr'>τὴν</span> <span class='ocrx_word' id='word_1_118' title='bbox 550 1023 644 1077; x_wconf 80' lang='grc' dir='ltr'><em>μετ’</em></span> <span class='ocrx_word' id='word_1_119' title='bbox 669 1024 829 1066; x_wconf 79' lang='grc' dir='ltr'><em>ἐκείνων</em></span> <span class='ocrx_word' id='word_1_120' title='bbox 852 1022 1038 1078; x_wconf 81' lang='grc' dir='ltr'><em>ὁμιλίαν,</em></span> <span class='ocrx_word' id='word_1_121' title='bbox 1072 1028 1244 1066; x_wconf 82' lang='grc' dir='ltr'><em>τοιαῦτα</em></span> <span class='ocrx_word' id='word_1_122' title='bbox 1266 1023 1496 1079; x_wconf 80' lang='grc' dir='ltr'><em>ζητούντων</em></span> <span class='ocrx_word' id='word_1_123' title='bbox 1517 1041 1560 1067; x_wconf 84' lang='grc' dir='ltr'><em>τε</em></span> <span class='ocrx_word' id='word_1_124' title='bbox 1577 1025 1646 1067; x_wconf 78' lang='grc' dir='ltr'>καὶ</span> 
     </span>
     <span class='ocr_line' id='line_1_14' title="bbox 170 1090 1645 1149; baseline 0.001 -14"><span class='ocrx_word' id='word_1_125' title='bbox 170 1090 392 1149; x_wconf 89' lang='grc' dir='ltr'><em>λεγόντων,</em></span> <span class='ocrx_word' id='word_1_126' title='bbox 432 1093 604 1148; x_wconf 72' lang='grc' dir='ltr'><em>ἐρημίαν</em></span> <span class='ocrx_word' id='word_1_127' title='bbox 636 1090 838 1146; x_wconf 73' lang='grc' dir='ltr'><em>οἰόμενοι,</em></span> <span class='ocrx_word' id='word_1_128' title='bbox 888 1092 965 1146; x_wconf 82' lang='grc' dir='ltr'>τὴν</span> <span class='ocrx_word' id='word_1_129' title='bbox 999 1092 1043 1135; x_wconf 80' lang='grc' dir='ltr'>δ’</span> <span class='ocrx_word' id='word_1_130' title='bbox 1074 1094 1246 1148; x_wconf 73' lang='grc' dir='ltr'><em>ἐρημίαν</em></span> <span class='ocrx_word' id='word_1_131' title='bbox 1275 1093 1350 1148; x_wconf 81' lang='grc' dir='ltr'>τὴν</span> <span class='ocrx_word' id='word_1_132' title='bbox 1384 1092 1458 1136; x_wconf 80' lang='grc' dir='ltr'>ἀπ’</span> <span class='ocrx_word' id='word_1_133' title='bbox 1486 1091 1645 1136; x_wconf 59' lang='lat' dir='ltr'>{actvm</span> 
     </span>
     <span class='ocr_line' id='line_1_15' title="bbox 172 1158 1646 1218; baseline -0.001 -13"><span class='ocrx_word' id='word_1_134' title='bbox 172 1159 260 1205; x_wconf 77' lang='grc' dir='ltr'><em>οἷον</em></span> <span class='ocrx_word' id='word_1_135' title='bbox 289 1158 517 1217; x_wconf 76' lang='grc' dir='ltr'><em>ἀσφάλειαν</em></span> <span class='ocrx_word' id='word_1_136' title='bbox 526 1194 540 1214; x_wconf 91' lang='grc'>,</span> <span class='ocrx_word' id='word_1_137' title='bbox 578 1159 845 1217; x_wconf 79' lang='grc' dir='ltr'><em>περιήρχοντο</em></span> <span class='ocrx_word' id='word_1_138' title='bbox 874 1165 1098 1217; x_wconf 82' lang='grc' dir='ltr'><em>πλανῆτες,</em></span> <span class='ocrx_word' id='word_1_139' title='bbox 1137 1161 1394 1218; x_wconf 70' lang='grc' dir='ltr'><em>ἐστερημένοι</em></span> <span class='ocrx_word' id='word_1_140' title='bbox 1420 1162 1496 1216; x_wconf 74' lang='grc' dir='ltr'><em>μὲν</em></span> <span class='ocrx_word' id='word_1_141' title='bbox 1523 1165 1646 1217; x_wconf 86' lang='grc' dir='ltr'><em>τιμῆς</em></span> 
     </span>
     <span class='ocr_line' id='line_1_16' title="bbox 169 1228 1699 1288; baseline -0.002 -14"><span class='ocrx_word' id='word_1_142' title='bbox 169 1230 429 1288; x_wconf 74' lang='grc' dir='ltr'><em>ἐστερημένοι</em></span> <span class='ocrx_word' id='word_1_143' title='bbox 462 1230 507 1272; x_wconf 80' lang='grc' dir='ltr'>δὲ</span> <span class='ocrx_word' id='word_1_144' title='bbox 533 1228 743 1288; x_wconf 81' lang='grc' dir='ltr'><em>προσόδου</em></span> <span class='ocrx_word' id='word_1_145' title='bbox 774 1228 936 1286; x_wconf 79' lang='grc' dir='ltr'><em>πάσης,</em></span> <span class='ocrx_word' id='word_1_146' title='bbox 981 1232 1048 1273; x_wconf 86' lang='grc' dir='ltr'>καὶ</span> <span class='ocrx_word' id='word_1_147' title='bbox 1075 1230 1121 1274; x_wconf 85' lang='grc' dir='ltr'><em>τὸ</em></span> <span class='ocrx_word' id='word_1_148' title='bbox 1150 1231 1302 1274; x_wconf 80' lang='grc' dir='ltr'><em>εἲκαῒον</em></span> <span class='ocrx_word' id='word_1_149' title='bbox 1326 1234 1401 1287; x_wconf 83' lang='grc' dir='ltr'><em>τῆς</em></span> <span class='ocrx_word' id='word_1_150' title='bbox 1429 1232 1699 1288; x_wconf 82' lang='grc' dir='ltr'><em>διατριβῆς15</em></span> 
     </span>
    </p>
   </div>
   <div class='ocr_carea' id='block_1_3' title="bbox 257 1337 532 1376">
    <p class='ocr_par' dir='ltr' id='par_1_3' title="bbox 257 1337 532 1376">
     <span class='ocr_line' id='line_1_17' title="bbox 257 1337 532 1376; baseline -0.007 0"><span class='ocrx_word' id='word_1_151' title='bbox 257 1341 294 1376; x_wconf 81' lang='lat'>2.</span> <span class='ocrx_word' id='word_1_152' title='bbox 314 1337 532 1376; x_wconf 64' lang='grc' dir='ltr'><em>τοσούτωνῖ</em></span> 
     </span>
    </p>
   </div>
   <div class='ocr_carea' id='block_1_4' title="bbox 169 1430 1649 2862">
    <p class='ocr_par' dir='ltr' id='par_1_4' title="bbox 169 1430 1649 2862">
     <span class='ocr_line' id='line_1_18' title="bbox 170 1430 1646 1478; baseline -0.001 -11"><span class='ocrx_word' id='word_1_153' title='bbox 170 1432 240 1467; x_wconf 87' lang='lat' dir='ltr'>cris</span> <span class='ocrx_word' id='word_1_154' title='bbox 264 1431 393 1467; x_wconf 86' lang='lat' dir='ltr'>exclusi</span> <span class='ocrx_word' id='word_1_155' title='bbox 416 1435 583 1476; x_wconf 86' lang='lat' dir='ltr'>tantaque</span> <span class='ocrx_word' id='word_1_156' title='bbox 604 1431 788 1476; x_wconf 70' lang='lat' dir='ltr'>ignominia</span> <span class='ocrx_word' id='word_1_157' title='bbox 812 1431 977 1474; x_wconf 88' lang='lat' dir='ltr'>traducti,</span> <span class='ocrx_word' id='word_1_158' title='bbox 1001 1433 1104 1478; x_wconf 86' lang='lat' dir='ltr'>prout</span> <span class='ocrx_word' id='word_1_159' title='bbox 1128 1431 1349 1466; x_wconf 85' lang='lat' dir='ltr'>narravimus.</span> <span class='ocrx_word' id='word_1_160' title='bbox 1396 1431 1425 1466; x_wconf 85' lang='lat' dir='ltr'>si</span> <span class='ocrx_word' id='word_1_161' title='bbox 1447 1431 1549 1474; x_wconf 87' lang='lat' dir='ltr'>enim,</span> <span class='ocrx_word' id='word_1_162' title='bbox 1571 1430 1646 1466; x_wconf 87' lang='lat' dir='ltr'>aie-</span> 
     </span>
     <span class='ocr_line' id='line_1_19' title="bbox 169 1477 1646 1522; baseline -0.001 -8"><span class='ocrx_word' id='word_1_163' title='bbox 169 1480 277 1522; x_wconf 88' lang='lat' dir='ltr'>bant,</span> <span class='ocrx_word' id='word_1_164' title='bbox 302 1490 375 1512; x_wconf 93' lang='lat' dir='ltr'>cum</span> <span class='ocrx_word' id='word_1_165' title='bbox 400 1490 463 1512; x_wconf 90' lang='lat' dir='ltr'>nec</span> <span class='ocrx_word' id='word_1_166' title='bbox 486 1477 642 1521; x_wconf 84' lang='lat' dir='ltr'>benignis</span> <span class='ocrx_word' id='word_1_167' title='bbox 664 1478 919 1513; x_wconf 76' lang='lat' dir='ltr'>invitationibus</span> <span class='ocrx_word' id='word_1_168' title='bbox 943 1478 1050 1513; x_wconf 87' lang='lat' dir='ltr'>omnis</span> <span class='ocrx_word' id='word_1_169' title='bbox 1072 1478 1207 1522; x_wconf 87' lang='lat' dir='ltr'>generis</span> <span class='ocrx_word' id='word_1_170' title='bbox 1230 1490 1294 1512; x_wconf 85' lang='lat' dir='ltr'>uec</span> <span class='ocrx_word' id='word_1_171' title='bbox 1317 1477 1646 1520; x_wconf 88' lang='lat' dir='ltr'>comminationibus,</span> 
     </span>
     <span class='ocr_line' id='line_1_20' title="bbox 170 1523 1646 1570; baseline -0.001 -11"><span class='ocrx_word' id='word_1_172' title='bbox 170 1537 213 1559; x_wconf 88' lang='lat' dir='ltr'>ne</span> <span class='ocrx_word' id='word_1_173' title='bbox 239 1524 378 1559; x_wconf 84' lang='lat' dir='ltr'>inflictis</span> <span class='ocrx_word' id='word_1_174' title='bbox 401 1524 535 1570; x_wconf 91' lang='lat' dir='ltr'>quidem</span> <span class='ocrx_word' id='word_1_175' title='bbox 559 1524 677 1569; x_wconf 84' lang='lat' dir='ltr'>poenis</span> <span class='ocrx_word' id='word_1_176' title='bbox 701 1525 863 1568; x_wconf 82' lang='lat' dir='ltr'>gravibus</span> <span class='ocrx_word' id='word_1_177' title='bbox 886 1525 1031 1570; x_wconf 86' lang='lat' dir='ltr'>perpelli</span> <span class='ocrx_word' id='word_1_178' title='bbox 1054 1533 1155 1558; x_wconf 86' lang='lat' dir='ltr'>antea</span> <span class='ocrx_word' id='word_1_179' title='bbox 1178 1525 1404 1569; x_wconf 88' lang='lat' dir='ltr'>potuissemus</span> <span class='ocrx_word' id='word_1_180' title='bbox 1426 1525 1469 1558; x_wconf 92' lang='lat' dir='ltr'>ad</span> <span class='ocrx_word' id='word_1_181' title='bbox 1494 1523 1646 1565; x_wconf 78' lang='lat' dir='ltr'>subscri-</span> 
     </span>
     <span class='ocr_line' id='line_1_21' title="bbox 170 1570 1646 1616; baseline -0.001 -11"><span class='ocrx_word' id='word_1_182' title='bbox 170 1571 287 1616; x_wconf 87' lang='lat' dir='ltr'>ptione</span> <span class='ocrx_word' id='word_1_183' title='bbox 309 1571 378 1604; x_wconf 90' lang='lat' dir='ltr'>ulla</span> <span class='ocrx_word' id='word_1_184' title='bbox 401 1573 519 1604; x_wconf 88' lang='lat' dir='ltr'>nostra</span> <span class='ocrx_word' id='word_1_185' title='bbox 542 1571 767 1604; x_wconf 87' lang='lat' dir='ltr'>roborandum</span> <span class='ocrx_word' id='word_1_186' title='bbox 791 1571 973 1616; x_wconf 83' lang='lat' dir='ltr'>quidquam</span> <span class='ocrx_word' id='word_1_187' title='bbox 998 1581 1041 1604; x_wconf 83' lang='lat' dir='ltr'>ex</span> <span class='ocrx_word' id='word_1_188' title='bbox 1063 1570 1104 1604; x_wconf 90' lang='lat' dir='ltr'>iis</span> <span class='ocrx_word' id='word_1_189' title='bbox 1128 1582 1217 1615; x_wconf 85' lang='lat' dir='ltr'>quae</span> <span class='ocrx_word' id='word_1_190' title='bbox 1241 1570 1375 1616; x_wconf 85' lang='lat' dir='ltr'>publice</span> <span class='ocrx_word' id='word_1_191' title='bbox 1393 1571 1646 1613; x_wconf 78' lang='lat' dir='ltr'>statuebantur,</span> 
     </span>
     <span class='ocr_line' id='line_1_22' title="bbox 170 1615 1645 1661; baseline -0.002 -9"><span class='ocrx_word' id='word_1_192' title='bbox 170 1622 285 1652; x_wconf 85' lang='lat' dir='ltr'>tamen</span> <span class='ocrx_word' id='word_1_193' title='bbox 317 1622 436 1650; x_wconf 82' lang='lat' dir='ltr'>secuta</span> <span class='ocrx_word' id='word_1_194' title='bbox 468 1617 681 1660; x_wconf 87' lang='lat' dir='ltr'>postmodum</span> <span class='ocrx_word' id='word_1_195' title='bbox 714 1617 934 1650; x_wconf 82' lang='lat' dir='ltr'>conversione</span> <span class='ocrx_word' id='word_1_196' title='bbox 958 1628 1068 1650; x_wconf 88' lang='lat' dir='ltr'>rerum</span> <span class='ocrx_word' id='word_1_197' title='bbox 1092 1621 1160 1650; x_wconf 88' lang='lat' dir='ltr'>tam</span> <span class='ocrx_word' id='word_1_198' title='bbox 1184 1617 1359 1650; x_wconf 75' lang='lat' dir='ltr'>atrocibus</span> <span class='ocrx_word' id='word_1_199' title='bbox 1382 1627 1445 1661; x_wconf 90' lang='lat' dir='ltr'>sup</span> <span class='ocrx_word' id='word_1_200' title='bbox 1471 1616 1558 1650; x_wconf 88' lang='lat' dir='ltr'>liciis</span> <span class='ocrx_word' id='word_1_201' title='bbox 1578 1615 1645 1650; x_wconf 82' lang='lat' dir='ltr'>lui-</span> 
     </span>
     <span class='ocr_line' id='line_1_23' title="bbox 171 1661 1646 1708; baseline -0.002 -10"><span class='ocrx_word' id='word_1_202' title='bbox 171 1675 246 1698; x_wconf 91' lang='lat' dir='ltr'>mus</span> <span class='ocrx_word' id='word_1_203' title='bbox 270 1674 395 1696; x_wconf 86' lang='lat' dir='ltr'>meram</span> <span class='ocrx_word' id='word_1_204' title='bbox 419 1662 687 1704; x_wconf 81' lang='lat' dir='ltr'>conniventiam,</span> <span class='ocrx_word' id='word_1_205' title='bbox 721 1663 774 1696; x_wconf 85' lang='lat' dir='ltr'>his</span> <span class='ocrx_word' id='word_1_206' title='bbox 796 1663 880 1708; x_wconf 85' lang='lat' dir='ltr'>ipsis</span> <span class='ocrx_word' id='word_1_207' title='bbox 904 1663 1133 1697; x_wconf 87' lang='lat' dir='ltr'>iudicantibus</span> <span class='ocrx_word' id='word_1_208' title='bbox 1158 1666 1194 1696; x_wconf 90' lang='lat' dir='ltr'>et</span> <span class='ocrx_word' id='word_1_209' title='bbox 1216 1661 1433 1696; x_wconf 87' lang='lat' dir='ltr'>immisericor</span> <span class='ocrx_word' id='word_1_210' title='bbox 1461 1662 1529 1696; x_wconf 82' lang='lat' dir='ltr'>&#39;ter</span> <span class='ocrx_word' id='word_1_211' title='bbox 1562 1672 1646 1695; x_wconf 83' lang='lat' dir='ltr'>exe-</span> 
     </span>
     <span class='ocr_line' id='line_1_24' title="bbox 171 1707 1645 1755; baseline -0.001 -13"><span class='ocrx_word' id='word_1_212' title='bbox 171 1708 357 1755; x_wconf 86' lang='lat' dir='ltr'>quentibus</span> <span class='ocrx_word' id='word_1_213' title='bbox 386 1707 557 1751; x_wconf 76' lang='lat' dir='ltr'>iudicata,</span> <span class='ocrx_word' id='word_1_214' title='bbox 592 1708 673 1753; x_wconf 88' lang='lat' dir='ltr'>quid</span> <span class='ocrx_word' id='word_1_215' title='bbox 708 1719 776 1742; x_wconf 90' lang='lat' dir='ltr'>non</span> <span class='ocrx_word' id='word_1_216' title='bbox 807 1714 958 1742; x_wconf 74' lang='lat' dir='ltr'>metuere</span> <span class='ocrx_word' id='word_1_217' title='bbox 981 1708 1080 1752; x_wconf 78' lang='lat' dir='ltr'>longe</span> <span class='ocrx_word' id='word_1_218' title='bbox 1106 1708 1213 1742; x_wconf 90' lang='lat' dir='ltr'>dirius</span> <span class='ocrx_word' id='word_1_219' title='bbox 1245 1709 1430 1751; x_wconf 80' lang='lat' dir='ltr'>debemus,</span> <span class='ocrx_word' id='word_1_220' title='bbox 1462 1713 1645 1753; x_wconf 85' lang='lat' dir='ltr'>postquam</span> 
     </span>
     <span class='ocr_line' id='line_1_25' title="bbox 171 1753 1646 1800; baseline -0.001 -11"><span class='ocrx_word' id='word_1_221' title='bbox 171 1756 281 1790; x_wconf 84' lang='lat' dir='ltr'>altero</span> <span class='ocrx_word' id='word_1_222' title='bbox 305 1754 539 1799; x_wconf 83' lang='lat' dir='ltr'>reciprocante</span> <span class='ocrx_word' id='word_1_223' title='bbox 563 1753 806 1788; x_wconf 85' lang='lat' dir='ltr'>dissensionum</span> <span class='ocrx_word' id='word_1_224' title='bbox 830 1754 936 1788; x_wconf 88' lang='lat' dir='ltr'>fluctu</span> <span class='ocrx_word' id='word_1_225' title='bbox 960 1755 1106 1788; x_wconf 82' lang='lat' dir='ltr'>rescindi</span> <span class='ocrx_word' id='word_1_226' title='bbox 1129 1755 1215 1788; x_wconf 89' lang='lat' dir='ltr'>haec</span> <span class='ocrx_word' id='word_1_227' title='bbox 1238 1766 1328 1800; x_wconf 87' lang='lat' dir='ltr'>quae</span> <span class='ocrx_word' id='word_1_228' title='bbox 1349 1753 1540 1788; x_wconf 87' lang='lat' dir='ltr'>sciscuntur</span> <span class='ocrx_word' id='word_1_229' title='bbox 1564 1764 1646 1788; x_wconf 81' lang='lat' dir='ltr'>coe-</span> 
     </span>
     <span class='ocr_line' id='line_1_26' title="bbox 172 1798 1646 1848; baseline 0.001 -15"><span class='ocrx_word' id='word_1_230' title='bbox 172 1801 313 1848; x_wconf 66' lang='lat' dir='ltr'>perint?</span> <span class='ocrx_word' id='word_1_231' title='bbox 360 1812 471 1846; x_wconf 87' lang='lat' dir='ltr'>neque</span> <span class='ocrx_word' id='word_1_232' title='bbox 502 1800 591 1834; x_wconf 90' lang='lat' dir='ltr'>enim</span> <span class='ocrx_word' id='word_1_233' title='bbox 622 1801 707 1834; x_wconf 84' lang='lat' dir='ltr'>haec</span> <span class='ocrx_word' id='word_1_234' title='bbox 731 1800 870 1835; x_wconf 86' lang='lat' dir='ltr'>firmiori</span> <span class='ocrx_word' id='word_1_235' title='bbox 893 1800 1082 1835; x_wconf 83' lang='lat' dir='ltr'>durationis</span> <span class='ocrx_word' id='word_1_236' title='bbox 1105 1800 1327 1835; x_wconf 84' lang='lat' dir='ltr'>inconcussae</span> <span class='ocrx_word' id='word_1_237' title='bbox 1349 1811 1411 1846; x_wconf 85' lang='lat' dir='ltr'>spe</span> <span class='ocrx_word' id='word_1_238' title='bbox 1433 1803 1494 1834; x_wconf 85' lang='lat' dir='ltr'>aut</span> <span class='ocrx_word' id='word_1_239' title='bbox 1516 1798 1646 1835; x_wconf 83' lang='lat' dir='ltr'>certio-</span> 
     </span>
     <span class='ocr_line' id='line_1_27' title="bbox 174 1845 1646 1892; baseline -0.001 -10"><span class='ocrx_word' id='word_1_240' title='bbox 174 1848 271 1882; x_wconf 87' lang='lat' dir='ltr'>ribus</span> <span class='ocrx_word' id='word_1_241' title='bbox 302 1849 399 1881; x_wconf 88' lang='lat' dir='ltr'>ratae</span> <span class='ocrx_word' id='word_1_242' title='bbox 433 1846 648 1881; x_wconf 84' lang='lat' dir='ltr'>auctoritatis</span> <span class='ocrx_word' id='word_1_243' title='bbox 678 1846 842 1891; x_wconf 84' lang='lat' dir='ltr'>auspiciis</span> <span class='ocrx_word' id='word_1_244' title='bbox 873 1847 1026 1881; x_wconf 86' lang='lat' dir='ltr'>inchoari</span> <span class='ocrx_word' id='word_1_245' title='bbox 1058 1858 1157 1892; x_wconf 87' lang='lat' dir='ltr'>quam</span> <span class='ocrx_word' id='word_1_246' title='bbox 1180 1847 1296 1892; x_wconf 85' lang='lat' dir='ltr'>priora</span> <span class='ocrx_word' id='word_1_247' title='bbox 1318 1845 1376 1880; x_wconf 90' lang='lat' dir='ltr'>illa</span> <span class='ocrx_word' id='word_1_248' title='bbox 1397 1845 1504 1892; x_wconf 85' lang='lat' dir='ltr'>primo</span> <span class='ocrx_word' id='word_1_249' title='bbox 1527 1845 1646 1880; x_wconf 84' lang='lat' dir='ltr'>statim</span> 
     </span>
     <span class='ocr_line' id='line_1_28' title="bbox 175 1891 1647 1938; baseline 0 -11"><span class='ocrx_word' id='word_1_250' title='bbox 175 1904 298 1928; x_wconf 82' lang='lat' dir='ltr'>eversa</span> <span class='ocrx_word' id='word_1_251' title='bbox 332 1898 423 1927; x_wconf 86' lang='lat' dir='ltr'>motu</span> <span class='ocrx_word' id='word_1_252' title='bbox 454 1893 548 1927; x_wconf 89' lang='lat' dir='ltr'>orbis</span> <span class='ocrx_word' id='word_1_253' title='bbox 579 1892 785 1938; x_wconf 86' lang='lat' dir='ltr'>reipublicae</span> <span class='ocrx_word' id='word_1_254' title='bbox 814 1893 916 1927; x_wconf 83' lang='lat' dir='ltr'>solita</span> <span class='ocrx_word' id='word_1_255' title='bbox 949 1893 1173 1927; x_wconf 80' lang='lat' dir='ltr'>instabilitate</span> <span class='ocrx_word' id='word_1_256' title='bbox 1202 1892 1361 1927; x_wconf 83' lang='lat' dir='ltr'>rotantis.</span> <span class='ocrx_word' id='word_1_257' title='bbox 1407 1893 1530 1926; x_wconf 86' lang='lat' dir='ltr'>multos</span> <span class='ocrx_word' id='word_1_258' title='bbox 1560 1891 1647 1927; x_wconf 80' lang='lat' dir='ltr'>haec</span> 
     </span>
     <span class='ocr_line' id='line_1_29' title="bbox 175 1937 1648 1984; baseline -0.002 -9"><span class='ocrx_word' id='word_1_259' title='bbox 175 1941 361 1975; x_wconf 87' lang='lat' dir='ltr'>observare</span> <span class='ocrx_word' id='word_1_260' title='bbox 383 1940 426 1974; x_wconf 89' lang='lat' dir='ltr'>de</span> <span class='ocrx_word' id='word_1_261' title='bbox 449 1939 613 1973; x_wconf 80' lang='lat' dir='ltr'>censoriis</span> <span class='ocrx_word' id='word_1_262' title='bbox 632 1938 802 1984; x_wconf 86' lang='lat' dir='ltr'>speculis,</span> <span class='ocrx_word' id='word_1_263' title='bbox 836 1939 960 1973; x_wconf 87' lang='lat' dir='ltr'>multos</span> <span class='ocrx_word' id='word_1_264' title='bbox 982 1939 1067 1973; x_wconf 91' lang='lat' dir='ltr'>clam</span> <span class='ocrx_word' id='word_1_265' title='bbox 1090 1938 1265 1981; x_wconf 84' lang='lat' dir='ltr'>insidiari,</span> <span class='ocrx_word' id='word_1_266' title='bbox 1298 1938 1490 1973; x_wconf 86' lang='lat' dir='ltr'>coorituros</span> <span class='ocrx_word' id='word_1_267' title='bbox 1519 1937 1648 1972; x_wconf 79' lang='lat' dir='ltr'>infeste</span> 
     </span>
     <span class='ocr_line' id='line_1_30' title="bbox 175 1984 1647 2031; baseline -0.001 -11"><span class='ocrx_word' id='word_1_268' title='bbox 175 1986 210 2020; x_wconf 91' lang='lat' dir='ltr'>in</span> <span class='ocrx_word' id='word_1_269' title='bbox 234 1985 482 2020; x_wconf 82' lang='lat' dir='ltr'>accusationem</span> <span class='ocrx_word' id='word_1_270' title='bbox 505 1984 588 2019; x_wconf 89' lang='lat' dir='ltr'>tomi</span> <span class='ocrx_word' id='word_1_271' title='bbox 609 1985 728 2029; x_wconf 88' lang='lat' dir='ltr'>huius,</span> <span class='ocrx_word' id='word_1_272' title='bbox 753 1985 850 2019; x_wconf 89' lang='lat' dir='ltr'>simul</span> <span class='ocrx_word' id='word_1_273' title='bbox 873 1997 958 2020; x_wconf 86' lang='lat' dir='ltr'>aura</span> <span class='ocrx_word' id='word_1_274' title='bbox 979 1985 1063 2031; x_wconf 89' lang='lat' dir='ltr'>ipsis</span> <span class='ocrx_word' id='word_1_275' title='bbox 1086 1985 1264 2030; x_wconf 82' lang='lat' dir='ltr'>benignior</span> <span class='ocrx_word' id='word_1_276' title='bbox 1287 1984 1480 2027; x_wconf 81' lang='lat' dir='ltr'>afflaverit;</span> <span class='ocrx_word' id='word_1_277' title='bbox 1514 1994 1537 2019; x_wconf 86' lang='lat' dir='ltr'>a</span> <span class='ocrx_word' id='word_1_278' title='bbox 1558 1994 1647 2030; x_wconf 86' lang='lat' dir='ltr'>quo—</span> 
     </span>
     <span class='ocr_line' id='line_1_31' title="bbox 176 2030 1648 2077; baseline -0.001 -11"><span class='ocrx_word' id='word_1_279' title='bbox 176 2043 251 2066; x_wconf 91' lang='lat' dir='ltr'>rum</span> <span class='ocrx_word' id='word_1_280' title='bbox 276 2031 488 2066; x_wconf 84' lang='lat' dir='ltr'>severissima</span> <span class='ocrx_word' id='word_1_281' title='bbox 511 2031 725 2065; x_wconf 84' lang='lat' dir='ltr'>damnatione</span> <span class='ocrx_word' id='word_1_282' title='bbox 754 2031 828 2076; x_wconf 79' lang='lat' dir='ltr'>quis</span> <span class='ocrx_word' id='word_1_283' title='bbox 852 2031 938 2066; x_wconf 85' lang='lat' dir='ltr'>satis</span> <span class='ocrx_word' id='word_1_284' title='bbox 961 2037 1082 2077; x_wconf 89' lang='lat' dir='ltr'>potens</span> <span class='ocrx_word' id='word_1_285' title='bbox 1105 2043 1166 2065; x_wconf 89' lang='lat' dir='ltr'>nos</span> <span class='ocrx_word' id='word_1_286' title='bbox 1189 2035 1406 2076; x_wconf 86' lang='lat' dir='ltr'>protegeret,</span> <span class='ocrx_word' id='word_1_287' title='bbox 1437 2031 1467 2065; x_wconf 82' lang='lat' dir='ltr'>si</span> <span class='ocrx_word' id='word_1_288' title='bbox 1489 2038 1551 2065; x_wconf 78' lang='lat' dir='ltr'>nos</span> <span class='ocrx_word' id='word_1_289' title='bbox 1574 2030 1648 2065; x_wconf 79' lang='lat' dir='ltr'>cbi-</span> 
     </span>
     <span class='ocr_line' id='line_1_32' title="bbox 176 2077 1648 2122; baseline -0.001 -10"><span class='ocrx_word' id='word_1_290' title='bbox 176 2077 350 2122; x_wconf 80' lang='lat' dir='ltr'>rographo</span> <span class='ocrx_word' id='word_1_291' title='bbox 373 2089 450 2111; x_wconf 88' lang='lat' dir='ltr'>reos</span> <span class='ocrx_word' id='word_1_292' title='bbox 473 2083 648 2118; x_wconf 86' lang='lat' dir='ltr'>tenerent,</span> <span class='ocrx_word' id='word_1_293' title='bbox 675 2083 710 2111; x_wconf 91' lang='lat' dir='ltr'>et</span> <span class='ocrx_word' id='word_1_294' title='bbox 734 2078 901 2112; x_wconf 85' lang='lat' dir='ltr'>nominum</span> <span class='ocrx_word' id='word_1_295' title='bbox 924 2079 1014 2112; x_wconf 89' lang='lat' dir='ltr'>ultro</span> <span class='ocrx_word' id='word_1_296' title='bbox 1039 2077 1202 2122; x_wconf 81' lang='lat' dir='ltr'>suffragio</span> <span class='ocrx_word' id='word_1_297' title='bbox 1225 2084 1416 2112; x_wconf 87' lang='lat' dir='ltr'>nostrorum</span> <span class='ocrx_word' id='word_1_298' title='bbox 1438 2077 1602 2111; x_wconf 85' lang='lat' dir='ltr'>munitum</span> <span class='ocrx_word' id='word_1_299' title='bbox 1624 2087 1648 2111; x_wconf 77' lang='lat' dir='ltr'>a</span> 
     </span>
     <span class='ocr_line' id='line_1_33' title="bbox 175 2121 1648 2165; baseline -0.001 -7"><span class='ocrx_word' id='word_1_300' title='bbox 175 2122 275 2158; x_wconf 88' lang='lat' dir='ltr'>nobis</span> <span class='ocrx_word' id='word_1_301' title='bbox 298 2134 436 2158; x_wconf 86' lang='lat' dir='ltr'>exosum</span> <span class='ocrx_word' id='word_1_302' title='bbox 459 2124 558 2157; x_wconf 89' lang='lat' dir='ltr'>istum</span> <span class='ocrx_word' id='word_1_303' title='bbox 581 2123 646 2158; x_wconf 88' lang='lat' dir='ltr'>sibi</span> <span class='ocrx_word' id='word_1_304' title='bbox 669 2129 793 2158; x_wconf 90' lang='lat' dir='ltr'>tomum</span> <span class='ocrx_word' id='word_1_305' title='bbox 817 2125 1022 2159; x_wconf 65' lang='lat' dir='ltr'>cernerent?</span> <span class='ocrx_word' id='word_1_306' title='bbox 1049 2124 1131 2158; x_wconf 89' lang='lat' dir='ltr'>talia</span> <span class='ocrx_word' id='word_1_307' title='bbox 1152 2123 1392 2158; x_wconf 85' lang='lat' dir='ltr'>ecclesiasticis</span> <span class='ocrx_word' id='word_1_308' title='bbox 1415 2121 1648 2165; x_wconf 79' lang='lat' dir='ltr'>causantibus,</span> 
     </span>
     <span class='ocr_line' id='line_1_34' title="bbox 175 2169 1649 2216; baseline -0.001 -12"><span class='ocrx_word' id='word_1_309' title='bbox 175 2181 244 2204; x_wconf 88' lang='lat' dir='ltr'>non</span> <span class='ocrx_word' id='word_1_310' title='bbox 266 2169 410 2203; x_wconf 87' lang='lat' dir='ltr'>deerant</span> <span class='ocrx_word' id='word_1_311' title='bbox 432 2170 566 2215; x_wconf 90' lang='lat' dir='ltr'>quidem</span> <span class='ocrx_word' id='word_1_312' title='bbox 590 2170 656 2204; x_wconf 87' lang='lat' dir='ltr'>sibi</span> <span class='ocrx_word' id='word_1_313' title='bbox 679 2170 834 2216; x_wconf 87' lang='lat' dir='ltr'>partiarii</span> <span class='ocrx_word' id='word_1_314' title='bbox 856 2171 1092 2216; x_wconf 83' lang='lat' dir='ltr'>patriarchae,</span> <span class='ocrx_word' id='word_1_315' title='bbox 1124 2170 1204 2216; x_wconf 90' lang='lat' dir='ltr'>quin</span> <span class='ocrx_word' id='word_1_316' title='bbox 1236 2170 1348 2204; x_wconf 82' lang='lat' dir='ltr'>multis</span> <span class='ocrx_word' id='word_1_317' title='bbox 1379 2169 1559 2204; x_wconf 76' lang='lat' dir='ltr'>ostendere</span> <span class='ocrx_word' id='word_1_318' title='bbox 1587 2178 1649 2202; x_wconf 86' lang='lat' dir='ltr'>co-</span> 
     </span>
     <span class='ocr_line' id='line_1_35' title="bbox 174 2213 1646 2263; baseline -0.002 -13"><span class='ocrx_word' id='word_1_319' title='bbox 174 2220 338 2250; x_wconf 86' lang='lat' dir='ltr'>narentur</span> <span class='ocrx_word' id='word_1_320' title='bbox 362 2216 464 2249; x_wconf 87' lang='lat' dir='ltr'>latam</span> <span class='ocrx_word' id='word_1_321' title='bbox 487 2215 577 2250; x_wconf 89' lang='lat' dir='ltr'>inter</span> <span class='ocrx_word' id='word_1_322' title='bbox 601 2218 685 2250; x_wconf 86' lang='lat' dir='ltr'>baec</span> <span class='ocrx_word' id='word_1_323' title='bbox 709 2216 752 2250; x_wconf 88' lang='lat' dir='ltr'>ad</span> <span class='ocrx_word' id='word_1_324' title='bbox 775 2228 863 2263; x_wconf 84' lang='lat' dir='ltr'>quae</span> <span class='ocrx_word' id='word_1_325' title='bbox 886 2216 1132 2251; x_wconf 89' lang='lat' dir='ltr'>subscribenda</span> <span class='ocrx_word' id='word_1_326' title='bbox 1164 2216 1413 2260; x_wconf 84' lang='lat' dir='ltr'>invitarentur,</span> <span class='ocrx_word' id='word_1_327' title='bbox 1449 2220 1486 2249; x_wconf 90' lang='lat' dir='ltr'>et</span> <span class='ocrx_word' id='word_1_328' title='bbox 1509 2213 1570 2248; x_wconf 78' lang='lat' dir='ltr'>illa</span> <span class='ocrx_word' id='word_1_329' title='bbox 1601 2213 1646 2248; x_wconf 88' lang='lat' dir='ltr'>ob</span> 
     </span>
     <span class='ocr_line' id='line_1_36' title="bbox 174 2258 1647 2308; baseline -0.002 -13"><span class='ocrx_word' id='word_1_330' title='bbox 174 2271 264 2307; x_wconf 84' lang='lat' dir='ltr'>quae</span> <span class='ocrx_word' id='word_1_331' title='bbox 286 2261 393 2295; x_wconf 87' lang='lat' dir='ltr'>tacite</span> <span class='ocrx_word' id='word_1_332' title='bbox 415 2261 613 2296; x_wconf 78' lang='lat' dir='ltr'>transmissa</span> <span class='ocrx_word' id='word_1_333' title='bbox 636 2262 769 2296; x_wconf 82' lang='lat' dir='ltr'>multati</span> <span class='ocrx_word' id='word_1_334' title='bbox 791 2263 945 2308; x_wconf 80' lang='lat' dir='ltr'>graviter</span> <span class='ocrx_word' id='word_1_335' title='bbox 968 2267 1101 2305; x_wconf 89' lang='lat' dir='ltr'>essent,</span> <span class='ocrx_word' id='word_1_336' title='bbox 1126 2261 1391 2307; x_wconf 85' lang='lat' dir='ltr'>discrepantiam</span> <span class='ocrx_word' id='word_1_337' title='bbox 1411 2258 1647 2300; x_wconf 74' lang='lat' dir='ltr'>interceder03</span> 
     </span>
     <span class='ocr_line' id='line_1_37' title="bbox 176 2303 1647 2355; baseline -0.003 -13"><span class='ocrx_word' id='word_1_338' title='bbox 176 2319 322 2352; x_wconf 84' lang='lat' dir='ltr'>moxque</span> <span class='ocrx_word' id='word_1_339' title='bbox 351 2306 476 2341; x_wconf 88' lang='lat' dir='ltr'>acriter</span> <span class='ocrx_word' id='word_1_340' title='bbox 507 2318 529 2341; x_wconf 92' lang='lat' dir='ltr'>a</span> <span class='ocrx_word' id='word_1_341' title='bbox 559 2319 597 2342; x_wconf 89' lang='lat' dir='ltr'>se</span> <span class='ocrx_word' id='word_1_342' title='bbox 627 2309 843 2344; x_wconf 86' lang='lat' dir='ltr'>decretorum</span> <span class='ocrx_word' id='word_1_343' title='bbox 867 2310 1147 2355; x_wconf 86' lang='lat' dir='ltr'>subscriptionem</span> <span class='ocrx_word' id='word_1_344' title='bbox 1170 2308 1380 2352; x_wconf 79' lang='lat' dir='ltr'>flagitarent.</span> <span class='ocrx_word' id='word_1_345' title='bbox 1424 2315 1543 2341; x_wconf 82' lang='lat' dir='ltr'>verum</span> <span class='ocrx_word' id='word_1_346' title='bbox 1577 2303 1647 2339; x_wconf 80' lang='lat' dir='ltr'>illis</span> 
     </span>
     <span class='ocr_line' id='line_1_38' title="bbox 175 2349 1646 2398; baseline -0.003 -10"><span class='ocrx_word' id='word_1_347' title='bbox 175 2360 301 2398; x_wconf 86' lang='lat' dir='ltr'>coepta</span> <span class='ocrx_word' id='word_1_348' title='bbox 324 2364 401 2388; x_wconf 86' lang='lat' dir='ltr'>sese</span> <span class='ocrx_word' id='word_1_349' title='bbox 423 2353 612 2398; x_wconf 85' lang='lat' dir='ltr'>pertinacia</span> <span class='ocrx_word' id='word_1_350' title='bbox 636 2354 907 2398; x_wconf 82' lang='lat' dir='ltr'>involventibus,</span> <span class='ocrx_word' id='word_1_351' title='bbox 939 2360 975 2389; x_wconf 88' lang='lat' dir='ltr'>et</span> <span class='ocrx_word' id='word_1_352' title='bbox 998 2353 1113 2390; x_wconf 82' lang='lat' dir='ltr'>omnes</span> <span class='ocrx_word' id='word_1_353' title='bbox 1142 2354 1358 2388; x_wconf 88' lang='lat' dir='ltr'>eludentibus</span> <span class='ocrx_word' id='word_1_354' title='bbox 1384 2355 1527 2386; x_wconf 87' lang='lat' dir='ltr'>conatus</span> <span class='ocrx_word' id='word_1_355' title='bbox 1547 2349 1646 2396; x_wconf 84' lang='lat' dir='ltr'>ipsos</span> 
     </span>
     <span class='ocr_line' id='line_1_39' title="bbox 174 2398 1647 2447; baseline -0.002 -14"><span class='ocrx_word' id='word_1_356' title='bbox 174 2399 486 2445; x_wconf 84' lang='lat' dir='ltr'>quomodocumque</span> <span class='ocrx_word' id='word_1_357' title='bbox 519 2399 696 2434; x_wconf 87' lang='lat' dir='ltr'>inflectere</span> <span class='ocrx_word' id='word_1_358' title='bbox 731 2402 775 2434; x_wconf 90' lang='lat' dir='ltr'>ad</span> <span class='ocrx_word' id='word_1_359' title='bbox 808 2403 873 2436; x_wconf 83' lang='lat' dir='ltr'>sibi</span> <span class='ocrx_word' id='word_1_360' title='bbox 896 2405 1017 2447; x_wconf 81' lang='lat' dir='ltr'>optata</span> <span class='ocrx_word' id='word_1_361' title='bbox 1039 2399 1336 2441; x_wconf 83' lang='lat' dir='ltr'>contendentium,</span> <span class='ocrx_word' id='word_1_362' title='bbox 1366 2398 1400 2432; x_wconf 87' lang='lat' dir='ltr'>bi</span> <span class='ocrx_word' id='word_1_363' title='bbox 1422 2398 1647 2442; x_wconf 80' lang='lat' dir='ltr'>desperantes</span> 
     </span>
     <span class='ocr_line' id='line_1_40' title="bbox 173 2442 1647 2492; baseline -0.002 -12"><span class='ocrx_word' id='word_1_364' title='bbox 173 2444 323 2491; x_wconf 83' lang='lat' dir='ltr'>iratique</span> <span class='ocrx_word' id='word_1_365' title='bbox 356 2445 400 2480; x_wconf 89' lang='lat' dir='ltr'>ad</span> <span class='ocrx_word' id='word_1_366' title='bbox 435 2450 621 2479; x_wconf 88' lang='lat' dir='ltr'>extremum</span> <span class='ocrx_word' id='word_1_367' title='bbox 654 2446 816 2489; x_wconf 84' lang='lat' dir='ltr'>gravibus</span> <span class='ocrx_word' id='word_1_368' title='bbox 839 2459 898 2482; x_wconf 85' lang='lat' dir='ltr'>eos</span> <span class='ocrx_word' id='word_1_369' title='bbox 922 2459 963 2481; x_wconf 89' lang='lat' dir='ltr'>ex</span> <span class='ocrx_word' id='word_1_370' title='bbox 986 2447 1177 2492; x_wconf 88' lang='lat' dir='ltr'>suspicione</span> <span class='ocrx_word' id='word_1_371' title='bbox 1200 2442 1490 2480; x_wconf 71' lang='lat' dir='ltr'>criminationibus</span> <span class='ocrx_word' id='word_1_372' title='bbox 1512 2442 1647 2477; x_wconf 83' lang='lat' dir='ltr'>detule-</span> 
     </span>
     <span class='ocr_line' id='line_1_41' title="bbox 173 2490 1649 2538; baseline -0.002 -12"><span class='ocrx_word' id='word_1_373' title='bbox 173 2496 277 2534; x_wconf 87' lang='lat' dir='ltr'>runt,</span> <span class='ocrx_word' id='word_1_374' title='bbox 309 2494 345 2525; x_wconf 88' lang='lat' dir='ltr'>et</span> <span class='ocrx_word' id='word_1_375' title='bbox 367 2502 457 2536; x_wconf 91' lang='lat' dir='ltr'>quae</span> <span class='ocrx_word' id='word_1_376' title='bbox 480 2503 502 2525; x_wconf 91' lang='lat' dir='ltr'>a</span> <span class='ocrx_word' id='word_1_377' title='bbox 527 2491 736 2526; x_wconf 89' lang='lat' dir='ltr'>conscientia</span> <span class='ocrx_word' id='word_1_378' title='bbox 759 2493 1034 2538; x_wconf 82' lang='lat' dir='ltr'>cogitationeque</span> <span class='ocrx_word' id='word_1_379' title='bbox 1055 2492 1203 2537; x_wconf 88' lang='lat' dir='ltr'>ipsorum</span> <span class='ocrx_word' id='word_1_380' title='bbox 1225 2490 1344 2536; x_wconf 87' lang='lat' dir='ltr'>procul</span> <span class='ocrx_word' id='word_1_381' title='bbox 1367 2500 1502 2535; x_wconf 82' lang='lat' dir='ltr'>semper</span> <span class='ocrx_word' id='word_1_382' title='bbox 1523 2490 1649 2524; x_wconf 79' lang='lat' dir='ltr'>abfue-</span> 
     </span>
     <span class='ocr_line' id='line_1_42' title="bbox 173 2535 1647 2582; baseline -0.002 -10"><span class='ocrx_word' id='word_1_383' title='bbox 173 2540 255 2572; x_wconf 86' lang='lat' dir='ltr'>rant</span> <span class='ocrx_word' id='word_1_384' title='bbox 285 2537 528 2582; x_wconf 84' lang='lat' dir='ltr'>appingentes,</span> <span class='ocrx_word' id='word_1_385' title='bbox 563 2538 729 2572; x_wconf 91' lang='lat' dir='ltr'>communi</span> <span class='ocrx_word' id='word_1_386' title='bbox 760 2551 819 2572; x_wconf 88' lang='lat' dir='ltr'>eos</span> <span class='ocrx_word' id='word_1_387' title='bbox 848 2550 1008 2573; x_wconf 86' lang='lat' dir='ltr'>consessu</span> <span class='ocrx_word' id='word_1_388' title='bbox 1033 2539 1223 2582; x_wconf 81' lang='lat' dir='ltr'>abegerunt</span> <span class='ocrx_word' id='word_1_389' title='bbox 1246 2540 1281 2570; x_wconf 92' lang='lat' dir='ltr'>et</span> <span class='ocrx_word' id='word_1_390' title='bbox 1303 2535 1448 2570; x_wconf 83' lang='lat' dir='ltr'>hostium</span> <span class='ocrx_word' id='word_1_391' title='bbox 1471 2535 1647 2570; x_wconf 75' lang='lat' dir='ltr'>habendos</span> 
     </span>
     <span class='ocr_line' id='line_1_43' title="bbox 172 2581 1648 2628; baseline -0.002 -10"><span class='ocrx_word' id='word_1_392' title='bbox 172 2583 248 2618; x_wconf 87' lang='lat' dir='ltr'>loco</span> <span class='ocrx_word' id='word_1_393' title='bbox 271 2583 474 2618; x_wconf 85' lang='lat' dir='ltr'>iudicarunt.</span> <span class='ocrx_word' id='word_1_394' title='bbox 520 2583 570 2617; x_wconf 87' lang='lat' dir='ltr'>illi</span> <span class='ocrx_word' id='word_1_395' title='bbox 590 2595 675 2617; x_wconf 87' lang='lat' dir='ltr'>vero</span> <span class='ocrx_word' id='word_1_396' title='bbox 699 2584 888 2618; x_wconf 86' lang='lat' dir='ltr'>convictum</span> <span class='ocrx_word' id='word_1_397' title='bbox 911 2583 1180 2628; x_wconf 84' lang='lat' dir='ltr'>colloquiumque</span> <span class='ocrx_word' id='word_1_398' title='bbox 1209 2583 1374 2617; x_wconf 84' lang='lat' dir='ltr'>bominum</span> <span class='ocrx_word' id='word_1_399' title='bbox 1395 2581 1481 2616; x_wconf 86' lang='lat' dir='ltr'>talia</span> <span class='ocrx_word' id='word_1_400' title='bbox 1502 2582 1648 2627; x_wconf 85' lang='lat' dir='ltr'>loquan-</span> 
     </span>
     <span class='ocr_line' id='line_1_44' title="bbox 173 2627 1648 2683; baseline -0.002 -19"><span class='ocrx_word' id='word_1_401' title='bbox 173 2629 258 2665; x_wconf 89' lang='lat' dir='ltr'>tium</span> <span class='ocrx_word' id='word_1_402' title='bbox 281 2633 318 2664; x_wconf 87' lang='lat' dir='ltr'>et</span> <span class='ocrx_word' id='word_1_403' title='bbox 339 2629 549 2675; x_wconf 88' lang='lat' dir='ltr'>poscentium</span> <span class='ocrx_word' id='word_1_404' title='bbox 572 2629 693 2675; x_wconf 86' lang='lat' dir='ltr'>quavis</span> <span class='ocrx_word' id='word_1_405' title='bbox 715 2630 868 2665; x_wconf 87' lang='lat' dir='ltr'>tristiora</span> <span class='ocrx_word' id='word_1_406' title='bbox 891 2630 1070 2664; x_wconf 87' lang='lat' dir='ltr'>solitudine</span> <span class='ocrx_word' id='word_1_407' title='bbox 1093 2630 1274 2672; x_wconf 87' lang='lat' dir='ltr'>ducentes,</span> <span class='ocrx_word' id='word_1_408' title='bbox 1307 2629 1387 2683; x_wconf 73' lang='lat' dir='ltr'>quin</span> <span class='ocrx_word' id='word_1_409' title='bbox 1411 2633 1447 2662; x_wconf 86' lang='lat' dir='ltr'>et</span> <span class='ocrx_word' id='word_1_410' title='bbox 1469 2627 1505 2662; x_wconf 88' lang='lat' dir='ltr'>in</span> <span class='ocrx_word' id='word_1_411' title='bbox 1526 2627 1648 2662; x_wconf 84' lang='lat' dir='ltr'>solitu-</span> 
     </span>
     <span class='ocr_line' id='line_1_45' title="bbox 173 2673 1648 2720; baseline -0.001 -10"><span class='ocrx_word' id='word_1_412' title='bbox 173 2676 254 2710; x_wconf 87' lang='lat' dir='ltr'>dine</span> <span class='ocrx_word' id='word_1_413' title='bbox 284 2675 485 2710; x_wconf 82' lang='lat' dir='ltr'>inventnros</span> <span class='ocrx_word' id='word_1_414' title='bbox 508 2685 546 2710; x_wconf 82' lang='lat' dir='ltr'>se</span> <span class='ocrx_word' id='word_1_415' title='bbox 569 2675 698 2720; x_wconf 81' lang='lat' dir='ltr'>asylum</span> <span class='ocrx_word' id='word_1_416' title='bbox 729 2688 885 2710; x_wconf 88' lang='lat' dir='ltr'>securum</span> <span class='ocrx_word' id='word_1_417' title='bbox 908 2677 952 2711; x_wconf 86' lang='lat' dir='ltr'>ab</span> <span class='ocrx_word' id='word_1_418' title='bbox 975 2676 1117 2710; x_wconf 87' lang='lat' dir='ltr'>istorum</span> <span class='ocrx_word' id='word_1_419' title='bbox 1148 2674 1443 2720; x_wconf 78' lang='lat' dir='ltr'>importunissimis</span> <span class='ocrx_word' id='word_1_420' title='bbox 1463 2673 1648 2708; x_wconf 79' lang='lat' dir='ltr'>insultibus</span> 
     </span>
     <span class='ocr_line' id='line_1_46' title="bbox 173 2719 1649 2768; baseline -0.002 -11"><span class='ocrx_word' id='word_1_421' title='bbox 173 2727 376 2768; x_wconf 85' lang='lat' dir='ltr'>sperantes,</span> <span class='ocrx_word' id='word_1_422' title='bbox 413 2721 635 2757; x_wconf 88' lang='lat' dir='ltr'>circumibant</span> <span class='ocrx_word' id='word_1_423' title='bbox 657 2722 840 2757; x_wconf 86' lang='lat' dir='ltr'>errabundi</span> <span class='ocrx_word' id='word_1_424' title='bbox 862 2722 1001 2757; x_wconf 87' lang='lat' dir='ltr'>deserta.</span> <span class='ocrx_word' id='word_1_425' title='bbox 1022 2722 1121 2764; x_wconf 89' lang='lat' dir='ltr'>loca,</span> <span class='ocrx_word' id='word_1_426' title='bbox 1150 2721 1275 2767; x_wconf 86' lang='lat' dir='ltr'>privati</span> <span class='ocrx_word' id='word_1_427' title='bbox 1298 2720 1486 2766; x_wconf 85' lang='lat' dir='ltr'>dignitate,</span> <span class='ocrx_word' id='word_1_428' title='bbox 1510 2719 1649 2765; x_wconf 84' lang='lat' dir='ltr'>spoliati</span> 
     </span>
     <span class='ocr_line' id='line_1_47' title="bbox 171 2766 1648 2814; baseline -0.003 -11"><span class='ocrx_word' id='word_1_429' title='bbox 171 2772 342 2814; x_wconf 87' lang='lat' dir='ltr'>proventu</span> <span class='ocrx_word' id='word_1_430' title='bbox 374 2768 482 2812; x_wconf 87' lang='lat' dir='ltr'>omni,</span> <span class='ocrx_word' id='word_1_431' title='bbox 519 2774 633 2803; x_wconf 84' lang='lat' dir='ltr'>tamen</span> <span class='ocrx_word' id='word_1_432' title='bbox 663 2768 757 2803; x_wconf 86' lang='lat' dir='ltr'>illam</span> <span class='ocrx_word' id='word_1_433' title='bbox 785 2768 1042 2813; x_wconf 83' lang='lat' dir='ltr'>ignominiosam</span> <span class='ocrx_word' id='word_1_434' title='bbox 1073 2767 1259 2802; x_wconf 87' lang='lat' dir='ltr'>nuditatem</span> <span class='ocrx_word' id='word_1_435' title='bbox 1291 2772 1327 2801; x_wconf 88' lang='lat' dir='ltr'>et</span> <span class='ocrx_word' id='word_1_436' title='bbox 1356 2766 1549 2811; x_wconf 86' lang='lat' dir='ltr'>neglectum</span> <span class='ocrx_word' id='word_1_437' title='bbox 1582 2766 1648 2800; x_wconf 85' lang='lat' dir='ltr'>hoc</span> 
     </span>
     <span class='ocr_line' id='line_1_48' title="bbox 172 2811 1647 2862; baseline -0.001 -14"><span class='ocrx_word' id='word_1_438' title='bbox 172 2815 423 2861; x_wconf 78' lang='lat' dir='ltr'>obscurumque</span> <span class='ocrx_word' id='word_1_439' title='bbox 451 2815 547 2850; x_wconf 86' lang='lat' dir='ltr'>vitae</span> <span class='ocrx_word' id='word_1_440' title='bbox 577 2826 685 2861; x_wconf 85' lang='lat' dir='ltr'>genus</span> <span class='ocrx_word' id='word_1_441' title='bbox 707 2814 881 2862; x_wconf 84' lang='lat' dir='ltr'>splendori</span> <span class='ocrx_word' id='word_1_442' title='bbox 903 2813 1084 2862; x_wconf 87' lang='lat' dir='ltr'>quantovis</span> <span class='ocrx_word' id='word_1_443' title='bbox 1106 2825 1151 2849; x_wconf 88' lang='lat' dir='ltr'>ex</span> <span class='ocrx_word' id='word_1_444' title='bbox 1175 2814 1339 2850; x_wconf 83' lang='lat' dir='ltr'>honorum</span> <span class='ocrx_word' id='word_1_445' title='bbox 1363 2824 1438 2848; x_wconf 89' lang='lat' dir='ltr'>cum</span> <span class='ocrx_word' id='word_1_446' title='bbox 1460 2811 1539 2848; x_wconf 88' lang='lat' dir='ltr'>istis</span> <span class='ocrx_word' id='word_1_447' title='bbox 1563 2822 1647 2847; x_wconf 85' lang='lat' dir='ltr'>con·-</span> 
     </span>
    </p>
   </div>
  </div>
 </body>
</html>
