1858 3126
318 125 393 169 DE
426 122 753 168 ANDRONICO
786 122 1158 168 PALAEOLOGO
1191 122 1238 167 L.
1259 121 1353 166 Vll.
1456 122 1554 169 627

119 253 185 283 σιν
202 237 374 292 αἳματος
389 236 499 292 ὅμως
518 238 563 280 δὲ
578 237 643 280 καὶ
661 236 712 280 τὰ
731 232 887 280 δυνατά
904 235 943 278 οἱ
962 235 1063 292 πρὸς
1080 236 1127 280 τὸ
1146 235 1345 293 παρεστὸς
1363 233 1437 279 οὗκ
1452 234 1553 291 ἠμέ-

118 311 178 350 λει
196 313 334 350 ποιεῖν.
387 311 446 364 τῷ
461 305 539 361 γὰρ
553 302 698 364 Δούκᾳ
720 306 786 347 καὶ
805 300 966 362 μεγάλῳ
987 301 1239 361 ἕταιρειιίρχῃ
1264 305 1307 355 ἓξ
1326 301 1554 358 ἀξιώματος

119 372 360 429 συχνότερον
388 374 555 426 πέμπων
575 373 791 426 ἐπέσκηπτε
812 370 905 414 κατ’
926 372 1036 425 ἰχνος
1053 371 1184 428 ἠρέμα
1204 379 1288 422 τοῖς
1308 369 1553 427 ἀλάστορσιν

121 443 307 494 ἕπεσθαι,
345 442 426 483 ἐπεὶ
446 440 492 484 οὖ
513 440 666 483 δυνατὰ
685 435 735 494 ἦν
751 439 854 482 κατὰ
876 437 1094 495 πρόσωπον
1114 442 1233 483 παντὶ
1249 444 1307 498 τῷ
1325 437 1555 494 συστήματι

88 506 448 553 5ἇντιτάττεσθαι.
517 508 615 551 ὅθεν
633 509 697 550 καὶ
715 501 833 556 οὗτος
849 507 924 560 μέν
944 508 1150 560 ἐμπίπτων
1171 505 1364 556 πολλάκις
1380 507 1422 558 ἐξ
1440 506 1553 564 ἄφα-

119 581 216 626 νοῦς
235 577 284 619 τὸ
301 575 499 630 οὖραγοῦν
524 577 706 630 ε’ζημιόυ,
738 576 782 617 ἐκ
813 575 859 617 δὲ
885 576 1144 629 Τζουρουλοῦ
1168 575 1206 617 οἱ
1225 574 1337 623 ἐντὸς
1366 574 1556 629 ἀναθαρ-

118 642 315 699 σήσαντες
341 640 631 699 ἀνδρικώτερον
650 640 952 698 προσβάλλουσι
977 640 1193 700 Ῥαιδεστῷ
1219 644 1287 684 καὶ
1304 646 1438 692 κακῶς
1456 643 1552 692 τούς
1574 651 1606 685 Ε

120 712 204 754 ἐκεῖ
220 713 371 767 δρῶσι,
404 711 505 766 πρὸς
532 715 591 768 τῷ
618 712 684 753 καὶ
710 711 818 752 λείαν
844 710 983 765 ἱκανὴν
1004 709 1311 766 περιβαλέσθαι.
1379 709 1401 751 ὃ
1420 710 1471 764 δὴ
1489 712 1557 752 καὶ

119 778 277 835 γεγονὸς
302 781 451 834 δῆλον,
485 776 541 828 ὥς
569 777 710 828 ἔδειξε,
744 785 831 827 τοῖς
860 778 1050 833 έχθροΐς,
1086 778 1125 821 οἱ
1151 778 1196 821 δὲ
1223 777 1325 834 πρὸς
1354 777 1401 819 τὸ
1432 777 1555 831 τυχὸν

68 844 313 900 1ολαβόντες
337 843 593 888 ὀπισθόπουν
618 846 692 900 τὴν
724 846 888 899 πορείαν
916 847 1146 900 πεποίηντο.
1211 844 1259 888 οὗ
1278 843 1359 899 μὴν
1382 843 1426 886 δ’
1449 844 1555 887 ἀλλὰ

122 913 215 958 οὐδ’
240 914 279 956 οἷ
296 913 400 956 καθ’
421 913 472 956 ἕω
491 917 566 967 τῆς
583 914 751 969 περαίας
765 917 807 955 Τ
804 918 941 969 οῦρκοι
960 917 1093 963 καλῶς
1109 910 1426 967 ἀπηλλάττοντο,
1451 911 1557 955 ἀλλὰ

121 979 312 1031 πολλάκις
342 981 621 1036 προσέβαλλον
646 982 711 1023 καὶ
735 981 912 1031 πολλοὺς
937 985 1071 1031 κακῶς
1100 981 1262 1024 ἓποιόυν
1286 979 1341 1029 εἷς
1359 980 1556 1036 τρυγητὸν

121 1047 299 1100 ἐξιόντας
311 1080 326 1100 ,
360 1047 463 1092 ὥστε
483 1049 548 1091 καὶ
569 1048 665 1097 τοὺς
685 1049 725 1090 ἕν
742 1053 799 1106 τῷ
817 1046 926 1107 Ἱερῷ
951 1048 1318 1104 ἀναγκαζομένους,
1353 1047 1438 1089 ἐπεί
1459 1064 1556 1091 ποτε
1576 1067 1603 1102 p
1627 1067 1693 1103 437

121 1118 189 1159 καὶ
215 1116 327 1166 ἐντὸς
354 1116 492 1159 ἐκεῖνοι
520 1114 719 1166 λαθόντες
750 1115 953 1171 ἐγένοντο,
996 1118 1031 1159 εἰ
1059 1118 1125 1158 καὶ
1155 1111 1279 1165 αὖθις
1305 1115 1559 1171 φοβηθέντες

69 1188 112 1226 15
122 1182 289 1242 ἐξῄεσαν
295 1215 310 1236 ,
346 1183 421 1237 οὐχ
441 1184 569 1226 ἱκανοὶ
588 1183 636 1226 τὸ
655 1188 817 1237 πλῆθος
835 1183 947 1234 ὄντες
969 1184 1144 1237 κατέχειν
1163 1183 1209 1226 τὸ
1229 1179 1446 1240 φρούριον,
1482 1201 1559 1226 κα-

122 1255 318 1305 ταβολαΐς
334 1251 583 1306 τεταγμένων
599 1255 723 1294 τελῶν
743 1251 817 1300 τὰς
839 1251 1017 1301 σπονδὰς
1038 1251 1244 1296 ὠνεῖσθαι.
1309 1257 1395 1299 τοῖς
1417 1251 1462 1292 δὲ
1490 1253 1559 1293 καὶ

125 1319 230 1362 κατὰ
249 1318 322 1373 τὴν
338 1318 512 1373 Μηλέαν
531 1319 839 1373 τραχυνομένοις
859 1321 925 1361 καὶ
948 1323 1112 1369 πολλοῖς
1128 1320 1170 1361 ἓν
1189 1318 1302 1377 αὐτῷ
1320 1322 1491 1360 συστᾶσι
1509 1318 1558 1361 τὸ

124 1386 207 1429 ἐκεῖ
218 1383 394 1440 μάχιμον
414 1386 596 1441 ἐμπίπτει
615 1387 681 1428 καὶ
699 1387 762 1429 ε’πὶ
783 1391 857 1430 τοῦ
879 1385 1185 1444 προτερήματος
1208 1388 1378 1442 γίνεται,
1409 1383 1464 1435 ὥς
1485 1390 1559 1439 τῆς

122 1526 190 1562 que
204 1515 386 1560 sanguinis.
431 1527 496 1551 non
519 1516 712 1562 negligebat
733 1519 844 1550 tamen
866 1515 1100 1551 administrare
1122 1527 1164 1551 ex
1185 1525 1247 1550 usu
1263 1515 1445 1560 praesenti,
1468 1515 1559 1560 quod

121 1566 271 1608 poterat.
317 1561 445 1596 Ducam
466 1562 571 1603 enim,
593 1573 745 1607 magnum
767 1562 1031 1596 hetaeriarcham
1053 1561 1149 1596 titulo
1171 1561 1346 1604 dignitatis
1366 1560 1559 1602 vocitatum,

123 1606 254 1642 crebris
277 1606 448 1641 admonuit
467 1608 593 1642 nuntiis
614 1613 654 1641 ut
676 1619 698 1642 a
718 1612 815 1652 tergo
839 1618 881 1641 ex
902 1607 1032 1641 occulto
1055 1611 1091 1641 et
1110 1610 1263 1651 protecte
1284 1605 1438 1649 vestigiis
1460 1617 1560 1639 exer-

124 1652 214 1687 citus
234 1652 469 1696 Amogabarici
498 1665 614 1687 versus
647 1653 763 1686 urbem
794 1652 964 1687 tendentis
993 1651 1187 1693 insisteret3
1220 1655 1255 1685 et
1286 1651 1439 1696 quoniam
1460 1650 1503 1684 ad
1526 1651 1560 1684 ei

124 1709 164 1732 ae
185 1708 228 1732 ex
249 1697 389 1731 adverso
404 1698 633 1742 opponendum
655 1698 744 1732 vires
763 1697 900 1732 idoneas
924 1709 990 1732 non
1011 1698 1164 1738 haberet,
1186 1696 1381 1730 imminendo
1404 1706 1426 1728 a
1447 1695 1560 1737 dorso,

125 1742 269 1796 quadam
290 1743 356 1776 illis
379 1743 578 1787 respiciendi
600 1755 701 1786 cura,
724 1755 847 1777 moram
873 1743 990 1777 saltem
1013 1742 1157 1788 aliquam
1181 1753 1223 1775 ac
1244 1740 1484 1775 solicitudinem
1506 1739 1562 1773 in-

123 1787 256 1822 iiceret.
302 1787 356 1822 bis
383 1788 439 1822 ille
467 1789 633 1823 mandatis
654 1789 886 1834 obtemperans
907 1788 1087 1833 improviso
1107 1786 1295 1820 idemtidem
1317 1786 1480 1829 carpebat
1501 1796 1564 1830 po-

125 1837 282 1866 stremum
305 1843 422 1876 agmen
444 1844 487 1867 ex
509 1837 583 1867 tuto
603 1834 753 1874 irruens3
783 1845 850 1879 qua
879 1833 1010 1867 ratione
1039 1843 1141 1876 saepe
1161 1831 1209 1864 illi
1232 1829 1373 1873 contigit
1403 1841 1468 1863 non
1490 1841 1563 1863 mn-

127 1875 206 1910 dica
234 1876 361 1910 inferre
390 1879 608 1922 Amogabaris
640 1879 770 1913 damna.
825 1879 888 1912 snb
920 1879 983 1912 hoc
1011 1882 1079 1911 tem
1103 1887 1143 1909 us
1170 1877 1227 1920 qui
1255 1876 1346 1908 intra
1375 1874 1559 1908 'rzurulum

129 1926 245 1962 erant,
269 1931 311 1954 ex
333 1932 468 1955 recessu
491 1924 657 1956 exercitus
679 1923 909 1967 Amogabarici
930 1928 1063 1967 sumpta
1081 1889 1226 1963 gducia,
1250 1919 1329 1953 forti
1350 1923 1562 1963 erumpentes

127 1977 227 2000 manu
248 1965 472 2000 Rhaedestum
495 1979 600 2011 nuper
623 1969 665 2001 ab
689 1968 784 2002 hoste
805 1973 1002 2011 occupatum
1025 1965 1239 2006 adoriuntur,
1271 1970 1307 1998 et
1328 1970 1440 1998 castro
1462 1964 1562 2009 potiti

128 2015 285 2055 repertos
305 2010 376 2044 illic
397 2011 483 2044 male
504 2012 704 2054 multarunt,
738 2013 828 2046 haud
853 2023 978 2056 parvae
999 2015 1177 2055 praeterea
1209 2012 1380 2053 compotes
1401 2009 1560 2053 praedae,

129 2067 229 2101 quam
250 2056 365 2088 hostes
387 2067 428 2089 ex
451 2061 547 2100 rapto
569 2062 814 2100 congesserant.
859 2057 895 2090 id
918 2057 1102 2090 nuntiatum
1124 2054 1287 2088 exercitui
1302 2065 1418 2088 versus
1432 2055 1560 2096 urbem,

130 2107 171 2134 ut
190 2100 315 2134 dictum
339 2103 402 2142 est,
425 2100 517 2134 eunti
540 2101 617 2135 novi
641 2101 713 2135 eius
735 2101 874 2134 ducibus
896 2100 1025 2134 consilii
1046 2099 1249 2134 ocoesionem
1265 2098 1374 2132 dedit:
1395 2106 1488 2133 retro
1504 2111 1562 2133 ee-

129 2146 272 2180 dendum
296 2145 382 2179 enim
404 2150 628 2190 putaverunt,
660 2146 942 2190 differendamque
962 2145 998 2179 in
1019 2148 1149 2189 tempus
1173 2144 1262 2178 aliud
1283 2145 1561 2189 oppugnationem

130 2190 236 2226 urbis.
277 2189 409 2224 interim
438 2202 502 2224 nec
533 2190 591 2235 qui
618 2191 836 2226 continentem
858 2190 1064 2224 Orientalem
1085 2189 1207 2223 dudum
1227 2189 1430 2223 infestabant
1452 2189 1561 2223 Turci

130 2236 202 2270 vim
224 2235 389 2270 crudelem
411 2236 640 2278 remittebant,
671 2236 731 2270 sed
762 2235 872 2269 multis
893 2246 980 2269 nunc
1002 2234 1216 2268 cummaxime
1244 2234 1425 2268 assultibus
1445 2237 1560 2268 tenta-

129 2282 215 2315 bant
241 2291 358 2325 arces,
401 2283 587 2326 multosque
618 2281 803 2315 caedebant
832 2280 875 2314 ad
904 2279 1101 2314 vindemiam
1128 2279 1316 2313 necessario
1349 2291 1392 2313 ex
1422 2279 1561 2314 urbibus

130 2326 347 2371 prodeuntes.
390 2326 506 2371 itaque
536 2330 594 2371 qui
623 2331 768 2360 castrum
798 2326 920 2359 dictum
949 2325 1088 2359 Hierum
1118 2324 1222 2358 nostri
1242 2325 1418 2366 tenebant,
1453 2324 1562 2358 coacti

131 2375 212 2406 aunt
233 2382 350 2416 pacem
371 2372 485 2406 facere
508 2383 580 2405 cum
603 2371 756 2406 barbaris
776 2371 894 2404 tributi
917 2369 1082 2414 pendendi
1102 2369 1266 2414 pactione.
1309 2370 1432 2415 quippe
1453 2369 1562 2403 Turci

131 2416 217 2450 clam
246 2417 349 2450 semel
382 2417 417 2450 in
448 2428 521 2451 eam
552 2428 661 2451 arcem
691 2420 969 2461 penetraverant,
1001 2425 1066 2449 non
1086 2420 1198 2448 tamen
1217 2414 1338 2449 idoneo
1361 2426 1495 2448 numero
1518 2413 1563 2448 ad

133 2472 206 2496 eam
229 2462 476 2506 occupandam3
498 2462 586 2496 unde
607 2461 719 2496 territi
739 2461 926 2495 retulerunt
946 2461 1076 2505 pedem.
1119 2471 1233 2493 verum
1256 2460 1318 2494 hoc
1339 2465 1462 2494 eventu
1478 2459 1565 2493 Hie-

131 2516 251 2539 renses
272 2506 431 2540 admoniti
453 2512 488 2541 et
510 2510 551 2541 de
571 2507 744 2541 voluntate
766 2506 909 2541 hostium
931 2506 1021 2549 ipsos
1041 2504 1219 2538 invadendi
1241 2509 1276 2539 et
1298 2505 1340 2539 de
1362 2516 1424 2539 sua
1446 2502 1564 2548 impari

134 2550 186 2584 eis
205 2551 422 2595 repellendis,
443 2552 501 2586 ubi
526 2552 642 2586 maiori
661 2552 871 2586 multitudine
893 2550 1076 2590 redissent,
1095 2549 1265 2594 potentia,
1291 2551 1447 2595 optimum
1470 2550 1564 2582 factu

134 2599 297 2639 putarunt
319 2596 443 2630 cladem
466 2603 593 2632 certam
615 2598 833 2631 conventione
854 2595 1087 2641 qualicumque
1116 2600 1352 2639 praevertere,
1382 2593 1564 2628 securitate

135 2639 267 2673 vivendi
288 2652 491 2675 nummorum
510 2643 675 2687 impendio
697 2642 898 2676 redimenda.
942 2641 1086 2675 Meleam
1106 2650 1239 2686 quoque
1259 2651 1368 2674 arcem
1391 2639 1449 2683 qui
1470 2642 1565 2671 tene-

138 2684 223 2718 bant
242 2686 368 2728 nostri,
398 2686 522 2722 vicinia
550 2688 767 2722 barbarorum
796 2698 916 2732 aspere
940 2683 1196 2730 premebantur,
1226 2685 1375 2730 plurimis
1396 2694 1508 2718 eorum
1531 2682 1567 2722 in

139 2728 290 2773 proximo
310 2730 473 2767 stationes
491 2732 709 2768 habentibus:
731 2731 791 2768 sed
813 2731 902 2778 qnod
924 2730 992 2766 illic
1014 2733 1089 2765 erat
1109 2730 1212 2765 robur
1231 2730 1366 2765 militiae
1390 2729 1568 2771 Romanae,
