1820 3112
193 162 287 210 146
613 162 850 207 GEORGII
882 161 1239 208 PACHYMERIS

189 272 405 320 κινδυνεύει
437 277 496 333 τῷ
523 271 725 328 πτώματι.
798 271 973 333 τετάρτῃ
1004 276 1048 319 δὲ
1075 276 1143 318 καὶ
1165 271 1316 333 δεκάτῃ
1337 275 1465 331 μηνός
1481 275 1664 334 Ἐλαφη-

188 349 386 400 βολιῶνος
417 342 438 386 ὃ
467 346 722 399 προβληθεὶς
765 346 863 402 πεζῇ
896 342 1204 399 καταλαμβάνει
1244 344 1292 387 τὸ
1319 349 1436 388 θεῖον
1470 346 1662 399 τέμενος,

187 414 332 470 μικρὸν
353 413 392 455 δ’
415 411 586 467 ὕστερον
607 415 673 455 καὶ
692 421 995 469 χειροτονεῖται.
1064 416 1215 468 γίνεται
1234 414 1279 456 δὲ
1296 415 1362 456 καὶ
1379 412 1472 457 τότε
1493 422 1663 469 σημεῖον

188 480 388 538 σύνηθες·
425 484 616 535 νηνεμίας
635 482 714 538 γὰρ
743 482 870 536 οὔσης
896 482 972 531 τὰς
998 482 1100 538 πρὸς
1129 486 1187 539 τῷ
1211 471 1429 541 στασειδίῳ
1457 499 1663 539 φωταγω-

186 552 284 608 γούς
312 551 439 605 μέσον
466 552 509 592 ἐκ
530 555 612 593 τῶν
640 551 744 593 κατὰ
775 549 921 594 κύκλον
947 552 1278 608 ἁπῃωρημένων,
1317 550 1367 601 ἃς
1390 555 1472 601 πᾶς
1499 569 1561 602 τις
1579 557 1698 604 τῶνᾶ

189 622 231 663 ἓν
254 618 391 677 κλήρῳ
421 619 486 661 ἐπ’
520 621 668 677 ἐκβολῇ
690 617 947 676 πατριάρχου
974 627 1142 674 σημεῖον
1166 618 1267 674 εἶχεν
1293 618 1400 678 (ἅμα
1419 621 1499 675 γὰρ
1517 621 1667 668 ἐκεῖναι,

143 695 173 730 Β
197 689 448 743 τελουμένων
471 692 553 731 τῶν
574 687 714 742 ὕμνων
736 690 912 732 ἐσείοντο
923 722 936 742 ,
973 691 1039 731 καὶ
1064 688 1085 732 ὃ
1108 689 1273 742 βλέπων
1293 690 1465 744 ἐκβολὴν
1483 687 1664 733 κατενόει

186 762 263 801 τοῦ
287 756 379 800 τότε
400 755 773 813 πατριαρχεύοντος
789 772 799 782 ·
837 759 903 800 καὶ
929 758 1063 814 γέγονε
1094 763 1228 800 ταῦτα
1251 757 1318 800 ἐπ’
1345 757 1539 816 Ἀρσενίῳ
1554 761 1598 802 Γ
1593 776 1663 816 ερ-

185 831 303 885 μανῷ
332 826 484 882 Ἰωσὴφ
517 824 687 884 Ἰωάννῃ
714 828 781 868 καὶ
815 825 1071 884 Γρηγορίῳ),
1120 824 1277 876 ταύτας
1313 825 1407 870 τότε
1452 827 1663 880 ξυνέβαινε

185 897 382 938 σείεσθαι.
455 896 521 937 καὶ
553 899 719 945 πολλοῖς
744 895 964 949 βλέπουσιν
994 893 1205 951 ἐξητάζετο
1238 895 1285 938 τὸ
1314 893 1581 949 τελούμενον,
1625 898 1661 939 εἶ
1673 909 1719 944 10

187 967 253 1007 καὶ
272 964 330 1018 μὴ
356 966 397 1012 ἐς
417 968 626 1020 προῦπτον
647 965 848 1017 βασιλέως
870 963 1048 1014 ἑστῶτος
1079 962 1419 1008 διεπυνθάνοντο.
1491 962 1547 1014 ὥς
1565 964 1607 1008 δ’
1637 963 1659 1008 ὃ

184 1031 437 1088 Καράκαλος
463 1034 740 1088 Νικομηδείας
770 1033 842 1076 τὸν
881 1034 997 1088 ζυγὸν
1029 1038 1104 1075 τοῦ
1126 1031 1243 1089 ἁγίου
1266 1032 1496 1089 εὐαγγελίου
1514 1035 1665 1086 ἐτίθει,

186 1104 253 1144 καὶ
274 1101 353 1157 ἤδη
375 1102 446 1144 τὸν
469 1106 586 1144 θεῖον
605 1106 791 1145 θεᾶσθαι
810 1102 997 1157 χρησμὸν
1018 1101 1185 1156 ἔμελλον
1206 1102 1398 1161 (φέρουσι
1419 1100 1498 1158 γάρ
1521 1119 1561 1145 τι
1582 1102 1662 1146 κάκ

135 1176 166 1210 C
190 1169 348 1214 τούτων
372 1171 434 1212 ἐπὶ
455 1178 542 1221 τοῖς
563 1172 819 1224 τελουμένοις
842 1171 881 1214 οἱ
897 1173 1041 1214 πολλοὶ
1056 1173 1234 1224 πίστεις,
1269 1170 1346 1213 κᾶν
1362 1170 1438 1214 οὐκ
1458 1171 1660 1227 ἀναγκαία

180 1238 206 1295 ἦ
231 1237 517 1296 ε’πισήμανσις)
535 1272 546 1291 ,
582 1240 630 1283 τὸ
656 1242 711 1290 εἷς
742 1239 908 1283 κόλασιν
936 1238 1159 1297 ἀπόφημον
1183 1241 1225 1282 ἔν
1245 1244 1304 1299 τῷ
1323 1240 1418 1298 ἱερῷ
1439 1239 1656 1298 εὐαγγελίῳ
1670 1250 1719 1287 15,

182 1309 454 1365 ἓνεφανίζειο·
486 1309 533 1352 τὸ
567 1309 612 1352 δ’
649 1328 700 1363 ην
731 1313 822 1368 (ςτῷ
854 1307 1037 1368 διαβόλῳ
1063 1311 1131 1352 καὶ
1161 1316 1248 1358 τοῖς
1283 1308 1464 1365 ἀγγέλοις
1484 1309 1645 1353 αὗτοῦ.’

180 1396 215 1419 ω
237 1378 288 1433 δὴ
311 1380 378 1420 καὶ
401 1376 693 1464 προσαλγήσας
723 1383 887 1434 πρῶτος
906 1377 1042 1422 ιιῖοὺνε
1023 1396 1044 1420 ο
1067 1378 1282 1428 Νικαίας
1264 1382 1451 1433 {napata
1471 1375 1661 1421 καθόσον

182 1442 231 1501 ἦν
257 1445 575 1503 συγκαλύπτειν,
601 1449 668 1490 καὶ
688 1446 980 1502 μεταλλάττων
1000 1447 1054 1490 τὰ
1084 1451 1156 1502 τῆς
1172 1449 1322 1502 βίβλου
1342 1444 1481 1504 φύλλα
1498 1446 1661 1505 καρπὸν,

180 1599 262 1622 casu
295 1591 348 1622 est
378 1588 603 1634 periclitatus.
650 1591 776 1635 quarta
806 1600 909 1634 porro
943 1591 979 1623 et
1002 1589 1133 1622 decima
1156 1588 1213 1623 (lie
1242 1588 1366 1622 mensis
1391 1587 1552 1622 Octobris
1573 1599 1656 1634 pro-

178 1640 288 1669 motus
319 1635 386 1669 iam
417 1635 616 1680 patriarcha.
645 1636 751 1682 pedes
782 1647 820 1670 se
853 1635 996 1669 contulit
1029 1635 1074 1669 ad
1096 1635 1243 1669 divinum
1266 1636 1447 1680 templum,
1477 1645 1519 1669 ac
1551 1634 1665 1680 paulo

178 1685 258 1726 post
281 1686 336 1715 est
358 1682 547 1718 ordinatus,
593 1682 627 1716 in
652 1693 693 1715 ea
716 1681 889 1716 functione
912 1682 1158 1726 deprehensum
1181 1681 1315 1715 solitum
1338 1681 1472 1725 signum
1494 1682 1561 1722 est,
1585 1691 1654 1725 quo

176 1729 408 1761 declararetur
430 1728 518 1761 hunc
542 1729 769 1772 patriarcham
803 1732 884 1761 ante
916 1734 1056 1761 mortem
1078 1729 1200 1762 throno
1224 1727 1485 1761 deturbandum.
1529 1726 1655 1760 etenim

175 1773 290 1818 quieto
315 1774 409 1807 coelo
433 1774 601 1819 nullisque
633 1777 746 1808 aerem
770 1774 879 1808 ventis
903 1773 1090 1816 cientibus,
1126 1775 1297 1808 fenestrae
1328 1785 1418 1818 quae
1449 1783 1493 1806 ex
1525 1772 1655 1807 circum

174 1830 238 1864 per
260 1831 379 1864 gyrum
404 1820 474 1854 alte
496 1820 668 1866 dispositis
692 1821 799 1855 sedile
822 1820 1019 1865 inaugurati
1038 1831 1185 1865 superne
1206 1820 1420 1873 spectabant,
1436 1819 1517 1853 dum
1539 1817 1655 1863 hymni

174 1865 265 1899 sacti
288 1866 549 1911 complerentur,
564 1872 687 1912 sponte
709 1878 895 1900 concussae
916 1872 1006 1900 suut.
1045 1867 1277 1900 observabant
1298 1866 1432 1900 curiose
1455 1866 1520 1899 hoc
1542 1865 1656 1910 ipsum

175 1923 219 1945 an
243 1912 344 1946 fieret
367 1913 481 1946 clerici
502 1924 638 1954 omnes3
663 1924 824 1958 quorum,
849 1912 908 1947 ubi
929 1924 967 1946 re
989 1924 1072 1946 vera
1095 1912 1146 1946 sic
1178 1913 1306 1946 factum
1328 1911 1655 1952 animadverterunt,

175 1968 271 1991 nemo
304 1958 473 1993 dubitavit
502 1959 584 2005 quin
618 1962 653 1992 et
687 1960 741 1993 hic
775 1958 979 1993 Athanasius
1009 1958 1216 1992 deiiciendus
1247 1958 1331 1992 sede
1352 1959 1444 1992 foret
1465 1958 1578 1992 adhuc
1598 1957 1655 1992 vi-

173 2015 279 2045 vens,
309 2004 511 2050 minimeque
541 2005 766 2060 perducturus
792 2005 835 2039 ad
859 2005 1020 2039 tumulum
1053 2004 1315 2058 patriarchalem
1346 2004 1559 2049 dignitatem.
1603 2002 1653 2039 sic

173 2049 301 2094 quippe
325 2051 545 2085 meminerant
566 2051 833 2096 praeindicatam
854 2051 995 2085 similem
1018 2052 1189 2084 fortunam
1210 2050 1245 2084 in
1268 2050 1536 2085 ordinationibus
1550 2049 1654 2104 quin-

174 2106 242 2148 que
264 2101 358 2129 retro
383 2098 672 2141 paniarcharum,
699 2097 852 2140 Arsenii,
877 2097 1051 2136 Germani,
1075 2097 1224 2142 ΙοεεΡΙιί,
1247 2097 1382 2131 loannis
1404 2102 1442 2131 et
1465 2095 1652 2141 Gregorii·
1639 2119 1659 2138 ,-

171 2140 330 2185 quibus
321 2153 353 2174 ιιι
378 2144 510 2176 cunctis
532 2156 629 2177 omen
652 2150 774 2189 sponte
796 2147 975 2185 motarum,
999 2144 1077 2177 dum
1095 2143 1392 2188 inaugurarentur‚
1413 2142 1652 2177 imminentium

173 2186 248 2220 sedi
271 2189 495 2222 fenestrarum
530 2193 647 2224 secuta
682 2190 803 2224 deinde
835 2201 895 2224 suo
927 2196 1082 2235 tempore
1109 2190 1260 2235 ipsorum
1293 2201 1313 2223 e
1345 2190 1467 2223 throno
1497 2187 1652 2234 expulsio

170 2232 359 2274 sanxisset,
395 2245 436 2266 ac
459 2239 568 2268 ratum
593 2248 778 2280 verumque
800 2247 865 2270 nec
884 2239 1013 2270 temere
1038 2239 1213 2281 captatum
1245 2235 1350 2269 fuisse
1371 2235 1650 2268 demonstrasset.

172 2283 254 2312 tunc
275 2279 381 2334 igitur
404 2281 497 2313 fores
519 2293 561 2314 ac
584 2284 776 2325 specularia
796 2284 1022 2316 fenestrarum
1044 2282 1187 2324 illarum,
1214 2280 1396 2326 tranquillo
1417 2280 1498 2314 licet
1522 2291 1542 2314 a
1564 2290 1651 2313 ven-

170 2324 216 2357 tis
250 2327 353 2365 aere,
387 2325 520 2359 minime
561 2327 664 2361 dubio
698 2329 759 2361 sed
800 2329 979 2362 multorum
1010 2329 1160 2374 undique
1191 2327 1397 2360 intentorum
1427 2325 1658 2360 eonem-dibus*

171 2372 368 2415 aspectibus
397 2371 488 2406 clare
519 2372 654 2414 signato
685 2386 850 2408 concussa
879 2381 972 2408 motu
993 2379 1083 2408 sunt.
1132 2373 1302 2417 soliusque
1323 2371 1515 2416 praesentis
1535 2371 1649 2417 impe-

170 2416 297 2450 ratoris
321 2418 515 2451 reverentia
537 2418 671 2462 linguas
693 2421 813 2461 tenuit,
837 2432 879 2453 ne
903 2421 992 2464 quod
1015 2419 1102 2454 oculi
1125 2419 1310 2459 vidissent,
1339 2417 1481 2451 invicem
1503 2429 1650 2462 percon-

170 2467 328 2496 tarentur
359 2468 395 2497 et
427 2463 630 2498 indicarent.
677 2470 715 2498 ut
749 2473 861 2499 autern
886 2465 1073 2499 Caracalus
1097 2463 1369 2498 Nicomediensis
1399 2463 1515 2517 iugum
1538 2463 1650 2498 sancti

171 2509 338 2552 evangelii
362 2510 485 2554 posuit,
512 2514 547 2543 et
570 2511 636 2543 iam
660 2511 764 2544 vismi
788 2523 902 2545 omnes
925 2517 1040 2544 essent
1063 2510 1224 2550 (li-vinam,
1238 2521 1328 2554 qnae
1350 2520 1397 2543 ex
1418 2509 1563 2554 primum
1586 2510 1648 2544 ob-

171 2553 228 2588 xio
250 2555 327 2590 libri
351 2555 441 2589 sacri
465 2567 567 2590 versu
590 2556 738 2595 ducitur
761 2557 868 2590 futuri
891 2556 1181 2601 praesagitionem
1205 2556 1301 2600 (nam
1325 2555 1403 2589 hinc
1424 2566 1562 2601 quoque
1584 2567 1648 2590 au-

171 2600 304 2645 gurium
326 2600 361 2635 in
384 2608 511 2636 sortem
535 2603 768 2646 fortunamque
789 2602 985 2646 inaugurati
1010 2603 1187 2636 multorum
1209 2601 1392 2635 credulitas
1414 2601 1540 2642 trahit,
1565 2602 1649 2637 licet

170 2658 236 2680 non
259 2647 307 2682 sit
327 2648 522 2682 necessario
545 2660 619 2682 cum
652 2651 776 2681 eventu
799 2660 950 2682 connexa
984 2647 1052 2682 ista
1076 2647 1383 2701 praesignificatio)
1414 2647 1649 2692 inauspicatae

169 2693 364 2736 mentionis,
385 2694 515 2740 quippe
536 2694 735 2740 supplicium
760 2705 954 2739 poenasque
977 2694 1210 2728 damnatorum
1230 2693 1393 2736 innuens,
1415 2694 1590 2729 sententia
1609 2694 1647 2728 in

168 2750 268 2774 sacro
292 2741 455 2795 apparuit
475 2741 676 2785 evangelio,
700 2741 752 2774 his
775 2751 940 2787 expressa
961 2740 1103 2774 vocibus
1130 2739 1297 2774 “diabolo
1321 2744 1358 2774 et
1380 2739 1511 2784 angelis
1534 2739 1634 2774 eius-⁹

167 2786 259 2830 quod
282 2786 478 2821 abominans
498 2786 558 2832 qui
580 2786 707 2842 primus
729 2786 818 2820 vidit.
840 2786 1057 2840 Nicaeensis,
1088 2790 1230 2820 conatus
1264 2790 1318 2819 est
1349 2790 1513 2831 quantum
1534 2785 1648 2840 potuit

130 2861 135 2866 ι
166 2833 390 2876 abscondere,
412 2838 448 2869 et
469 2833 614 2868 inversis
637 2833 716 2869 libri
738 2832 830 2868 foliis
852 2833 954 2869 aliam
974 2832 1133 2879 paginam
1155 2832 1306 2879 aperuit,
1329 2843 1372 2867 ex
1393 2844 1464 2879 qua
1485 2833 1551 2867 hoc
1571 2830 1647 2878 pri·
