1820 3112
189 169 254 216 84
611 163 848 209 GEORGII
881 162 1236 206 PACHYMERIS

187 279 489 336 θαυμάζουσιν.
560 277 582 321 ὃ
612 278 751 332 μέντοι
783 294 827 334 γε
856 276 1052 330 βασιλεὺς
1087 275 1192 333 πρὸς
1224 275 1300 330 τὴν
1336 279 1412 331 τῆς
1448 275 1664 331 ἐκκλησίας

189 351 295 401 ὅλως
314 350 484 406 ἀφορῶν
505 345 667 403 εῗρήνην
678 380 692 399 ,
729 345 784 396 ὥς
803 346 901 395 τοὺς
921 344 1106 402 δρῶντας
1124 342 1339 396 πιστεύειν,
1365 349 1663 398 προκαταλαμ-

186 418 327 474 βάνων
352 419 397 460 δὲ
420 418 486 459 καὶ
506 416 603 466 τούς
624 415 775 465 ἄλλους
797 416 986 458 ἐντεῦθεν
1017 413 1084 469 (τὸ
1103 413 1181 469 γὰρ
1203 415 1344 470 σφίσιν
1367 412 1535 469 ἰσχυρὸν
1555 430 1660 469 προ-

186 485 415 542 τεινόμενον
446 484 473 541 ἡ
503 486 639 540 ἓξοριά
662 489 736 527 τοῦ
765 481 1021 541 πατριάρχου
1056 478 1132 538 ἦν,
1169 481 1228 524 δι’
1267 481 1316 536 ἣν
1335 479 1539 537 ὑπήγοντο
1561 481 1660 532 τούς

187 556 340 605 ἅλλους
362 555 512 603 ἀδίκως
530 553 853 607 ἐκβεβλημένου,
893 552 914 595 ὃ
935 552 984 607 δὴ
1006 554 1072 594 καὶ
1097 550 1439 606 προαναστέλλων
1458 547 1693 604 ἠβούλετοό

186 629 246 684 τῷ
275 624 380 681 πρὸς
409 622 539 665 αὐτοῦ
574 624 639 664 καὶ
662 626 744 664 τῶν
767 621 897 663 αὐτοῦ
917 621 992 676 τὴν
1019 622 1062 662 ἐκ
1084 624 1158 674 τῆς
1186 620 1463 674 μετακομιὸῆς
1482 623 1556 661 τοῦ
1576 611 1660 662 σώ-

136 702 167 736 C
189 710 322 749 ματος
341 692 463 746 τιμὴν
481 689 709 747 γίνεσθαι),
749 694 1004 746 παραχρῆμα
1023 687 1126 732 νεύει
1143 688 1246 745 πρὸς
1266 688 1340 743 τὴν
1361 687 1540 738 ἀξίωσιν.
1607 682 1661 742 ἦν

187 764 233 805 δὲ
251 759 379 817 μόνον
405 762 460 809 εἷς
482 763 604 802 τοῦτο
624 764 682 816 τῷ
711 763 875 811 βασιλεῖ
898 755 1222 814 προσιστάμενον
1251 757 1298 799 τὸ
1319 754 1486 813 φθάσαι
1507 759 1662 812 λεχθῆ-

187 849 254 875 ναι
275 827 390 885 παρά
418 845 543 871 τινων
568 826 623 877 ὥς
641 827 874 884 ιῖφορισμός
893 828 1086 870 ἐπίκειται
1105 825 1210 881 παρ’
1237 826 1388 868 ἐκείνου
1411 832 1496 875 τοῖς
1516 822 1660 879 ὄτεδῆ-

185 916 283 942 ποτε
318 898 366 941 τὸ
395 901 519 950 σῶμα
550 897 895 951 μετακομίσουσι,
945 895 1047 951 παρ’
1082 893 1104 937 ὃ
1131 896 1197 936 καὶ
1216 892 1344 948 μόνον
1367 894 1527 948 ἕτοιμος
1545 889 1596 949 ἧν
1615 894 1659 936 ἐκ
1673 905 1716 939 1ο

187 972 263 1011 τοῦ
286 970 542 1022 παραχρῆμα
572 969 622 1022 τῇ
654 969 871 1021 καταγωγῇ
902 969 976 1007 τοῦ
1003 962 1198 1018 σώματος
1217 963 1288 1005 τὸν
1307 963 1575 1019 ἐξορισθέντα
1597 979 1660 1004 τι-

185 1041 284 1092 μᾶν.
331 1036 415 1077 ἐπεὶ
435 1035 479 1076 δὲ
498 1039 622 1077 τοῦτο
641 1033 753 1090 παρὰ
776 1038 859 1075 τῶν
879 1031 1047 1076 εῗόότων
1069 1033 1222 1087 ἐλέγετο
1245 1030 1301 1081 ὥς
1319 1034 1487 1085 ψευδῶς
1509 1031 1659 1086 ἐλέχθη

186 1106 253 1147 καὶ
274 1102 330 1154 ὦς
350 1101 541 1157 ἐπλάσθη
564 1102 678 1158 παρὰ
705 1106 779 1144 τοῦ
801 1106 999 1157 μαθητοῦ
1029 1102 1179 1143 ἐκείνου
1203 1103 1440 1143 Ματθαίου
1460 1100 1509 1142 τὸ
1530 1117 1661 1156 φημι-

185 1171 353 1227 ζόμενον
366 1205 379 1224 ,
412 1176 470 1230 τῷ
491 1169 606 1229 τόπῳ
637 1170 876 1226 προσμένειν
899 1170 1003 1225 μετὰ
1034 1174 1110 1213 τοῦ
1129 1167 1323 1222 σώματος
1342 1169 1562 1220 θέλοντος,
1590 1167 1659 1210 εὐ-

184 1242 270 1292 θὺς
290 1243 639 1294 ταχυναυτοῦντες
664 1239 705 1282 ἓν
726 1237 858 1294 ἕνήρει
882 1240 920 1282 οἱ
945 1239 1051 1295 ἀμφὶ
1073 1238 1144 1281 τὸν
1168 1235 1469 1294 Μανουηλίτην
1489 1235 1656 1281 Θεόὸω-
1670 1245 1713 1281 15

61 1324 90 1359 Ρ
114 1323 159 1359 53
185 1328 257 1365 ρον
275 1308 567 1364 ἡτοιμάζοντο·
605 1307 714 1362 οἳὸὴ
735 1310 801 1350 καὶ
825 1306 984 1363 ἦμεριῖιν
1009 1308 1153 1361 ὀλίγων
1171 1305 1252 1349 ὑπὸ
1273 1305 1539 1364 προσηκούσῃ
1560 1310 1658 1363 τιμῇ

182 1381 250 1422 καὶ
270 1380 384 1421 αῗδοΐ
402 1378 496 1437 ἀξίᾳ
519 1377 613 1431 μετ’
639 1376 830 1426 εὐπλοίας
851 1375 988 1430 πάσης
1007 1376 1082 1431 τὴν
1102 1378 1421 1418 Κωνσταντίνου
1443 1379 1659 1429 καταλαμ-

179 1445 371 1504 βάνουσι.
439 1448 505 1488 καὶ
525 1443 616 1488 τότε
636 1446 868 1500 ξυνέρχεται
889 1446 964 1499 μὲν
985 1445 1180 1498 βασιλεὺς
1201 1444 1274 1495 ‘gine
1294 1442 1408 1502 πάσῃ
1427 1442 1656 1501 συγκλήτῳ,

182 1516 417 1573 συνέρχεται
441 1515 486 1557 δὲ
512 1512 770 1572 πατριάρχης
798 1512 952 1568 συνάμ’
980 1513 1230 1570 ἀρχιερεῦσι,
1265 1515 1332 1556 καὶ
1354 1518 1437 1556 τῶν
1455 1515 1658 1569 κληρικῶν

184 1584 273 1628 ὅσοι
304 1583 399 1638 μετ’
433 1582 581 1626 ἐκεῖνον
617 1582 848 1639 εἶρῆνευον,
894 1584 960 1625 καὶ
987 1582 1087 1632 λαὸς
1119 1581 1230 1632 ἅπας
1258 1586 1333 1638 τῆς
1353 1583 1582 1635 πολιτείας,
1619 1579 1714 1624 οἶὲο

182 1715 311 1749 cultate
342 1713 458 1748 dolose
487 1713 631 1747 latentia
663 1713 870 1757 captabant,
904 1724 978 1746 cum
1010 1713 1097 1747 hanc
1119 1725 1183 1759 per
1207 1724 1287 1748 suos
1309 1714 1353 1748 ab
1377 1712 1567 1747 Andronico
1589 1723 1657 1758 po-

180 1758 370 1803 stularent,
392 1759 452 1805 qui
475 1765 588 1794 tamen
611 1765 883 1805 praeoccupatus
918 1759 1029 1793 studio
1058 1759 1187 1804 ingenti
1212 1759 1444 1804 pacificandae
1467 1759 1658 1804 quomodo-

181 1818 326 1852 cumque
357 1805 543 1847 ecclesiae,
578 1809 613 1839 et
644 1805 778 1838 illectus
810 1816 872 1850 spe
908 1805 1105 1839 blandiente
1127 1817 1164 1839 se
1189 1817 1250 1850 per
1271 1805 1370 1839 istam
1393 1804 1657 1848 concessionem,

180 1853 284 1895 nulli,
318 1856 359 1886 ut
379 1852 584 1893 videbatur,
615 1851 794 1885 admodum
826 1851 878 1885 rei
904 1851 1118 1893 damnosam,
1149 1855 1399 1885 exarmaturum
1421 1861 1552 1885 omnem
1575 1849 1659 1884 reli-

177 1910 279 1944 quam
310 1898 383 1932 eius
413 1903 531 1932 sectae
561 1897 827 1939 contumaciam,
865 1902 902 1931 et
934 1897 1137 1931 Arsanianos
1169 1901 1236 1931 iam
1269 1900 1466 1939 universos,
1501 1896 1658 1930 delinitos

181 1944 274 1978 inani
297 1944 424 1978 honore
447 1943 630 1978 celebrium
654 1942 874 1988 exequiarum
899 1942 974 1977 eius
997 1955 1018 1977 a
1043 1955 1109 1988 quo
1133 1955 1253 1977 nomen
1278 1943 1463 1986 ducerent,
1495 1942 1598 1988 plane
1618 1952 1657 1976 se

180 1990 374 2024 habiturum
397 1989 432 2024 in
454 1993 639 2035 potestate,
662 1989 987 2034 coniuncturumque
1009 2001 1071 2034 pro
1095 1995 1175 2023 voto
1199 1989 1358 2031 caeteris,
1379 1989 1483 2024 facile
1506 1999 1657 2023 annuens

180 2035 378 2081 permittere
411 2047 449 2069 se
481 2035 737 2070 translationem
766 2035 871 2078 dixit,
904 2047 979 2069 cum
1009 2047 1050 2069 eo
1082 2039 1216 2077 tamen,
1251 2035 1282 2069 si
1305 2036 1400 2080 prius
1423 2035 1657 2069 declararetur

178 2092 298 2116 verum
321 2092 387 2114 non
411 2093 487 2115 esse
510 2082 600 2127 quod
632 2081 738 2127 aliqui
761 2080 959 2123 iactabant,
989 2081 1141 2116 vetuisse
1176 2082 1373 2123 Arsenium,
1405 2087 1590 2127 antequam
1618 2080 1656 2114 in

178 2127 393 2161 Proconneso
416 2127 505 2161 diem
529 2139 624 2161 suum
648 2128 779 2169 obiret,
805 2138 848 2161 ne
871 2139 967 2161 suum
990 2138 1148 2172 umquam
1177 2127 1226 2161 ibi
1262 2128 1387 2162 mortui
1419 2138 1543 2172 corpus
1574 2125 1656 2160 inde

176 2172 366 2214 tolleretur,
389 2184 430 2206 ac
454 2174 482 2206 si
506 2174 582 2218 quis
605 2173 642 2206 id
667 2173 733 2208 alio
757 2174 946 2207 transferre
971 2176 1188 2215 attentasset,
1215 2173 1550 2208 excommunicationi
1571 2172 1655 2206 sub-

174 2219 317 2252 iaceret.
363 2230 479 2252 verum
503 2219 605 2252 istam
630 2219 719 2252 haud
743 2219 929 2253 difficulter
943 2219 1119 2253 Arseniani
1142 2220 1375 2265 exceptionem
1398 2220 1655 2258 submoverunt,

174 2263 335 2298 adhibitis
358 2264 410 2297 rei
433 2264 576 2298 consciis
599 2265 746 2298 testibus
769 2265 901 2299 idoneis
925 2266 1110 2311 probantes
1139 2266 1230 2300 haud
1254 2276 1410 2311 umquam
1433 2265 1503 2298 tale
1526 2263 1654 2308 aliquid

177 2310 221 2344 ab
245 2309 390 2344 Arsenio
415 2310 560 2343 vetitum
583 2310 638 2344 vel
663 2310 762 2344 minis
784 2311 1008 2345 anathematis
1031 2312 1215 2352 sancitum,
1247 2311 1307 2346 sed
1340 2311 1457 2344 fictum
1492 2319 1568 2343 eum
1591 2319 1654 2342 ru·-

176 2365 302 2389 morem
326 2366 348 2388 a
364 2355 539 2389 Matthaeo
563 2356 707 2400 quodam
732 2356 896 2401 discipulo
920 2357 1037 2402 ipsius,
1061 2357 1121 2403 qui
1144 2369 1218 2391 cum
1242 2368 1351 2402 prope
1373 2355 1566 2400 sepulcrum
1590 2365 1655 2399 pa·

178 2400 351 2435 triarchae
374 2401 521 2434 statione
543 2402 608 2435 sibi
633 2402 808 2435 commoda
830 2407 987 2447 perstare
1010 2404 1044 2436 in
1067 2407 1174 2437 totam
1198 2403 1302 2436 vitam
1326 2406 1478 2446 cuperet,
1503 2412 1580 2435 eam
1602 2400 1656 2434 fa-

178 2446 292 2481 bulam
316 2446 564 2491 excogitaverit
587 2449 622 2481 et
643 2447 811 2491 sparserit
834 2454 1039 2492 quaestuoso
1063 2448 1129 2493 ipsi
1153 2448 1214 2482 sed
1236 2447 1432 2482 inanissimo
1455 2451 1655 2481 commento.

178 2492 231 2527 his
253 2492 306 2526 ita
329 2492 523 2535 declaratis,
545 2492 646 2537 pleno
670 2493 737 2526 iam
761 2493 797 2526 in
820 2504 892 2526 rem
916 2494 982 2527 sibi
1009 2494 1254 2538 optatissimam
1277 2493 1491 2538 imperatoris
1513 2503 1656 2526 assensu

179 2537 280 2573 avide
302 2537 504 2572 Arseniatae
536 2543 695 2583 arrepto,
727 2539 914 2582 expediunt
944 2545 1084 2573 strenue
1115 2551 1190 2572 cum
1220 2539 1481 2573 instructissima
1512 2537 1655 2582 remigio

180 2583 312 2619 triremi
335 2585 553 2618 Theodorum
577 2583 797 2618 Manuelitem
820 2583 854 2617 in
877 2585 1144 2626 Proconnesum;
1177 2584 1235 2630 qui
1255 2585 1373 2630 paucis
1396 2585 1536 2626 diebus,
1557 2583 1657 2618 navi-

179 2629 319 2675 gatione
351 2641 434 2664 usus
466 2641 650 2675 prospera,
689 2629 1020 2675 Constantinopolim
1050 2631 1168 2672 rediit,
1202 2631 1329 2665 honore
1363 2642 1405 2664 ac
1433 2630 1655 2665 veneratione

180 2675 418 2710 consentaneis
450 2677 605 2710 referens
639 2675 774 2709 Arsenii
814 2676 945 2710 cineres
978 2687 1124 2720 peregre
1159 2676 1284 2711 dudum
1314 2676 1467 2711 extincti.
1514 2680 1654 2722 praesto

178 2722 247 2755 fuit
281 2722 326 2756 iis
360 2721 569 2766 excipiendis
591 2721 666 2767 ipse
689 2721 834 2766 primum
868 2722 1074 2767 imperator,
1107 2722 1266 2757 universo
1297 2727 1420 2757 senatu
1451 2723 1655 2763 comitantez

178 2768 335 2802 convenit
367 2767 411 2802 ad
442 2767 478 2802 id
509 2767 618 2813 ipsum
651 2767 848 2813 patriarcha
879 2779 954 2802 cum
985 2768 1155 2813 episcopis
1186 2772 1222 2803 et
1251 2770 1384 2803 cunctis
1408 2768 1563 2811 clericis,
1593 2768 1656 2814 qui

176 2813 275 2847 huius
298 2813 561 2849 communionem
583 2813 887 2860 amplectebantur,
903 2814 1050 2860 populus
1068 2825 1203 2861 quoque
1226 2825 1267 2849 ac
1290 2815 1383 2850 cives
1405 2814 1507 2860 plane
1523 2824 1653 2859 omnes,
