1858 3126
239 159 338 207 346
659 160 896 205 GEORGII
929 162 1287 210 PACHYMERIS

236 274 426 329 βεβαίαις
444 279 535 324 ταῖς
557 273 713 318 ἐλπίσιν
734 274 887 332 ὥρμει,
927 275 1004 334 εἷ’γε
1027 277 1134 321 κατὰ
1155 277 1386 336 συγγένειαν
1406 280 1713 338 συνεγγίζοντες,

239 344 368 387 ταύτὸ
402 344 447 386 δὲ
475 347 600 387 τοῦτο
629 346 697 387 καὶ
724 352 813 396 τοῖς
840 343 1004 400 τόποις,
1045 345 1066 390 ὁ
1099 348 1175 403 μὲν
1204 353 1370 403 βασιλεῖ
1382 348 1588 394 δουλεύων
1609 368 1717 408 προ·-

239 420 373 456 νοοῖτο
398 410 635 467 Ῥωμαίων,
675 412 696 457 ὃ
730 415 776 457 δὲ
798 414 845 459 τὸ
878 417 1005 471 κῆδος
1034 418 1101 459 καὶ
1126 417 1202 467 τὰς
1222 418 1447 469 συνθεσίας
1474 415 1716 474 αἰδούμενος

238 479 513 525 ἆνακόπτοιτο
541 482 616 532 τὰς
648 481 794 540 ὁρμάς.
865 485 905 528 οἳ
937 485 1003 538 δέ,
1041 483 1063 528 ὃ
1083 486 1158 540 μὲν
1177 489 1234 537 εἷς
1258 485 1423 544 εἰρήνην
1454 485 1608 544 ἓνοῖγων
1625 487 1648 532 ὃ
1670 489 1716 532 δὲ

185 561 215 596 Β
240 549 534 606 σπενδόμενος,
585 550 697 607 ὅμως
725 553 773 596 τὸ
807 557 891 597 τῶν
916 552 1172 611 προσχώρων
1205 557 1418 613 συμφέρον
1449 556 1525 600 οὐκ
1551 556 1748 612 ἤνυτον.5

237 624 397 676 μᾶλλον
423 621 498 676 μὲν
528 616 602 664 οὖν
639 621 710 665 διὰ
742 626 877 666 ταῦτα
908 625 1045 668 αἰτίαν
1077 626 1145 667 καὶ
1169 623 1399 683 ἀμφότεροι
1421 625 1717 682 ἀπηνέγκαντο,

237 688 259 734 ὃ
290 690 366 744 μὲν
394 688 775 747 παρασπονδήσεως
803 696 879 748 τῆς
908 693 1012 749 πρὸς
1043 694 1241 748 βασιλέα,
1284 693 1305 738 ὁ
1333 695 1378 738 δὲ
1415 696 1611 746 δυσνοίας
1643 699 1721 750 τῆς

236 757 594 817 πρὸςῬωμαίους.
647 761 899 817 περιέρχεται
921 762 1000 819 γὰρ
1021 762 1201 806 ἄλλοθεν
1217 763 1267 807 τὸ
1289 761 1437 808 κακόν·
1471 764 1520 808 τὸ
1539 763 1580 806 δ’
1604 759 1652 819 ἦν
1670 764 1718 807 τὸ

236 830 282 872 ἐκ
314 833 389 872 τοῦ
419 827 627 886 Ἀμούρη,
675 829 803 874 ἄλλου
834 834 1013 888 Περσῶν
1043 837 1305 890 στρατηγοῦ,
1344 832 1390 884 ὃς
1408 835 1477 876 καὶ
1499 832 1719 876 καταθέων

237 899 505 948 Μεσοθινίας
534 896 727 953 συχνάκις
756 899 833 955 τὴν
865 898 1170 955 Σολυμάμπαξι
1184 900 1307 959 χάριν
1322 900 1379 954 ὥς
1400 901 1522 946 οὐδὲν
1540 902 1718 946 ὀνοῦσαν
1733 909 1776 945 10
1841 955 1845 960 ¹

185 979 215 1014 c
241 965 499 1022 ἀπήμβλυνε,
570 968 620 1012 τὸ
649 969 728 1026 γὰρ
756 969 862 1013 κατὰ
892 968 1112 1021 συστάσεις
1143 974 1211 1014 καὶ
1233 973 1348 1022 ῗδίως
1375 971 1482 1015 καθ’
1505 972 1576 1015 ἕνα
1591 968 1721 1027 μάχε-

238 1042 346 1081 σθαι
367 1038 411 1080 ἐκ
441 1041 517 1084 τοῦ
547 1037 606 1093 μὴ
631 1038 702 1081 ἕνα
731 1036 833 1082 εἶναι
859 1039 932 1083 τὸν
953 1038 1194 1096 κυριεύοντα
1215 1036 1266 1097 ἦν
1291 1038 1467 1092 πάντως.
1537 1039 1647 1098 παρ’
1669 1039 1721 1095 ἣν

237 1099 373 1150 αἰτίαν
393 1108 461 1150 καὶ
481 1107 683 1164 δυσχερὴς
711 1112 770 1167 τῷ
800 1112 967 1161 βασιλεῖ
991 1111 1059 1152 καὶ
1081 1110 1228 1165 σχεδὸν
1255 1108 1461 1160 ἀδύνατος
1481 1107 1508 1165 ἦ
1526 1114 1611 1153 τῶν
1633 1110 1722 1152 ἔπι-

236 1173 551 1231 συμβαινόντων
574 1175 800 1234 διόρθωσις
822 1179 1047 1233 ἐνομίζετο,
1084 1183 1160 1222 τοῦ
1188 1180 1263 1233 μὲν
1294 1179 1414 1223 ἔνθεν
1442 1183 1518 1222 τοῦ
1541 1178 1583 1221 δ’
1617 1179 1721 1221 ἐκεῖ-

240 1249 320 1288 θεν
341 1243 588 1302 ὁρμώντων,
627 1247 695 1289 καὶ
724 1247 830 1290 κατὰ
857 1245 1025 1304 γνώμας
1048 1247 1353 1306 διαφερόντων,
1391 1249 1459 1292 καὶ
1477 1247 1579 1298 λαὸν
1598 1245 1722 1303 ἀγόν·
1734 1255 1776 1292 15

239 1332 323 1358 των
357 1313 534 1358 ἑκάστου
565 1315 628 1357 ἐπὶ
660 1321 862 1360 τοσοῦτον
895 1315 1094 1374 ἀγόμενον
1128 1317 1199 1374 ἐφ’
1221 1316 1320 1361 ὅσον
1341 1318 1409 1360 καὶ
1428 1317 1476 1360 τὸ
1497 1317 1720 1374 κερδαίνειν

240 1385 382 1442 σφίσιν
403 1386 447 1428 ἐκ
466 1389 542 1428 τοῦ
564 1389 754 1441 πολεμεῖν
772 1385 905 1430 ἔσοιτο
914 1419 930 1442 ,
969 1388 1004 1430 εἶ
1022 1387 1068 1430 δὲ
1084 1386 1144 1443 μὴ
1164 1386 1326 1430 θέλοιεν
1347 1390 1538 1442 πολεμεῖν
1561 1386 1600 1430 οἳ
1618 1402 1723 1444 προ-

237 1494 476 1540 providentiae
509 1495 715 1541 perexiguus
749 1499 810 1531 aut
840 1497 951 1531 nullus
982 1496 1018 1531 in
1052 1497 1293 1543 rempublicam
1327 1496 1446 1531 extitit
1466 1497 1612 1531 fructus.
1658 1493 1724 1529 etsi

240 1541 327 1574 enim
344 1541 615 1586 Solymampaxis
638 1542 852 1577 matrimonio
876 1543 941 1578 sibi
964 1544 1125 1589 privatim
1149 1544 1226 1577 utili
1247 1544 1394 1577 libenter
1414 1542 1498 1577 inito
1521 1541 1613 1576 haud
1635 1541 1722 1575 invi-

236 1587 343 1621 debat
366 1587 448 1632 quin
471 1587 507 1621 in
532 1588 700 1622 Romanos
729 1600 866 1634 quoque
897 1601 978 1634 pars
1011 1589 1259 1624 commoditatis
1281 1589 1397 1634 aliqua
1420 1599 1463 1622 ex
1487 1600 1528 1622 eo
1552 1587 1722 1621 redunda-

237 1636 304 1674 ret,
329 1633 432 1668 immo
453 1633 555 1668 etiam
571 1634 661 1668 inter
683 1635 804 1669 icenda
820 1640 926 1680 pacta
949 1635 1116 1681 nuptialia
1138 1647 1204 1670 non
1227 1635 1362 1670 dubiam
1386 1645 1482 1680 spem
1503 1635 1637 1668 fecerat
1659 1644 1722 1667 vo·

237 1679 341 1721 leudi,
365 1691 475 1714 novae
498 1681 758 1715 necessitudinis
780 1681 982 1723 occasione,
1007 1682 1188 1716 coniuncte
1210 1682 1373 1727 deinceps
1395 1692 1464 1715 non
1487 1680 1594 1715 solum
1613 1679 1725 1714 anime

239 1726 301 1761 sed
327 1726 429 1761 etiam
459 1725 522 1761 loci
555 1727 814 1773 propinquitate
846 1739 920 1761 cum
946 1727 1150 1773 Cuximpaxi
1173 1728 1312 1770 vivere,
1345 1739 1387 1762 ac
1419 1726 1551 1772 pariter
1583 1737 1659 1760 cum
1682 1736 1724 1760 eo

239 1785 303 1818 pro
328 1784 366 1807 se
390 1784 529 1818 quoque
552 1775 731 1808 consulere
754 1774 900 1808 subditis
923 1774 1159 1820 imperatoris,
1191 1778 1231 1808 ut
1253 1785 1321 1820 quo
1347 1777 1503 1818 tempore
1526 1783 1646 1814 socer,
1680 1782 1724 1806 ex

239 1819 357 1854 officio
380 1819 601 1854 subiectionis
625 1820 738 1866 palam
760 1820 958 1867 imperatori
979 1820 1138 1863 iuratae,
1170 1820 1355 1855 commissis
1377 1820 1422 1854 ab
1445 1830 1487 1854 eo
1509 1818 1577 1854 sibi
1598 1818 1725 1852 Roma-

240 1865 303 1900 nis·
318 1865 545 1911 provideret,
579 1867 699 1901 eodem
730 1866 828 1913 ipse,
858 1878 986 1902 memor
1016 1867 1195 1902 affinitatis
1217 1871 1254 1901 et
1275 1866 1448 1901 reveritus
1470 1864 1725 1900 conventionem

241 1913 393 1955 factam,
425 1912 630 1957 reprimeret
662 1916 807 1959 impetus
828 1914 1053 1949 barbarorum
1075 1913 1337 1959 depraedandae
1359 1912 1631 1957 desolandaeque
1652 1910 1726 1945 Ro-

242 1958 376 1993 maniae
408 1959 673 2002 imminentium,
697 1979 740 1986 —
766 1960 835 1994 etsi
867 1960 976 2003 haec,
1005 1960 1165 2005 inquam,
1196 1958 1468 2004 Solymampaxis
1490 1962 1528 1992 et
1549 1969 1592 1992 ex
1614 1956 1726 1992 auimo

241 2005 442 2050 promisisse
473 2011 508 2040 et
539 2007 629 2041 bona
661 2006 731 2041 fide
763 2011 944 2052 praestare
964 2006 1113 2042 voluisse
1135 2006 1228 2041 visus
1251 2012 1327 2048 est,
1357 2010 1471 2039 tamen
1493 2005 1525 2039 is
1547 2012 1727 2038 successus

241 2051 330 2092 fuit,
356 2056 395 2086 ut
417 2052 509 2098 apud
533 2053 616 2087 nihil
638 2053 716 2087 inde
737 2053 920 2088 levamenti
941 2053 1128 2088 sentientes
1153 2053 1323 2087 Romanos
1344 2051 1484 2086 infamia
1506 2055 1653 2095 uterque
1673 2049 1727 2083 la-

241 2098 401 2139 boraret,
426 2110 525 2132 socer
548 2099 685 2145 quidem
708 2099 926 2145 foedifragae
947 2099 1115 2145 perfidiae
1138 2111 1220 2144 erga
1242 2099 1504 2144 imperatorem,
1535 2106 1642 2142 gener
1663 2105 1727 2130 au-

243 2147 312 2177 tem
343 2144 422 2178 mali
453 2148 557 2190 atque
580 2146 697 2181 infesti
726 2146 830 2181 nihilo
867 2157 957 2181 nunc
980 2146 1089 2181 minus
1112 2158 1213 2192 quam
1237 2150 1341 2180 antea
1361 2145 1397 2179 in
1419 2145 1590 2179 Romanos
1613 2140 1725 2177 anirni.

243 2189 380 2224 aliunde
404 2202 506 2235 porro
531 2194 652 2227 malum
677 2192 867 2236 oriebatur,
891 2204 934 2226 ex
957 2192 1066 2227 altero
1090 2193 1252 2227 videlicet
1275 2192 1362 2226 duce
1381 2191 1564 2225 Persarum
1586 2190 1728 2240 Amara,

244 2235 306 2281 qui
330 2236 460 2270 crebris
484 2241 565 2271 tunc
588 2239 838 2274 incursionibus
860 2239 1102 2274 Mesothiniam
1125 2245 1266 2274 vastans
1287 2237 1434 2282 gratiam
1457 2236 1728 2286 Solymampqxjs

244 2285 283 2316 ut
318 2281 362 2316 ad
395 2282 479 2316 nihil
510 2284 629 2319 utilem
662 2285 697 2319 in
722 2286 843 2321 animis
865 2286 1095 2320 Romanorum
1120 2285 1318 2319 hebetabat.
1365 2294 1408 2317 ea
1429 2281 1556 2327 quippe
1571 2279 1727 2333 ‘conditio

245 2333 327 2363 tunc
350 2339 463 2362 rerum
487 2334 585 2373 erat,
617 2335 657 2365 ut
680 2331 824 2377 quisque
851 2332 973 2366 ducum
995 2332 1136 2367 istorum
1157 2331 1381 2365 barbarorum
1403 2325 1551 2373 propriis
1570 2329 1728 2378 instructi

246 2373 376 2419 copiis,
408 2386 471 2408 nec
494 2375 553 2410 ulli
578 2377 798 2417 communiter
820 2378 988 2423 superiori
1008 2380 1192 2423 parentes,
1226 2387 1290 2411 sua
1311 2374 1379 2410 sibi
1401 2371 1559 2418 privatim
1585 2371 1728 2406 consilia

245 2420 425 2461 haberent,
449 2432 512 2454 nec
534 2422 704 2456 sociorum
720 2423 774 2457 vel
791 2423 980 2459 auctoritas
995 2424 1054 2458 vel
1077 2422 1265 2468 exemplum
1287 2420 1470 2467 quidquam
1492 2417 1585 2464 apud
1607 2428 1729 2463 quem-

245 2466 330 2500 libet
361 2466 513 2511 ipsorum
548 2468 721 2502 obtineret
754 2469 925 2514 ponderis.
971 2481 1072 2515 quam
1104 2470 1147 2503 ob
1177 2478 1313 2502 causam
1342 2465 1490 2499 difficilis
1513 2476 1555 2499 ac
1578 2465 1653 2498 sere
1673 2463 1736 2498 in-

246 2512 432 2558 sperabilis
455 2513 653 2558 imperatori
676 2516 880 2549 censebatur
906 2518 1069 2550 malorum
1092 2521 1174 2549 tnnc
1197 2512 1375 2559 imperium
1397 2510 1643 2552 inundantium,
1665 2520 1728 2555 per

246 2559 347 2594 istam
372 2559 605 2593 conventionis
629 2572 704 2594 cum
728 2561 843 2606 aliquo
868 2572 912 2594 ex
935 2561 1084 2606 satrapis
1107 2562 1217 2602 viam,
1241 2558 1392 2600 curatio,
1424 2557 1543 2603 utique
1566 2568 1643 2591 cum
1665 2567 1728 2590 nec

248 2604 486 2650 comprehendi
508 2617 623 2640 omnes
644 2617 713 2641 una
734 2607 1031 2641 confoederatione
1053 2610 1214 2652 possent,
1247 2609 1286 2639 et
1307 2615 1375 2638 uno
1398 2615 1514 2639 eorum
1536 2608 1597 2638 aut
1619 2602 1729 2637 altero

248 2656 406 2686 cessante
429 2651 487 2686 alii
519 2652 576 2687 vel
608 2652 712 2687 etiam
744 2652 901 2688 licentius
932 2652 1140 2698 uberiusque
1173 2651 1438 2697 praedarentur,
1470 2662 1538 2685 uno
1567 2647 1728 2684 videlicet

245 2698 346 2741 hinc,
382 2697 449 2733 alio
472 2697 553 2733 iude
576 2699 709 2734 aemula
732 2699 944 2742 incessanter
965 2698 1159 2744 rapacitate
1188 2697 1416 2740 inhiantibus,
1446 2695 1588 2731 consilio
1617 2705 1729 2740 usque

249 2743 400 2779 discordi
424 2747 460 2779 et
481 2749 604 2790 parata
627 2757 762 2792 semper
783 2746 960 2781 voluntate
981 2744 1154 2780 contraria
1174 2743 1219 2779 iis
1241 2755 1331 2790 quae
1353 2743 1458 2777 duces
1481 2742 1543 2777 alii
1563 2741 1728 2776 decerne-

250 2796 327 2825 rent
351 2791 526 2837 sequendi.
570 2791 711 2827 militum
744 2795 880 2835 autern,
915 2790 975 2837 qui
1007 2792 1070 2826 sub
1100 2791 1242 2825 istorum
1263 2790 1442 2824 merebant
1464 2788 1594 2833 signis,
1627 2789 1730 2840 parta

251 2848 314 2871 usu
338 2837 479 2874 licentia
500 2843 690 2874 castrorum
713 2838 961 2882 mutandorum,
983 2836 1205 2885 cupidissima
1227 2837 1429 2883 praedarum
1453 2835 1599 2871 aviditas
1620 2834 1729 2868 faue-
