1820 3112
351 175 427 218 DE
463 172 793 218 ANDRONICO
829 173 1206 219 PALAEOLOGO
1243 174 1288 218 L.
1310 173 1384 218 111.
1490 173 1586 221 243

125 289 230 335 ὅπου
250 286 406 344 τύχοιεν
427 287 674 331 ἐπιτίθενται
686 320 699 339 ,
733 284 789 337 ὥς
809 287 877 329 καὶ
899 287 1073 341 συχνοῦς
1093 286 1179 341 ἃμα
1201 284 1420 345 τεθάφθαι
1440 290 1507 331 καὶ
1524 306 1590 345 γε-

123 359 273 403 νέσθαι
299 358 352 401 τὰ
377 354 574 412 μνήματα
607 353 874 412 πολυάνδρια.
957 358 1041 397 τῶν
1084 360 1181 409 γοῦν
1211 357 1421 412 ἐπιφανῶν
1457 355 1589 407 οὕτως

126 424 341 471 ὄλωλότων
357 425 517 482 ἀνδρῶν
535 425 575 467 οἱ
592 422 895 478 ἐλλελειμμένοι,
929 420 1140 475 βάναυσοί
1150 439 1205 464 τιι
1213 441 1251 471 ες
1269 424 1382 475 ὄντες
1400 427 1467 468 καὶ
1487 442 1588 468 σκυ-

123 493 294 550 τοτόμοι
315 495 383 538 καὶ
402 496 588 548 κιβωτῶν
613 492 796 542 τέκτονες
814 492 881 534 καὶ
902 487 1038 546 πάσης
1059 488 1187 544 ἄλλης
1214 489 1409 544 ἐπήβολοι
1428 494 1584 550 τέχνης,
1609 505 1640 539 Β

92 561 219 608 5τότε
244 563 319 618 μὲν
345 561 427 606 ὕπὸ
455 559 602 606 σκότον
633 557 774 610 δόντες
802 559 850 603 τὸ
881 558 1000 615 ξίφος
1028 555 1314 615 ἐκφεύγουσιν,
1350 557 1521 614 ὕστερον
1544 564 1590 606 δὲ

126 632 196 675 διὰ
214 631 333 682 δέους
353 630 464 681 ὄντες
490 634 688 684 μετοικεῖν
716 628 772 679 εἷς
791 627 866 684 τὴν
887 628 995 670 ἴδιάν
1009 624 1154 683 χώραν
1174 628 1241 668 καὶ
1262 626 1335 680 τὴν
1355 631 1431 670 τοῦ
1450 628 1589 682 γένους

125 699 364 757 συναγωγὴν
391 699 582 754 ἔγνωσαν.
651 696 772 754 (21)
808 694 829 740 ὅ
860 696 939 752 γὰρ
959 695 1155 750 βασιλεὺς
1174 693 1261 748 ἅμα
1279 695 1356 749 μὲν
1371 699 1432 755 τῷ
1450 699 1584 740 ταῦτα
1606 703 1637 737 c

123 770 315 826 γενέσθαι
345 767 404 810 δι’
439 768 596 817 ἐννοίας
624 763 836 822 γενόμενος
866 764 925 819 μὴ
958 765 1092 808 αῖτιάν
1116 764 1234 819 σχοίη
1262 761 1318 814 ὥς
1343 762 1591 821 συμπράξειε

127 840 279 893 δῆθεν,
315 836 501 892 πρέσβεις
519 831 777 889 ἐκλεξάμενος
793 831 865 877 τόν
883 849 927 876 τε
945 832 1128 888 μοναχὸν
1150 829 1351 885 Μάξιμον
1374 833 1447 876 τὸν
1466 836 1592 877 Πλα-

73 903 278 961 1ονοόδην
302 906 368 947 καὶ
401 905 472 948 τὸν
502 900 820 960 ὀρφανοτρόφον
845 902 1044 957 Λέοντα,
1079 900 1236 958 ἄνδρας
1266 901 1504 958 ἐλλογίμους
1522 905 1594 946 καὶ
1667 908 1670 911 “

124 970 341 1025 συνετούς,
379 972 450 1015 ἐπ’
471 971 703 1023 Ἀκουῖλίας
728 970 983 1023 ἀπέστειλεν,
1022 967 1351 1026 ἀπολογούμενος
1379 974 1437 1030 τῷ
1467 976 1590 1031 κοινῷ

126 1042 323 1100 συνεδρίῳ
344 1037 501 1084 τούτων
524 1041 590 1083 καὶ
608 1044 818 1096 παριστῶν
839 1036 888 1082 τό
910 1039 949 1082 οἳ
967 1040 1031 1082 ἐπὶ
1051 1045 1137 1088 τοῖς
1157 1038 1451 1093 τετελεσμένοις
1470 1038 1590 1083 ἀναί-

124 1128 224 1154 τιον.
296 1108 342 1152 οἳ
365 1110 431 1152 καὶ
464 1105 782 1164 παραγεγονότες
802 1110 844 1151 ἓν
860 1111 951 1167 χρῷ
974 1105 1160 1151 κινδύνου
1186 1107 1468 1163 κατέστησαν,
1506 1113 1589 1152 τῶν
1612 1115 1644 1150 Ι)

124 1181 358 1236 προσγενῶν
386 1181 470 1220 τῶν
495 1176 782 1233 φονευθέντων
819 1178 960 1234 σφίσιν
994 1173 1326 1219 ἐπαναστάντων.
1394 1174 1513 1230 μόλις
1543 1178 1589 1220 δὲ

16 1252 22 1257 ’
72 1259 114 1295 15
125 1247 223 1298 τούς
239 1244 452 1303 περιόντας
471 1247 640 1295 οἷκείους
661 1243 906 1300 ζητήσαντες
922 1246 990 1287 καὶ
1021 1241 1238 1297 λαβόντες,
1278 1246 1368 1301 περὶ
1391 1249 1468 1300 τῆς
1481 1246 1586 1299 μετὰ

124 1319 208 1359 τῶν
223 1313 432 1369 Ῥωμαίων
456 1311 619 1370 εἰρήνης
641 1318 714 1369 τῆς
734 1318 808 1356 νῦν
828 1311 884 1363 ὥς
904 1310 1029 1355 πάλαι
1048 1313 1191 1370 καιρὸν
1209 1313 1378 1355 ἐτίθουν
1393 1311 1590 1366 βουλεύε-

123 1388 243 1427 σθαι.
297 1382 345 1426 οἰ·
362 1382 444 1437 μὴν
465 1383 510 1424 δὲ
529 1383 596 1424 καὶ
620 1382 808 1438 πρέσβεις
826 1381 1138 1425 ἅντεπέστελλον
1157 1379 1264 1433 τότε,
1300 1380 1407 1425 ἀλλὰ
1430 1382 1491 1425 δι’
1510 1382 1588 1425 αὗ-

123 1457 207 1495 τῶν
227 1455 453 1508 περιαλγῶς
470 1451 762 1503 ἔξωνειδίζοντο
787 1453 954 1504 βασιλεῖ
976 1467 1019 1493 τε
1036 1452 1102 1492 καὶ
1120 1448 1357 1504 Ῥωμαίοις,
1394 1449 1504 1502 ὅπως
1523 1452 1588 1494 ἒν-

123 1520 195 1570 τός
219 1524 368 1577 χειρῶν
402 1519 562 1563 ἐκείνων
599 1516 810 1569 τοιαύταις
849 1525 1084 1576 συμφοραῖς
1121 1517 1180 1574 μὴ
1210 1519 1490 1575 χωρουμέναις
1527 1524 1587 1579 τῷ

123 1630 268 1675 derunt,
301 1630 336 1666 in
366 1630 448 1666 alios
479 1629 559 1666 inde
591 1628 791 1676 ubicumque
825 1629 979 1664 inventos
1004 1629 1080 1676 pari
1112 1634 1193 1664 sunt
1213 1628 1423 1664 immanitate
1445 1623 1586 1672 invecti,

123 1681 222 1712 tanta
242 1677 292 1711 sic
314 1677 404 1711 edita
427 1681 463 1711 et
484 1682 613 1711 temere
639 1688 759 1722 sparsa
782 1680 920 1721 strage,
947 1681 986 1710 ut
1007 1675 1235 1720 singularibus
1257 1675 1405 1710 cadaver
1427 1675 1587 1721 quodque

122 1724 284 1758 mandare
307 1723 472 1768 sepulcris
494 1733 558 1768 per
579 1722 712 1757 nimiam
735 1722 868 1767 copiam
891 1733 959 1756 non
980 1721 1111 1756 liceret.
1158 1721 1263 1756 multe
1285 1721 1478 1755 necessario
1502 1732 1585 1755 coa-

122 1775 266 1803 cervata
292 1768 327 1802 in
359 1780 458 1802 unam
484 1771 616 1803 foveam
638 1767 804 1803 communi
834 1768 962 1802 tumulo
992 1767 1260 1802 cumulabantur.
1307 1767 1359 1800 sic
1379 1766 1485 1810 igitur
1506 1765 1586 1800 illu-

123 1813 302 1849 strioribus
322 1815 511 1860 quibusque
533 1815 737 1849 Venetorum
760 1813 796 1848 in
817 1815 902 1847 urbe
925 1813 1118 1858 degentium
1144 1812 1340 1857 absumptis,
1365 1811 1487 1856 reliqui
1509 1811 1586 1856 opi-

123 1859 208 1894 fioes
227 1861 334 1894 ferme
355 1860 451 1902 viles,
472 1864 620 1902 sutores,
642 1859 791 1903 coriarii,
805 1859 896 1893 fabri
918 1870 1074 1894 arcarum
1094 1858 1376 1902 illiberaliumque
1396 1856 1586 1891 istiusmodi

124 1906 334 1950 professores
357 1905 501 1947 artium,
524 1909 604 1940 tunc
627 1905 760 1951 quidem
783 1905 893 1940 abditi
913 1905 1064 1939 tenebris
1086 1905 1234 1949 gladium
1258 1904 1439 1946 fugerunt,
1463 1905 1584 1947 postea

123 1953 267 1995 urgente
289 1954 380 1985 metu
401 1954 557 1996 repetere
580 1951 727 1997 patriam
757 1962 864 1997 seque
895 1951 940 1984 ad
969 1961 1053 1985 suae
1085 1949 1194 1995 gentis
1218 1948 1371 1993 recipere
1393 1951 1583 1982 convictum

122 1997 218 2030 factu
241 1995 470 2030 necessarium
490 2002 666 2042 putarunt.
711 1998 792 2041 (21)
825 2000 862 2030 at
884 1995 1070 2040 imperator
1101 1994 1199 2029 simul
1230 1995 1314 2027 baec
1344 1993 1378 2027 in
1399 1993 1488 2027 hunc
1510 2005 1584 2028 mo-

124 2041 203 2075 dum
225 2045 304 2075 acta
325 2042 496 2085 cognovit,
512 2042 665 2076 solicitus
689 2054 732 2076 ne
754 2043 950 2087 culparetur
970 2040 1067 2086 quasi
1090 2045 1291 2085 cooperatus
1314 2039 1359 2073 ad
1379 2039 1480 2073 istam
1503 2051 1583 2074 cae-

124 2086 200 2120 dem
223 2087 474 2129 Geuuensibus,
494 2087 689 2121 monachum
711 2087 895 2121 Maximum
920 2086 1100 2120 Plsnndem
1123 2090 1160 2119 et
1181 2085 1390 2130 praesectum
1413 2085 1583 2131 orphano-

122 2131 248 2178 trophii
269 2132 438 2175 Leonem,
472 2132 564 2166 viros
589 2132 737 2176 insignes
760 2144 801 2166 ac
831 2132 1014 2178 prudentes
1044 2135 1295 2176 proptereaque
1317 2130 1483 2166 indicatos
1505 2131 1583 2166 ido-

123 2189 206 2213 neos
229 2178 310 2212 huic
331 2183 426 2212 recte
446 2178 639 2223 fungendae
658 2177 840 2222 legationi,
864 2177 1053 2222 Aquileiam
1075 2176 1177 2210 iussit
1197 2187 1235 2210 se
1257 2178 1430 2219 conferre,
1452 2187 1582 2222 purga-

123 2235 229 2269 reque
259 2223 330 2258 illic
364 2223 454 2269 apud
485 2227 638 2258 senatum
662 2223 868 2257 Venetorum
899 2222 1137 2267 imperatorem
1170 2233 1265 2256 suum
1290 2223 1335 2256 ab
1357 2222 1447 2256 omni
1469 2222 1582 2268 suspi-

123 2269 219 2304 cione
239 2269 498 2349 ⁸PP¹Pffiffl⁰¹¹³⁸
526 2274 588 2304 aut
609 2268 836 2348 ῳηεοὶξυῐίἓιο
857 2279 968 2323 rerum
991 2278 1013 2302 a
1035 2267 1274 2348 (ἱρέὲιιευὲἰδω
1295 2268 1461 2348 ἷίοιειιίοι·
1477 2272 1582 2349 ¹pisctu}

122 2325 209 2350 rum.
255 2327 304 2370 eo‘
326 2327 378 2370 ι)
408 2327 482 2350 cum
504 2325 720 2370 pervemssen
739 2339 758 2367 ι,
790 2325 826 2348 m
849 2323 1083 2367 maximo-peri
1139 2325 1159 2347 o
1196 2324 1302 2348 uernn
1329 2338 1340 2355 ,
1368 2325 1476 2367 cogpa
1545 2326 1563 2348 e

121 2372 524 2442 „⁰0⁶⁰”{⁸¹00'g1¹2¹22¹3112„i?1532¹.¹
554 2359 1581 2452 ‘22:212“3322102‘333AEffittiffss‘flffmxffisffissffi

122 2452 256 2497 silium,
280 2465 364 2488 cura
384 2453 529 2488 maxime
549 2452 735 2498 recipiendi
757 2450 1005 2498 permutatione
1028 2461 1102 2485 cum
1135 2451 1231 2485 hisce
1255 2462 1342 2496 quos
1370 2451 1422 2486 sui
1443 2451 1578 2496 generis

121 2498 232 2533 adhuc
255 2498 402 2544 reliquos
422 2500 532 2534 teneri
554 2497 848 2544 Constantinopoli
877 2496 1044 2531 sciebant.
1087 2496 1212 2541 quibus
1231 2497 1389 2542 repetitis
1413 2496 1580 2542 receptis-

122 2554 208 2588 que,
229 2545 361 2589 legatos
383 2544 583 2580 dimiserunt
603 2544 692 2580 nullo
714 2554 878 2588 responso
908 2542 1066 2587 dignatos
1087 2542 1179 2577 circa
1198 2543 1458 2588 propositionem
1481 2541 1578 2588 pacis

120 2587 210 2623 inter
238 2589 410 2635 imperium
440 2595 477 2626 et
497 2593 648 2629 Venetos
676 2589 805 2624 veteris
835 2599 925 2623 nova
955 2589 1098 2622 invicem
1128 2588 1349 2623 conventione
1379 2587 1579 2622 firmandae.

121 2633 190 2668 ista
210 2636 298 2670 enim
319 2635 364 2670 de
385 2647 425 2671 re
446 2648 485 2672 se
505 2641 626 2683 postea
646 2636 894 2671 deliberaturos
915 2634 1085 2676 dixerunt,
1105 2633 1166 2668 ubi
1186 2637 1278 2668 esset
1297 2634 1383 2680 ipsis
1405 2634 1448 2668 ab
1470 2632 1594 2677 imper

121 2682 238 2714 ntore
257 2681 469 2717 satisfactum
498 2683 592 2718 cirea
617 2681 784 2729 quaedam
813 2692 903 2727 quae
925 2681 968 2714 ab
990 2679 1065 2724 ipso
1085 2683 1276 2724 poscerent.
1320 2680 1441 2725 quibus
1463 2681 1577 2712 tamen

122 2723 189 2769 ipsi
219 2727 425 2772 exponendis
451 2729 586 2774 legatos
614 2728 763 2762 vicissim
787 2724 1109 2770 Constantinopolim
1139 2724 1275 2761 mittere
1305 2736 1372 2759 non
1402 2726 1574 2759 mni-unt.

123 2769 183 2804 sed
204 2781 268 2816 per
299 2772 383 2807 duos
415 2773 534 2809 missos
553 2773 644 2808 illinc
666 2773 783 2808 eodem
811 2774 1022 2806 revertentes
1049 2770 1192 2816 primum
1213 2771 1367 2806 dolenter
1388 2769 1577 2814 exprobra-

124 2819 203 2851 runt
223 2816 417 2863 imperatori
431 2824 467 2855 et
481 2819 639 2856 Romanis
655 2818 744 2865 quod
768 2816 981 2853 crudelitatis
1002 2816 1209 2853 immanioris
1230 2827 1329 2862 quam
1351 2825 1461 2850 mores
1482 2813 1577 2860 ipso-
