1858 3126
623 168 725 213 LIB.
761 169 814 216 ll.
884 170 1082 214 NOTAE.
1484 173 1582 218 757

125 275 230 327 τούς.
282 278 323 320 τί
349 295 424 348 γαρ
454 294 504 319 αν
533 279 589 326 εἰς
620 274 843 347 ὄνειδισμὸν
871 282 1062 330 Χριστοῦ
1072 279 1139 320 καὶ
1165 279 1317 349 γένοιτο
1347 284 1478 347 χεῖρον
1504 297 1575 323 του

126 351 170 376 το
189 335 295 376 ἴδιον
319 332 446 375 αιῗτου
475 338 659 403 πνεῦμα,
689 351 783 387 οπερ
799 334 830 387 ἤ
856 331 1017 387 ἀληθής
1034 336 1138 376 ἐστιν
1162 333 1286 377 αὐτοῦ
1314 333 1407 386 δόξα
1432 354 1486 386 ως
1499 335 1576 379 αὖ·

126 388 190 439 τός
211 394 282 433 ποῦ’
300 387 469 443 πατρός,
500 387 626 431 αὐτοῦ
644 387 894 459 α’λλοτριοῦνς
922 391 990 431 καὶ
1011 393 1050 432 τί
1066 389 1119 432 α“ν
1138 393 1194 441 εἷς
1219 389 1445 446 ὀνειδισμὸν
1460 397 1575 463 Χρι-

130 449 228 487 στοῦ
250 447 315 487 καὶ
336 447 489 514 γένοιτο
517 451 649 500 χεῖρον
678 451 751 488 τοῦ
783 444 1022 499 ν’πηρετικον
1051 445 1176 489 αὐτόν
1200 447 1481 517 πρεσβεύειν”
1460 466 1577 503 οργα-

128 518 203 543 νον
227 506 302 544 τοῦ
333 501 498 555 πατρός,·
528 501 796 571 Ἀρειανισμός
818 501 976 551 πάντως
1005 507 1129 544 ταῦτα
1158 501 1344 558 λαμπρός.
1402 505 1470 557 καὶ
1488 509 1580 547 τοῦ-

128 574 198 600 τον
215 555 379 612 φεύγων
393 557 468 612 ἔγω
486 555 559 600 τόν
581 575 622 599 τε
627 556 866 629 ὀνειδισμὸν
888 556 963 600 ov’n
984 556 1211 613 α’ναίνομαι,
1242 560 1294 601 ἅν
1314 577 1391 602 τινι
1408 559 1576 630 αἰσχύνη

129 617 242 656 δοκεῖ
256 613 330 667 τὴν
344 615 388 656 ἐκ
405 612 553 667 πατρὸς
578 612 638 655 δι’
653 616 748 656 υἱοῦ
762 613 1008 667 ἐκπόρευσιν,
1037 616 1080 656 ἐκ
1096 616 1238 670 πατρὸς
1256 614 1316 658 δι’
1334 618 1429 659 υἷοῦ
1447 615 1582 673 ὕπαρ·

129 673 191 720 ξιν
211 675 378 725 φρονεῖν
397 671 466 711 καὶ
485 667 717 724 πρεσβεύειν
735 687 796 724 με,
826 670 900 738 τήν
921 688 961 712 τε
981 671 1193 727 ὁμολογίαν
1216 671 1366 725 ταύτην
1383 677 1456 727 τῆς
1474 691 1583 745 παρ-Ι

127 723 252 778 ούσης
284 743 363 779 μου
392 727 603 795 διαθήκης
638 725 928 779 προανατάττω.
1005 728 1150 780 ἐφεξῆς
1182 728 1226 770 δὲ
1254 731 1482 782 διατνθεμαι
1527 729 1577 772 ου’

126 786 323 831 πλοῦτον,
353 779 402 823 ου’
420 780 600 837 χρήματα
623 799 713 824 ουτε
742 780 920 836 κτήματα
945 781 1095 836 (πάντα
1121 784 1195 838 γάρ
1225 786 1491 853 συναφῃρέθη
1513 791 1568 843 τῷ
1594 792 1621 825 Ρ
1643 792 1710 827 543

126 836 283 894 θρόνω)
305 840 468 888 οἰκείοις
487 839 684 892 διανέμων
703 840 771 880 καὶ
789 838 1020 894 ἀλλοτρίοις,
1049 858 1097 880 τα
1118 840 1161 882 δὲ
1178 839 1376 895 προσόντα
1391 859 1459 895 μοι
1478 845 1577 896 βρα-

126 895 196 965 χέα
219 880 288 935 καὶ
323 911 493 962 πενιχρα
515 900 598 944 τοῖς
626 896 670 936 ἐν
699 900 750 952 τῇ
779 900 941 965 φυλακῇ
960 900 1306 950 συμπαραμείνασί
1333 915 1401 951 μοι
1426 901 1576 946 παισίν,

129 967 188 991 ων
214 967 236 992 ο
263 949 336 1004 μὲν
361 952 416 999 εἰς
445 948 557 1001 τάξιν
589 953 683 992 vim?
714 969 781 1005 μοι
811 950 1023 1006 λελόγισται
1039 982 1052 1001 ,
1092 955 1149 1002 εἰς
1167 953 1369 1009 υπηρέτην
1401 955 1444 996 δέ
1466 972 1535 1007 μοι
1556 956 1578 997 ὅ

129 1007 277 1061 ἕτερος,
306 1023 406 1048 κατα
423 1023 494 1060 την
513 1005 684 1049 ἐνοῦσαν
702 1024 769 1061 μοι
786 1010 1017 1062 διαμερίζων
1041 1009 1248 1063 ἐπίκρισιν.

235 1070 420 1142 Ἰωάννης
441 1072 619 1123 ταπεινὸς
644 1075 737 1130 ἐλέῳ
761 1074 832 1129 μὲν
861 1079 966 1117 θεοῦ
989 1072 1292 1143 ἅρχιεπίσκοπος
1321 1081 1576 1119 Κωνσταντι-

127 1127 375 1180 νουπόλεως,
405 1128 471 1171 om*
493 1130 536 1171 δὲ
556 1129 599 1171 τό
605 1118 768 1198 οἷληθὲς
795 1136 875 1172 τῶν
896 1132 1077 1199 πατέρων
1104 1129 1250 1186 δόγμα,
1280 1131 1353 1185 τήν
1370 1135 1412 1175 ἐκ
1432 1133 1576 1186 πατρὸς

128 1184 307 1238 δηλονότι
331 1183 388 1227 δι’
403 1187 498 1227 υἱοῦ
518 1183 754 1240 ἕκπόρευσιν
777 1192 850 1228 τοῦ
872 1186 1094 1240 πνεύματος
1123 1193 1198 1229 τοῦ
1228 1188 1366 1242 αγίου,
1398 1188 1473 1243 τὴν
1502 1207 1575 1240 εως

127 1239 308 1283 θανᾶτου
335 1243 490 1295 ἔξορίαν
517 1259 583 1283 και
620 1242 804 1296 φυλακὴν
830 1246 1157 1294 καταδικασθείς,
1208 1246 1470 1301 οἰκειοχείρως
1498 1245 1573 1301 τήν

127 1295 338 1352 παροῦσαν
354 1314 430 1350 μου
450 1296 653 1352 διαθήκην
670 1298 830 1353 γραψας
846 1300 1072 1355 υπὲγραψα.

127 1406 207 1462 quid
236 1407 325 1442 enim
354 1408 387 1442 in
416 1408 631 1453 opprobrium
667 1409 797 1443 Christi
820 1409 924 1443 statui
947 1409 1042 1454 peius
1076 1411 1183 1454 possit
1204 1422 1303 1455 quam
1326 1412 1471 1446 alienare
1494 1423 1575 1458 pro-

126 1453 235 1507 prium
258 1453 399 1498 abipso
418 1454 603 1507 Spiritum,
627 1455 686 1500 qui
709 1455 816 1498 gloria
838 1455 910 1488 eius
935 1459 1009 1496 est,
1042 1455 1129 1490 sicut
1151 1462 1187 1489 et
1209 1456 1284 1500 ipse
1304 1458 1413 1501 gloria
1436 1462 1489 1492 est
1511 1469 1575 1503 pa-

126 1498 218 1533 tris?
240 1502 276 1532 et
297 1499 377 1544 quid
399 1511 515 1534 rursus
536 1499 572 1533 in
593 1501 808 1545 opprobrium
834 1501 962 1534 Christi
984 1480 1187 1535 decernatur
1214 1502 1310 1546 peius
1334 1514 1434 1548 quam
1459 1504 1489 1536 si
1513 1505 1574 1536 de-

127 1543 274 1578 claretur
306 1550 342 1578 et
364 1544 579 1589 praedicetur
614 1557 688 1579 esse
721 1546 829 1590 ipsum
862 1546 1138 1580 ιιιῐιιίεῐιιιῐοιίιιιιι
1160 1547 1413 1582 instrumentum
1437 1549 1573 1593 patris?

124 1589 334 1624 Arianismus
358 1590 488 1624 omuino
515 1591 598 1624 haec
622 1591 818 1624 manifestus
840 1597 926 1625 sunt.
974 1595 1010 1625 et
1035 1592 1122 1626 hunc
1154 1592 1286 1636 fugiens
1309 1605 1396 1637 ego,
1428 1605 1494 1627 non
1517 1605 1572 1627 re-

126 1645 206 1669 cuso
227 1636 316 1680 quod
339 1635 447 1669 inde'
437 1647 472 1669 ιιι
495 1647 548 1670 me
571 1637 737 1670 redundat
758 1637 993 1682 opprobrium,
1026 1638 1053 1671 si
1077 1637 1132 1671 cui
1154 1638 1310 1682 pudenda
1334 1650 1389 1671 res
1413 1643 1448 1672 et
1470 1639 1574 1672 dede-

126 1692 187 1714 cus
208 1680 356 1715 inferens
377 1680 556 1724 videatur,
579 1683 705 1716 sentire
730 1693 770 1716 ac
794 1683 992 1725 praedicare
1015 1695 1067 1717 me
1090 1684 1198 1728 patris
1221 1695 1282 1727 per
1306 1683 1409 1716 filium
1434 1695 1574 1727 proces-

126 1725 254 1766 sionem
286 1737 362 1760 esse
395 1726 475 1760 item
499 1739 540 1760 ex
564 1734 662 1773 patre
685 1739 745 1772 per
768 1728 871 1762 fitium
896 1729 1088 1763 extantiain
1134 1729 1252 1773 itaque
1281 1729 1367 1762 hanc
1390 1729 1573 1772 professio-

127 1781 201 1805 nem
222 1771 257 1804 in
282 1771 394 1816 capite
415 1771 514 1806 huius
546 1774 610 1806 mei
633 1774 823 1807 testamenti
853 1774 989 1807 colloco.
1037 1773 1158 1808 deinde
1181 1785 1260 1807 vero
1276 1784 1434 1826 suprema
1457 1774 1573 1807 volun-

127 1820 200 1850 tate
221 1820 333 1850 statuo
356 1828 421 1850 non
444 1817 487 1850 de
510 1817 649 1860 divitiis,
673 1831 736 1852 non
760 1819 802 1852 de
824 1819 987 1863 pecuniis,
1010 1831 1074 1852 non
1098 1819 1139 1851 de
1161 1818 1425 1871 possessionibus
1447 1819 1582 1861 (omnia

128 1860 215 1894 enim
235 1860 303 1894 ista
334 1861 431 1894 simul
452 1873 525 1895 cum
547 1863 667 1896 throno
701 1864 779 1898 mihi
807 1870 928 1909 erepta
955 1866 1069 1907 sunt),
1102 1875 1160 1897 eas
1184 1868 1243 1896 aut
1265 1863 1456 1896 domesticis
1480 1864 1570 1897 divi-

127 1905 211 1939 dens
238 1909 298 1939 aut
327 1905 462 1948 alienis,
493 1907 554 1941 sed
586 1909 630 1942 de
660 1909 782 1942 reculis
802 1921 886 1954 quas
918 1909 1025 1942 habeo
1050 1910 1103 1942 hic
1127 1908 1262 1952 paucis,
1287 1914 1426 1942 cunctas
1445 1909 1571 1953 pueriS,

128 1950 188 1996 qui
209 1961 336 1985 mecum
360 1950 394 1983 in
417 1962 555 1985 carcere
578 1959 851 2006 permanserunt,
873 1965 1013 1998 quorum
1036 1954 1176 1987 alterum
1198 1953 1271 1986 loco
1295 1953 1355 1986 filii
1374 1953 1496 1995 habui,
1519 1956 1571 1988 al-

127 2001 202 2030 tero
224 1995 346 2030 famulo
363 2007 435 2030 sum
455 2008 546 2036 usus,
568 1998 634 2031 mei
655 1998 796 2032 arbitrio
818 1999 929 2032 iudicii
951 1999 1162 2052 dispertiens.

216 2041 359 2075 Ioannes
381 2041 512 2075 humilis
532 2042 744 2077 miseratione
763 2043 820 2077 dei
842 2043 1112 2087 archiepiscopus
1135 2041 1458 2096 Constantinopolis,
1489 2055 1569 2089 pro-

128 2089 205 2132 pter
227 2090 338 2120 autem
354 2098 469 2120 verum
490 2092 623 2131 patrum
646 2089 776 2132 dogma,
798 2089 958 2122 videlicet
979 2088 1221 2132 processionem
1242 2088 1389 2133 Spiritus
1413 2100 1455 2122 ex
1471 2092 1570 2133 patre

127 2142 189 2176 per
210 2131 334 2172 fnium,
357 2132 455 2165 exilio
477 2144 585 2176 usque
605 2134 647 2166 ad
672 2138 812 2166 mortem
843 2136 879 2166 et
909 2133 1059 2166 custodia
1085 2134 1280 2174 damnatus,
1310 2134 1446 2187 propria
1467 2146 1568 2169 manu

128 2177 288 2222 scriptum
308 2188 468 2221 praesens
491 2178 554 2212 hoc
576 2189 681 2212 meum
704 2182 935 2213 testamentum
958 2179 1202 2222 subscriptione
1224 2178 1367 2213 firmavi.

239 2270 428 2321 Requiret
448 2271 549 2308 forte
571 2270 737 2321 aliquis‘
726 2285 767 2308 ιιι
787 2270 864 2308 hoc
893 2276 1123 2308 testamento
1144 2270 1260 2308 Vecci
1285 2272 1568 2322 professionem

131 2325 381 2364 subiectionis
402 2327 450 2364 ad
470 2328 687 2364 Romanum
712 2326 952 2378 pontificem.
1009 2339 1147 2364 verum
1169 2339 1213 2364 ea
1231 2328 1347 2376 satis,
1376 2328 1418 2365 ni
1439 2329 1568 2378 fallor,

129 2382 312 2420 innuitur
337 2382 378 2420 in
409 2382 717 2434 subscriptione,
760 2383 827 2420 ubi
854 2396 929 2434 pro
957 2382 1389 2434 Constantinopolitano
1415 2383 1567 2422 archie—

130 2437 293 2490 piscopo
307 2452 347 2476 se
367 2439 496 2478 adhuc
515 2440 643 2477 ferens
664 2439 830 2487 Veccus,
861 2438 967 2488 quod
986 2452 1094 2475 suam
1119 2439 1402 2490 depositionem
1424 2440 1565 2478 merito

130 2493 277 2531 irritam
306 2494 565 2544 existimaret,
596 2495 765 2532 abstinet
787 2501 917 2532 tamen
947 2508 968 2531 a
999 2493 1118 2532 titulo
1144 2495 1346 2533 ambitiose
1374 2502 1566 2546 usurpato

131 2548 177 2586 ab
193 2549 274 2588 eius
293 2551 394 2588 sedis
419 2551 656 2590 antistitibus
677 2550 959 2597 schismaticis,
993 2550 1231 2588 oecumenici
1253 2551 1508 2603 patriarchae.

241 2642 280 2679 p.
298 2632 381 2670 279
399 2643 436 2668 v.
460 2634 495 2671 1.
542 2631 615 2668 Illa
631 2629 698 2668 hic
714 2635 924 2667 memorata
938 2628 1182 2666 consuetudo
1199 2635 1312 2667 vetus
1328 2642 1566 2667 commemo-

131 2681 323 2722 rationem
341 2685 614 2724 defunctorum
632 2686 754 2724 multa
772 2687 903 2723 facum
928 2683 1155 2722 accensione
1177 2685 1398 2724 celebrandi
1415 2699 1496 2723 non
1515 2686 1565 2724 ad

133 2738 253 2788 paulo
293 2746 382 2778 ante
420 2742 563 2779 factam
591 2745 830 2792 Ληναιῶνος
866 2737 1117 2791 ἐνεστηκότος
1150 2742 1325 2779 ineuntis
1354 2741 1565 2779 Februarii

134 2794 371 2834 mentionem
387 2797 590 2836 referenda
609 2803 687 2846 est,
721 2797 828 2848 quasi
846 2797 927 2835 eius
946 2796 1191 2848 potissimum
1215 2796 1357 2836 mensis
1378 2797 1492 2836 initio
1514 2810 1564 2836 ex
