<?xml version="1.0" encoding="UTF-8"?>
<!DOCTYPE html PUBLIC "-//W3C//DTD XHTML 1.0 Transitional//EN"
    "http://www.w3.org/TR/xhtml1/DTD/xhtml1-transitional.dtd">
<html xmlns="http://www.w3.org/1999/xhtml" xml:lang="en" lang="en">
 <head>
  <title>
</title>
<meta http-equiv="Content-Type" content="text/html;charset=utf-8" />
  <meta name='ocr-system' content='tesseract 3.04.00' />
  <meta name='ocr-capabilities' content='ocr_page ocr_carea ocr_par ocr_line ocrx_word'/>
</head>
<body>
  <div class='ocr_page' id='page_1' title='image "./corpusscriptorum18niebuoft_0383.png"; bbox 0 0 1858 3126; ppageno 0'>
   <div class='ocr_carea' id='block_1_1' title="bbox 316 140 1557 190">
    <p class='ocr_par' dir='ltr' id='par_1_1' title="bbox 316 140 1557 190">
     <span class='ocr_line' id='line_1_1' title="bbox 316 140 1557 190; baseline -0.002 0"><span class='ocrx_word' id='word_1_1' title='bbox 316 147 390 190; x_wconf 90' lang='lat' dir='ltr'>DE</span> <span class='ocrx_word' id='word_1_2' title='bbox 423 143 756 189; x_wconf 80' lang='lat' dir='ltr'><strong>ANDROMCO</strong></span> <span class='ocrx_word' id='word_1_3' title='bbox 790 141 1162 188; x_wconf 84' lang='lat' dir='ltr'><strong>PALAEOLOGO</strong></span> <span class='ocrx_word' id='word_1_4' title='bbox 1198 143 1244 185; x_wconf 93' lang='lat' dir='ltr'>L.</span> <span class='ocrx_word' id='word_1_5' title='bbox 1272 141 1351 188; x_wconf 85' lang='lat' dir='ltr'>IV.</span> <span class='ocrx_word' id='word_1_6' title='bbox 1456 140 1557 187; x_wconf 85' lang='lat'>367</span> 
     </span>
    </p>
   </div>
   <div class='ocr_carea' id='block_1_2' title="bbox 50 250 1707 1542">
    <p class='ocr_par' dir='ltr' id='par_1_2' title="bbox 98 250 1565 520">
     <span class='ocr_line' id='line_1_2' title="bbox 98 250 1555 311; baseline -0.005 -8"><span class='ocrx_word' id='word_1_7' title='bbox 98 259 230 303; x_wconf 73' lang='grc' dir='ltr'><strong><em>πείθει</em></strong></span> <span class='ocrx_word' id='word_1_8' title='bbox 261 260 329 302; x_wconf 72' lang='grc' dir='ltr'><strong><em>καὶ</em></strong></span> <span class='ocrx_word' id='word_1_9' title='bbox 360 259 457 310; x_wconf 80' lang='grc' dir='ltr'>τούς</span> <span class='ocrx_word' id='word_1_10' title='bbox 498 259 747 311; x_wconf 72' lang='grc' dir='ltr'><strong><em>ἐθέλοντας,</em></strong></span> <span class='ocrx_word' id='word_1_11' title='bbox 798 255 848 300; x_wconf 74' lang='grc' dir='ltr'><strong><em>οὔ</em></strong></span> <span class='ocrx_word' id='word_1_12' title='bbox 891 253 1166 310; x_wconf 78' lang='grc' dir='ltr'><em>προστάσσων</em></span> <span class='ocrx_word' id='word_1_13' title='bbox 1201 257 1423 309; x_wconf 76' lang='grc' dir='ltr'><strong><em>βασιλικῶς</em></strong></span> <span class='ocrx_word' id='word_1_14' title='bbox 1459 250 1555 297; x_wconf 74' lang='grc' dir='ltr'><strong><em>ἀλλ’</em></strong></span> 
     </span>
     <span class='ocr_line' id='line_1_3' title="bbox 98 321 1559 386; baseline -0.004 -15"><span class='ocrx_word' id='word_1_15' title='bbox 98 327 230 386; x_wconf 69' lang='grc' dir='ltr'><strong><em>ἀφιεὶς</em></strong></span> <span class='ocrx_word' id='word_1_16' title='bbox 261 325 421 386; x_wconf 74' lang='grc' dir='ltr'><strong><em>ἑκάστῳ</em></strong></span> <span class='ocrx_word' id='word_1_17' title='bbox 450 326 498 370; x_wconf 81' lang='grc' dir='ltr'>τὸ</span> <span class='ocrx_word' id='word_1_18' title='bbox 529 324 814 378; x_wconf 70' lang='grc' dir='ltr'>αὐτεξούσιον,</span> <span class='ocrx_word' id='word_1_19' title='bbox 850 324 957 380; x_wconf 81' lang='grc' dir='ltr'><strong><em>πλὴν</em></strong></span> <span class='ocrx_word' id='word_1_20' title='bbox 993 329 1054 383; x_wconf 82' lang='grc' dir='ltr'>τῷ</span> <span class='ocrx_word' id='word_1_21' title='bbox 1082 326 1140 374; x_wconf 75' lang='grc' dir='ltr'>εἷς</span> <span class='ocrx_word' id='word_1_22' title='bbox 1163 324 1279 373; x_wconf 71' lang='grc' dir='ltr'><strong><em>τέλος</em></strong></span> <span class='ocrx_word' id='word_1_23' title='bbox 1306 321 1559 367; x_wconf 81' lang='grc' dir='ltr'><strong><em>κεκοπιακότι</em></strong></span> 
     </span>
     <span class='ocr_line' id='line_1_4' title="bbox 98 390 1560 453; baseline -0.003 -14"><span class='ocrx_word' id='word_1_24' title='bbox 98 394 276 453; x_wconf 77' lang='grc' dir='ltr'><strong><em>μεγάλην</em></strong></span> <span class='ocrx_word' id='word_1_25' title='bbox 307 398 374 439; x_wconf 84' lang='grc' dir='ltr'><strong><em>καὶ</em></strong></span> <span class='ocrx_word' id='word_1_26' title='bbox 403 395 569 452; x_wconf 76' lang='grc' dir='ltr'><strong><em>ἀγαθὴν</em></strong></span> <span class='ocrx_word' id='word_1_27' title='bbox 602 391 849 451; x_wconf 65' lang='grc' dir='ltr'><strong><em>ἐγγυώμενος</em></strong></span> <span class='ocrx_word' id='word_1_28' title='bbox 878 393 953 446; x_wconf 71' lang='grc' dir='ltr'>τὴν</span> <span class='ocrx_word' id='word_1_29' title='bbox 979 392 1060 436; x_wconf 76' lang='grc' dir='ltr'><strong><em>ἀπὸ</em></strong></span> <span class='ocrx_word' id='word_1_30' title='bbox 1088 397 1162 436; x_wconf 81' lang='grc' dir='ltr'>τοῦ</span> <span class='ocrx_word' id='word_1_31' title='bbox 1186 391 1339 448; x_wconf 81' lang='grc' dir='ltr'><strong><em>ἀνδρὸς</em></strong></span> <span class='ocrx_word' id='word_1_32' title='bbox 1364 390 1560 448; x_wconf 74' lang='grc' dir='ltr'><strong><em>εὐλογίαν.</em></strong></span> 
     </span>
     <span class='ocr_line' id='line_1_5' title="bbox 100 454 1565 520; baseline -0.005 -12"><span class='ocrx_word' id='word_1_33' title='bbox 100 463 212 515; x_wconf 76' lang='grc' dir='ltr'><strong><em>ὅσοις</em></strong></span> <span class='ocrx_word' id='word_1_34' title='bbox 240 465 285 507; x_wconf 75' lang='grc' dir='ltr'>δὲ</span> <span class='ocrx_word' id='word_1_35' title='bbox 320 466 386 507; x_wconf 78' lang='grc' dir='ltr'><strong><em>καὶ</em></strong></span> <span class='ocrx_word' id='word_1_36' title='bbox 414 464 599 520; x_wconf 84' lang='grc' dir='ltr'><strong><em>γε’ρουσιν</em></strong></span> <span class='ocrx_word' id='word_1_37' title='bbox 628 458 719 506; x_wconf 71' lang='grc' dir='ltr'><strong><em>οὖσι</em></strong></span> <span class='ocrx_word' id='word_1_38' title='bbox 747 463 980 517; x_wconf 84' lang='grc' dir='ltr'><strong><em>πεζοπορεΐν</em></strong></span> <span class='ocrx_word' id='word_1_39' title='bbox 1007 454 1082 504; x_wconf 70' lang='grc' dir='ltr'><strong><em>οὔκ</em></strong></span> <span class='ocrx_word' id='word_1_40' title='bbox 1110 456 1182 516; x_wconf 77' lang='grc' dir='ltr'><strong><em>ἦν,</em></strong></span> <span class='ocrx_word' id='word_1_41' title='bbox 1232 461 1295 503; x_wconf 72' lang='grc' dir='ltr'>ἐπὶ</span> <span class='ocrx_word' id='word_1_42' title='bbox 1325 464 1468 515; x_wconf 77' lang='grc' dir='ltr'><strong><em>πηλοῖς</em></strong></span> <span class='ocrx_word' id='word_1_43' title='bbox 1497 461 1565 502; x_wconf 81' lang='grc' dir='ltr'><strong><em>καὶ</em></strong></span> 
     </span>
    </p>

    <p class='ocr_par' dir='ltr' id='par_1_3' title="bbox 66 527 1612 862">
     <span class='ocr_line' id='line_1_6' title="bbox 66 527 1564 587; baseline -0.004 -10"><span class='ocrx_word' id='word_1_44' title='bbox 66 544 89 579; x_wconf 87' lang='grc'><strong>5</strong></span> <span class='ocrx_word' id='word_1_45' title='bbox 102 537 233 576; x_wconf 82' lang='grc' dir='ltr'><strong><em>ταῦτα</em></strong></span> <span class='ocrx_word' id='word_1_46' title='bbox 252 533 320 575; x_wconf 80' lang='grc' dir='ltr'><strong><em>καὶ</em></strong></span> <span class='ocrx_word' id='word_1_47' title='bbox 338 531 508 586; x_wconf 72' lang='grc' dir='ltr'><strong><em>τέλμασι</em></strong></span> <span class='ocrx_word' id='word_1_48' title='bbox 522 535 721 587; x_wconf 79' lang='grc' dir='ltr'><strong><em>χειμῶνος</em></strong></span> <span class='ocrx_word' id='word_1_49' title='bbox 740 529 858 580; x_wconf 69' lang='grc' dir='ltr'><strong><em>ὄντος</em></strong></span> <span class='ocrx_word' id='word_1_50' title='bbox 868 562 882 582; x_wconf 88' lang='grc'><strong><em>,</em></strong></span> <span class='ocrx_word' id='word_1_51' title='bbox 912 527 1074 579; x_wconf 78' lang='grc' dir='ltr'><strong><em>τούτοις</em></strong></span> <span class='ocrx_word' id='word_1_52' title='bbox 1103 530 1170 571; x_wconf 82' lang='grc' dir='ltr'><strong><em>καὶ</em></strong></span> <span class='ocrx_word' id='word_1_53' title='bbox 1187 529 1325 572; x_wconf 68' lang='grc' dir='ltr'><strong><em>ἰ’ππων</em></strong></span> <span class='ocrx_word' id='word_1_54' title='bbox 1347 529 1564 582; x_wconf 68' lang='grc' dir='ltr'><strong><em>ἐπιβαίνειν</em></strong></span> 
     </span>
     <span class='ocr_line' id='line_1_7' title="bbox 99 595 1612 658; baseline -0.003 -15"><span class='ocrx_word' id='word_1_55' title='bbox 99 601 223 658; x_wconf 70' lang='grc' dir='ltr'><strong><em>ἠφίει.</em></strong></span> <span class='ocrx_word' id='word_1_56' title='bbox 292 602 364 643; x_wconf 86' lang='grc' dir='ltr'><strong><em>καί</em></strong></span> <span class='ocrx_word' id='word_1_57' title='bbox 378 617 419 655; x_wconf 86' lang='grc' dir='ltr'>γε</span> <span class='ocrx_word' id='word_1_58' title='bbox 441 605 591 657; x_wconf 78' lang='grc' dir='ltr'><strong><em>προῆγε</em></strong></span> <span class='ocrx_word' id='word_1_59' title='bbox 613 599 792 655; x_wconf 76' lang='grc' dir='ltr'><strong><em>σημείοις</em></strong></span> <span class='ocrx_word' id='word_1_60' title='bbox 809 599 889 641; x_wconf 82' lang='grc' dir='ltr'><strong><em>τισὶ</em></strong></span> <span class='ocrx_word' id='word_1_61' title='bbox 910 597 1250 653; x_wconf 73' lang='grc' dir='ltr'><strong><em>τεκμαιρομένους</em></strong></span> <span class='ocrx_word' id='word_1_62' title='bbox 1277 597 1330 639; x_wconf 82' lang='grc' dir='ltr'>τὰ</span> <span class='ocrx_word' id='word_1_63' title='bbox 1350 602 1425 651; x_wconf 80' lang='grc' dir='ltr'>τῆς</span> <span class='ocrx_word' id='word_1_64' title='bbox 1443 595 1557 640; x_wconf 73' lang='grc' dir='ltr'><strong><em>ὁδοῦ.</em></strong></span> <span class='ocrx_word' id='word_1_65' title='bbox 1581 601 1612 636; x_wconf 89' lang='lat' dir='ltr'>D</span> 
     </span>
     <span class='ocr_line' id='line_1_8' title="bbox 99 664 1559 724; baseline -0.003 -13"><span class='ocrx_word' id='word_1_66' title='bbox 99 673 234 712; x_wconf 79' lang='grc' dir='ltr'><strong><em>ταῦτα</em></strong></span> <span class='ocrx_word' id='word_1_67' title='bbox 265 669 336 711; x_wconf 85' lang='grc' dir='ltr'><strong><em>καί</em></strong></span> <span class='ocrx_word' id='word_1_68' title='bbox 357 685 461 718; x_wconf 83' lang='grc' dir='ltr'><strong><em>τινες</em></strong></span> <span class='ocrx_word' id='word_1_69' title='bbox 489 669 564 724; x_wconf 77' lang='grc' dir='ltr'><strong><em>μὲν</em></strong></span> <span class='ocrx_word' id='word_1_70' title='bbox 590 673 672 712; x_wconf 83' lang='grc' dir='ltr'>τῶν</span> <span class='ocrx_word' id='word_1_71' title='bbox 704 665 921 723; x_wconf 71' lang='grc' dir='ltr'><strong><em>ἀρχιερέων</em></strong></span> <span class='ocrx_word' id='word_1_72' title='bbox 939 667 1005 709; x_wconf 77' lang='grc' dir='ltr'><strong><em>καὶ</em></strong></span> <span class='ocrx_word' id='word_1_73' title='bbox 1027 670 1110 709; x_wconf 86' lang='grc' dir='ltr'>τῶν</span> <span class='ocrx_word' id='word_1_74' title='bbox 1130 669 1323 721; x_wconf 80' lang='grc' dir='ltr'><strong><em>μοναχῶν</em></strong></span> <span class='ocrx_word' id='word_1_75' title='bbox 1345 664 1559 722; x_wconf 71' lang='grc' dir='ltr'><strong><em>ἔπραττον,</em></strong></span> 
     </span>
     <span class='ocr_line' id='line_1_9' title="bbox 101 733 1564 796; baseline -0.003 -16"><span class='ocrx_word' id='word_1_76' title='bbox 101 737 219 780; x_wconf 70' lang='grc' dir='ltr'><strong><em>ἄλλοι</em></strong></span> <span class='ocrx_word' id='word_1_77' title='bbox 258 738 303 779; x_wconf 77' lang='grc' dir='ltr'>δὲ</span> <span class='ocrx_word' id='word_1_78' title='bbox 341 739 451 789; x_wconf 82' lang='grc' dir='ltr'><strong><em>πεζοὶ</em></strong></span> <span class='ocrx_word' id='word_1_79' title='bbox 500 738 605 796; x_wconf 78' lang='grc' dir='ltr'><strong><em>πεζῷ</em></strong></span> <span class='ocrx_word' id='word_1_80' title='bbox 651 733 919 790; x_wconf 79' lang='grc' dir='ltr'><strong><em>συνωπήδουν</em></strong></span> <span class='ocrx_word' id='word_1_81' title='bbox 966 738 1025 793; x_wconf 79' lang='grc' dir='ltr'>τῷ</span> <span class='ocrx_word' id='word_1_82' title='bbox 1063 738 1236 788; x_wconf 81' lang='grc' dir='ltr'><strong><em>βασιλεῖ’.</em></strong></span> <span class='ocrx_word' id='word_1_83' title='bbox 1320 738 1380 793; x_wconf 80' lang='grc' dir='ltr'>τῷ</span> <span class='ocrx_word' id='word_1_84' title='bbox 1423 734 1564 788; x_wconf 87' lang='grc' dir='ltr'><strong><em>με’ντοι</em></strong></span> 
     </span>
     <span class='ocr_line' id='line_1_10' title="bbox 101 800 1564 862; baseline -0.003 -12"><span class='ocrx_word' id='word_1_85' title='bbox 101 804 144 861; x_wconf 79' lang='grc' dir='ltr'>γ’</span> <span class='ocrx_word' id='word_1_86' title='bbox 170 805 472 862; x_wconf 73' lang='grc' dir='ltr'><strong><em>Ἀλεξανδρείας</em></strong></span> <span class='ocrx_word' id='word_1_87' title='bbox 505 806 572 848; x_wconf 76' lang='grc' dir='ltr'><strong><em>καὶ</em></strong></span> <span class='ocrx_word' id='word_1_88' title='bbox 615 802 792 847; x_wconf 73' lang='grc' dir='ltr'><strong><em>ἱππεύειν</em></strong></span> <span class='ocrx_word' id='word_1_89' title='bbox 834 803 1113 860; x_wconf 74' lang='grc' dir='ltr'><strong><em>προστὲτακτο</em></strong></span> <span class='ocrx_word' id='word_1_90' title='bbox 1150 804 1218 845; x_wconf 78' lang='grc' dir='ltr'><strong><em>καὶ</em></strong></span> <span class='ocrx_word' id='word_1_91' title='bbox 1252 802 1300 845; x_wconf 83' lang='grc' dir='ltr'>τὸ</span> <span class='ocrx_word' id='word_1_92' title='bbox 1341 800 1564 859; x_wconf 80' lang='grc' dir='ltr'><strong><em>πρόσωπον</em></strong></span> 
     </span>
    </p>

    <p class='ocr_par' dir='ltr' id='par_1_4' title="bbox 50 869 1707 1201">
     <span class='ocr_line' id='line_1_11' title="bbox 50 869 1564 930; baseline -0.003 -12"><span class='ocrx_word' id='word_1_93' title='bbox 50 884 94 918; x_wconf 87' lang='grc'>10</span> <span class='ocrx_word' id='word_1_94' title='bbox 105 873 279 930; x_wconf 71' lang='grc' dir='ltr'><strong><em>ἔγνωστο</em></strong></span> <span class='ocrx_word' id='word_1_95' title='bbox 310 875 376 916; x_wconf 83' lang='grc' dir='ltr'><strong><em>καὶ</em></strong></span> <span class='ocrx_word' id='word_1_96' title='bbox 408 872 461 916; x_wconf 77' lang='grc' dir='ltr'>τὰ</span> <span class='ocrx_word' id='word_1_97' title='bbox 491 878 567 927; x_wconf 81' lang='grc' dir='ltr'>τῆς</span> <span class='ocrx_word' id='word_1_98' title='bbox 599 870 803 924; x_wconf 76' lang='grc' dir='ltr'><strong><em>ἀξιώσεως</em></strong></span> <span class='ocrx_word' id='word_1_99' title='bbox 836 869 1093 927; x_wconf 80' lang='grc' dir='ltr'><strong><em>λελιπάρητο.</em></strong></span> <span class='ocrx_word' id='word_1_100' title='bbox 1170 873 1237 913; x_wconf 84' lang='grc' dir='ltr'><strong><em>καὶ</em></strong></span> <span class='ocrx_word' id='word_1_101' title='bbox 1275 871 1467 924; x_wconf 75' lang='grc' dir='ltr'><strong><em>βασιλεῦς</em></strong></span> <span class='ocrx_word' id='word_1_102' title='bbox 1488 871 1564 924; x_wconf 73' lang='grc' dir='ltr'><strong><em>μὲν</em></strong></span> 
     </span>
     <span class='ocr_line' id='line_1_12' title="bbox 102 937 1707 999; baseline -0.001 -14"><span class='ocrx_word' id='word_1_103' title='bbox 102 942 266 997; x_wconf 70' lang='grc' dir='ltr'><strong><em>ἤλπιζεν</em></strong></span> <span class='ocrx_word' id='word_1_104' title='bbox 295 942 379 984; x_wconf 71' lang='grc' dir='ltr'>ἓκεῖ</span> <span class='ocrx_word' id='word_1_105' title='bbox 395 941 468 984; x_wconf 82' lang='grc' dir='ltr'>τὸν</span> <span class='ocrx_word' id='word_1_106' title='bbox 494 941 627 999; x_wconf 75' lang='grc' dir='ltr'><strong><em>ἄνδρα</em></strong></span> <span class='ocrx_word' id='word_1_107' title='bbox 658 945 929 995; x_wconf 77' lang='grc' dir='ltr'><strong><em>καταλαβεῖν,</em></strong></span> <span class='ocrx_word' id='word_1_108' title='bbox 963 940 1113 990; x_wconf 68' lang='grc' dir='ltr'><strong><em>ἐκεῖνος</em></strong></span> <span class='ocrx_word' id='word_1_109' title='bbox 1133 940 1179 982; x_wconf 75' lang='grc' dir='ltr'>δὲ</span> <span class='ocrx_word' id='word_1_110' title='bbox 1195 939 1269 994; x_wconf 72' lang='grc' dir='ltr'>τὴν</span> <span class='ocrx_word' id='word_1_111' title='bbox 1290 944 1365 982; x_wconf 89' lang='grc' dir='ltr'>τοῦ</span> <span class='ocrx_word' id='word_1_112' title='bbox 1383 937 1561 996; x_wconf 75' lang='grc' dir='ltr'><strong><em>μεγάλου</em></strong></span> <span class='ocrx_word' id='word_1_113' title='bbox 1584 945 1614 981; x_wconf 83' lang='grc' dir='ltr'>Ρ</span> <span class='ocrx_word' id='word_1_114' title='bbox 1639 945 1707 983; x_wconf 73' lang='lat'>252</span> 
     </span>
     <span class='ocr_line' id='line_1_13' title="bbox 102 1006 1565 1066; baseline 0 -13"><span class='ocrx_word' id='word_1_115' title='bbox 102 1009 258 1066; x_wconf 78' lang='grc' dir='ltr'><strong><em>πατρὸς</em></strong></span> <span class='ocrx_word' id='word_1_116' title='bbox 272 1009 524 1053; x_wconf 60' lang='lat' dir='ltr'>Maenalon</span> <span class='ocrx_word' id='word_1_117' title='bbox 553 1011 805 1066; x_wconf 80' lang='grc' dir='ltr'><strong><em>λειτουργίαν</em></strong></span> <span class='ocrx_word' id='word_1_118' title='bbox 830 1006 1086 1064; x_wconf 82' lang='grc' dir='ltr'><strong><em>σκεψάμενος</em></strong></span> <span class='ocrx_word' id='word_1_119' title='bbox 1106 1006 1319 1063; x_wconf 66' lang='grc' dir='ltr'><strong><em>ἐπορεύετο</em></strong></span> <span class='ocrx_word' id='word_1_120' title='bbox 1346 1008 1415 1051; x_wconf 75' lang='grc' dir='ltr'>ἐπ’</span> <span class='ocrx_word' id='word_1_121' title='bbox 1437 1007 1565 1053; x_wconf 70' lang='grc' dir='ltr'><strong><em>οἴκου.</em></strong></span> 
     </span>
     <span class='ocr_line' id='line_1_14' title="bbox 103 1071 1566 1136; baseline -0.002 -14"><span class='ocrx_word' id='word_1_122' title='bbox 103 1080 170 1122; x_wconf 80' lang='grc' dir='ltr'><strong><em>καὶ</em></strong></span> <span class='ocrx_word' id='word_1_123' title='bbox 190 1074 240 1133; x_wconf 78' lang='grc' dir='ltr'><strong><em>ἦν</em></strong></span> <span class='ocrx_word' id='word_1_124' title='bbox 258 1078 447 1121; x_wconf 66' lang='grc' dir='ltr'><strong><em>ἐντεῦθεν</em></strong></span> <span class='ocrx_word' id='word_1_125' title='bbox 468 1071 570 1136; x_wconf 77' lang='grc' dir='ltr'><strong><em>ὁρᾶν</em></strong></span> <span class='ocrx_word' id='word_1_126' title='bbox 599 1078 767 1134; x_wconf 70' lang='grc' dir='ltr'><strong><em>ἄπειρον</em></strong></span> <span class='ocrx_word' id='word_1_127' title='bbox 795 1082 959 1133; x_wconf 79' lang='grc' dir='ltr'><strong><em>πλῆθος</em></strong></span> <span class='ocrx_word' id='word_1_128' title='bbox 980 1079 1070 1134; x_wconf 73' lang='grc' dir='ltr'><strong><em>περὶ</em></strong></span> <span class='ocrx_word' id='word_1_129' title='bbox 1100 1077 1171 1120; x_wconf 79' lang='grc' dir='ltr'>τὸν</span> <span class='ocrx_word' id='word_1_130' title='bbox 1190 1077 1347 1120; x_wconf 78' lang='grc' dir='ltr'><strong><em>ἄνακτα</em></strong></span> <span class='ocrx_word' id='word_1_131' title='bbox 1358 1109 1372 1130; x_wconf 85' lang='grc'><strong><em>,</em></strong></span> <span class='ocrx_word' id='word_1_132' title='bbox 1410 1074 1566 1134; x_wconf 64' lang='grc' dir='ltr'><strong><em>ῥύακας</em></strong></span> 
     </span>
     <span class='ocr_line' id='line_1_15' title="bbox 102 1143 1567 1201; baseline 0 -13"><span class='ocrx_word' id='word_1_133' title='bbox 102 1144 353 1201; x_wconf 68' lang='grc' dir='ltr'><strong><em>μιμοῦμενον</em></strong></span> <span class='ocrx_word' id='word_1_134' title='bbox 381 1151 571 1201; x_wconf 84' lang='grc' dir='ltr'><strong><em>ποταμοῦ</em></strong></span> <span class='ocrx_word' id='word_1_135' title='bbox 585 1179 599 1199; x_wconf 92' lang='lat'><em>‚</em></span> <span class='ocrx_word' id='word_1_136' title='bbox 636 1148 692 1197; x_wconf 75' lang='grc' dir='ltr'>εἷς</span> <span class='ocrx_word' id='word_1_137' title='bbox 716 1145 760 1188; x_wconf 63' lang='grc' dir='ltr'><strong><em>ἓν</em></strong></span> <span class='ocrx_word' id='word_1_138' title='bbox 781 1144 1003 1190; x_wconf 83' lang='grc' dir='ltr'><strong><em>συνιόντων</em></strong></span> <span class='ocrx_word' id='word_1_139' title='bbox 1031 1147 1098 1189; x_wconf 77' lang='grc' dir='ltr'><strong><em>καὶ</em></strong></span> <span class='ocrx_word' id='word_1_140' title='bbox 1118 1150 1371 1201; x_wconf 80' lang='grc' dir='ltr'><strong><em>προθυμίαις</em></strong></span> <span class='ocrx_word' id='word_1_141' title='bbox 1386 1143 1567 1196; x_wconf 75' lang='grc' dir='ltr'><strong><em>ἁπάσαις</em></strong></span> 
     </span>
    </p>

    <p class='ocr_par' dir='ltr' id='par_1_5' title="bbox 51 1211 1569 1542">
     <span class='ocr_line' id='line_1_16' title="bbox 51 1211 1566 1271; baseline 0 -13"><span class='ocrx_word' id='word_1_142' title='bbox 51 1222 94 1258; x_wconf 83' lang='grc'>15</span> <span class='ocrx_word' id='word_1_143' title='bbox 105 1211 413 1271; x_wconf 78' lang='grc' dir='ltr'><strong><em>ἐπεισρεόντων,</em></strong></span> <span class='ocrx_word' id='word_1_144' title='bbox 450 1214 554 1258; x_wconf 79' lang='grc' dir='ltr'><strong><em>ὅπου</em></strong></span> <span class='ocrx_word' id='word_1_145' title='bbox 573 1233 616 1271; x_wconf 85' lang='grc' dir='ltr'>γε</span> <span class='ocrx_word' id='word_1_146' title='bbox 635 1212 871 1271; x_wconf 80' lang='grc' dir='ltr'><strong><em>προστάξειε</em></strong></span> <span class='ocrx_word' id='word_1_147' title='bbox 889 1212 1105 1268; x_wconf 75' lang='grc' dir='ltr'><strong><em>βασιλεύς,</em></strong></span> <span class='ocrx_word' id='word_1_148' title='bbox 1140 1218 1388 1270; x_wconf 82' lang='grc' dir='ltr'><strong><em>καρτερικῶς</em></strong></span> <span class='ocrx_word' id='word_1_149' title='bbox 1404 1215 1473 1257; x_wconf 81' lang='grc' dir='ltr'><strong><em>καὶ</em></strong></span> <span class='ocrx_word' id='word_1_150' title='bbox 1489 1219 1566 1258; x_wconf 84' lang='grc' dir='ltr'>τοῦ</span> 
     </span>
     <span class='ocr_line' id='line_1_17' title="bbox 103 1277 1569 1338; baseline 0.001 -13"><span class='ocrx_word' id='word_1_151' title='bbox 103 1283 305 1337; x_wconf 71' lang='grc' dir='ltr'><strong><em>βασιλέως</em></strong></span> <span class='ocrx_word' id='word_1_152' title='bbox 335 1282 411 1338; x_wconf 79' lang='grc' dir='ltr'>τὴν</span> <span class='ocrx_word' id='word_1_153' title='bbox 441 1281 539 1327; x_wconf 75' lang='grc' dir='ltr'><strong><em>ὁδὸν</em></strong></span> <span class='ocrx_word' id='word_1_154' title='bbox 564 1280 828 1335; x_wconf 62' lang='grc' dir='ltr'><strong><em>διανέοντος,</em></strong></span> <span class='ocrx_word' id='word_1_155' title='bbox 865 1284 941 1333; x_wconf 69' lang='grc' dir='ltr'>ἕως</span> <span class='ocrx_word' id='word_1_156' title='bbox 968 1277 1017 1326; x_wconf 71' lang='grc' dir='ltr'><strong><em>οὗ</em></strong></span> <span class='ocrx_word' id='word_1_157' title='bbox 1039 1282 1115 1338; x_wconf 87' lang='grc' dir='ltr'>τὴν</span> <span class='ocrx_word' id='word_1_158' title='bbox 1134 1287 1211 1337; x_wconf 74' lang='grc' dir='ltr'>τῆς</span> <span class='ocrx_word' id='word_1_159' title='bbox 1229 1280 1329 1326; x_wconf 75' lang='grc' dir='ltr'><strong><em>ὁδοῦ</em></strong></span> <span class='ocrx_word' id='word_1_160' title='bbox 1346 1279 1467 1336; x_wconf 79' lang='grc' dir='ltr'><strong><em>μόλις</em></strong></span> <span class='ocrx_word' id='word_1_161' title='bbox 1486 1284 1569 1326; x_wconf 84' lang='grc' dir='ltr'><strong><em>διε-</em></strong></span> 
     </span>
     <span class='ocr_line' id='line_1_18' title="bbox 105 1348 1568 1407; baseline -0.001 -13"><span class='ocrx_word' id='word_1_162' title='bbox 105 1348 310 1406; x_wconf 73' lang='grc' dir='ltr'><strong><em>νεγκόντες</em></strong></span> <span class='ocrx_word' id='word_1_163' title='bbox 338 1351 573 1407; x_wconf 69' lang='grc' dir='ltr'><strong><em>δυσχέρειαν</em></strong></span> <span class='ocrx_word' id='word_1_164' title='bbox 612 1358 704 1400; x_wconf 78' lang='grc' dir='ltr'><strong><em>ταῖς</em></strong></span> <span class='ocrx_word' id='word_1_165' title='bbox 744 1351 891 1402; x_wconf 75' lang='grc' dir='ltr'><strong><em>πύλαις</em></strong></span> <span class='ocrx_word' id='word_1_166' title='bbox 924 1351 1151 1405; x_wconf 71' lang='grc' dir='ltr'><strong><em>ἐπέστησαν</em></strong></span> <span class='ocrx_word' id='word_1_167' title='bbox 1189 1355 1262 1405; x_wconf 83' lang='grc' dir='ltr'>τῆς</span> <span class='ocrx_word' id='word_1_168' title='bbox 1295 1355 1447 1406; x_wconf 80' lang='grc' dir='ltr'><strong><em>μονῆς,</em></strong></span> <span class='ocrx_word' id='word_1_169' title='bbox 1500 1353 1568 1393; x_wconf 78' lang='grc' dir='ltr'><strong><em>καὶ</em></strong></span> 
     </span>
     <span class='ocr_line' id='line_1_19' title="bbox 106 1416 1567 1477; baseline 0.001 -15"><span class='ocrx_word' id='word_1_170' title='bbox 106 1418 373 1477; x_wconf 72' lang='grc' dir='ltr'><strong><em>ἀνεῳγμέναις</em></strong></span> <span class='ocrx_word' id='word_1_171' title='bbox 403 1420 507 1463; x_wconf 79' lang='grc' dir='ltr'><strong><em>κατὰ</em></strong></span> <span class='ocrx_word' id='word_1_172' title='bbox 535 1416 732 1477; x_wconf 83' lang='grc' dir='ltr'><strong><em>πρόνοιαν</em></strong></span> <span class='ocrx_word' id='word_1_173' title='bbox 766 1427 857 1470; x_wconf 82' lang='grc' dir='ltr'><strong><em>ταῖς</em></strong></span> <span class='ocrx_word' id='word_1_174' title='bbox 891 1420 955 1462; x_wconf 77' lang='grc' dir='ltr'><strong><em>ἐπὶ</em></strong></span> <span class='ocrx_word' id='word_1_175' title='bbox 980 1416 1145 1476; x_wconf 82' lang='grc' dir='ltr'><strong><em>χρόνοις</em></strong></span> <span class='ocrx_word' id='word_1_176' title='bbox 1162 1419 1456 1474; x_wconf 77' lang='grc' dir='ltr'><strong><em>κεκλεισμέναις</em></strong></span> <span class='ocrx_word' id='word_1_177' title='bbox 1482 1420 1567 1463; x_wconf 72' lang='grc' dir='ltr'><strong><em>ἐνέ-</em></strong></span> 
     </span>
     <span class='ocr_line' id='line_1_20' title="bbox 105 1504 243 1542; baseline 0 -12"><span class='ocrx_word' id='word_1_178' title='bbox 105 1504 243 1542; x_wconf 83' lang='grc' dir='ltr'><strong><em>τυχον.</em></strong></span> 
     </span>
    </p>
   </div>
   <div class='ocr_carea' id='block_1_3' title="bbox 105 1617 1606 2669">
    <p class='ocr_par' dir='ltr' id='par_1_6' title="bbox 105 1617 1606 2669">
     <span class='ocr_line' id='line_1_21' title="bbox 105 1617 1570 1668; baseline 0.002 -16"><span class='ocrx_word' id='word_1_179' title='bbox 105 1621 220 1653; x_wconf 87' lang='lat' dir='ltr'>natum</span> <span class='ocrx_word' id='word_1_180' title='bbox 242 1617 356 1660; x_wconf 86' lang='lat' dir='ltr'>illum,</span> <span class='ocrx_word' id='word_1_181' title='bbox 373 1617 524 1653; x_wconf 80' lang='lat' dir='ltr'>invitans</span> <span class='ocrx_word' id='word_1_182' title='bbox 545 1620 585 1653; x_wconf 88' lang='lat' dir='ltr'>ut</span> <span class='ocrx_word' id='word_1_183' title='bbox 607 1631 645 1655; x_wconf 81' lang='lat' dir='ltr'>se</span> <span class='ocrx_word' id='word_1_184' title='bbox 667 1619 726 1666; x_wconf 90' lang='lat' dir='ltr'>qui</span> <span class='ocrx_word' id='word_1_185' title='bbox 748 1618 876 1654; x_wconf 82' lang='lat' dir='ltr'>vellent</span> <span class='ocrx_word' id='word_1_186' title='bbox 897 1621 1141 1665; x_wconf 80' lang='lat' dir='ltr'><strong>sequerentur,</strong></span> <span class='ocrx_word' id='word_1_187' title='bbox 1163 1623 1349 1668; x_wconf 81' lang='lat' dir='ltr'>praecepto</span> <span class='ocrx_word' id='word_1_188' title='bbox 1373 1632 1438 1655; x_wconf 91' lang='lat' dir='ltr'>non</span> <span class='ocrx_word' id='word_1_189' title='bbox 1461 1621 1570 1655; x_wconf 86' lang='lat' dir='ltr'>inter-</span> 
     </span>
     <span class='ocr_line' id='line_1_22' title="bbox 106 1664 1570 1712; baseline 0.001 -14"><span class='ocrx_word' id='word_1_190' title='bbox 106 1664 229 1709; x_wconf 77' lang='lat' dir='ltr'>posito,</span> <span class='ocrx_word' id='word_1_191' title='bbox 251 1664 312 1698; x_wconf 83' lang='lat' dir='ltr'>sed</span> <span class='ocrx_word' id='word_1_192' title='bbox 335 1675 397 1699; x_wconf 87' lang='lat' dir='ltr'>sna</span> <span class='ocrx_word' id='word_1_193' title='bbox 419 1665 541 1710; x_wconf 80' lang='lat' dir='ltr'>cuique</span> <span class='ocrx_word' id='word_1_194' title='bbox 562 1665 671 1700; x_wconf 86' lang='lat' dir='ltr'>libera</span> <span class='ocrx_word' id='word_1_195' title='bbox 692 1666 814 1701; x_wconf 87' lang='lat' dir='ltr'>relicta</span> <span class='ocrx_word' id='word_1_196' title='bbox 835 1667 1030 1707; x_wconf 71' lang='lat' dir='ltr'>voluntate,</span> <span class='ocrx_word' id='word_1_197' title='bbox 1066 1670 1235 1701; x_wconf 85' lang='lat' dir='ltr'>caeterum</span> <span class='ocrx_word' id='word_1_198' title='bbox 1260 1667 1390 1701; x_wconf 80' lang='lat' dir='ltr'>cunctis</span> <span class='ocrx_word' id='word_1_199' title='bbox 1412 1678 1497 1712; x_wconf 84' lang='lat' dir='ltr'>quos</span> <span class='ocrx_word' id='word_1_200' title='bbox 1519 1667 1570 1700; x_wconf 84' lang='lat' dir='ltr'>la-</span> 
     </span>
     <span class='ocr_line' id='line_1_23' title="bbox 107 1709 1570 1758; baseline 0.002 -15"><span class='ocrx_word' id='word_1_201' title='bbox 107 1711 225 1744; x_wconf 87' lang='lat' dir='ltr'>borem</span> <span class='ocrx_word' id='word_1_202' title='bbox 257 1709 357 1744; x_wconf 83' lang='lat' dir='ltr'>istius</span> <span class='ocrx_word' id='word_1_203' title='bbox 390 1711 611 1755; x_wconf 85' lang='lat' dir='ltr'>profectionis</span> <span class='ocrx_word' id='word_1_204' title='bbox 641 1714 796 1757; x_wconf 80' lang='lat' dir='ltr'>perferre</span> <span class='ocrx_word' id='word_1_205' title='bbox 823 1712 867 1746; x_wconf 87' lang='lat' dir='ltr'>ad</span> <span class='ocrx_word' id='word_1_206' title='bbox 900 1716 1083 1746; x_wconf 82' lang='lat' dir='ltr'>extremum</span> <span class='ocrx_word' id='word_1_207' title='bbox 1113 1724 1178 1746; x_wconf 92' lang='lat' dir='ltr'>non</span> <span class='ocrx_word' id='word_1_208' title='bbox 1211 1713 1401 1758; x_wconf 72' lang='lat' dir='ltr'>piguisset,</span> <span class='ocrx_word' id='word_1_209' title='bbox 1437 1713 1570 1756; x_wconf 82' lang='lat' dir='ltr'>amplae</span> 
     </span>
     <span class='ocr_line' id='line_1_24' title="bbox 106 1754 1571 1802; baseline 0.001 -14"><span class='ocrx_word' id='word_1_210' title='bbox 106 1754 272 1789; x_wconf 74' lang='lat' dir='ltr'>mercedis</span> <span class='ocrx_word' id='word_1_211' title='bbox 303 1757 378 1790; x_wconf 78' lang='lat' dir='ltr'>loco</span> <span class='ocrx_word' id='word_1_212' title='bbox 410 1755 624 1802; x_wconf 85' lang='lat' dir='ltr'>despondens</span> <span class='ocrx_word' id='word_1_213' title='bbox 653 1769 807 1802; x_wconf 86' lang='lat' dir='ltr'>magnam</span> <span class='ocrx_word' id='word_1_214' title='bbox 838 1761 874 1792; x_wconf 85' lang='lat' dir='ltr'>et</span> <span class='ocrx_word' id='word_1_215' title='bbox 897 1758 1016 1792; x_wconf 86' lang='lat' dir='ltr'>bonam</span> <span class='ocrx_word' id='word_1_216' title='bbox 1040 1757 1104 1791; x_wconf 87' lang='lat' dir='ltr'>viri</span> <span class='ocrx_word' id='word_1_217' title='bbox 1126 1758 1199 1792; x_wconf 87' lang='lat' dir='ltr'>eius</span> <span class='ocrx_word' id='word_1_218' title='bbox 1222 1758 1408 1792; x_wconf 85' lang='lat' dir='ltr'>admirandi</span> <span class='ocrx_word' id='word_1_219' title='bbox 1429 1757 1571 1791; x_wconf 84' lang='lat' dir='ltr'>benedi-</span> 
     </span>
     <span class='ocr_line' id='line_1_25' title="bbox 109 1800 1569 1850; baseline 0.001 -16"><span class='ocrx_word' id='word_1_220' title='bbox 109 1800 266 1836; x_wconf 77' lang='lat' dir='ltr'>ctionem.</span> <span class='ocrx_word' id='word_1_221' title='bbox 312 1801 342 1835; x_wconf 89' lang='lat' dir='ltr'>si</span> <span class='ocrx_word' id='word_1_222' title='bbox 365 1801 423 1847; x_wconf 88' lang='lat' dir='ltr'>qui</span> <span class='ocrx_word' id='word_1_223' title='bbox 446 1807 556 1836; x_wconf 87' lang='lat' dir='ltr'>autem</span> <span class='ocrx_word' id='word_1_224' title='bbox 581 1803 674 1837; x_wconf 85' lang='lat' dir='ltr'>senio</span> <span class='ocrx_word' id='word_1_225' title='bbox 698 1804 828 1838; x_wconf 83' lang='lat' dir='ltr'>debiles</span> <span class='ocrx_word' id='word_1_226' title='bbox 849 1804 944 1849; x_wconf 81' lang='lat' dir='ltr'>aequi</span> <span class='ocrx_word' id='word_1_227' title='bbox 967 1804 1108 1850; x_wconf 83' lang='lat' dir='ltr'>pedibus</span> <span class='ocrx_word' id='word_1_228' title='bbox 1131 1804 1323 1849; x_wconf 83' lang='lat' dir='ltr'><strong>nequirent,</strong></span> <span class='ocrx_word' id='word_1_229' title='bbox 1350 1803 1493 1838; x_wconf 83' lang='lat' dir='ltr'>maxime</span> <span class='ocrx_word' id='word_1_230' title='bbox 1515 1803 1569 1836; x_wconf 90' lang='lat' dir='ltr'>lu-</span> 
     </span>
     <span class='ocr_line' id='line_1_26' title="bbox 108 1845 1569 1894; baseline 0.002 -15"><span class='ocrx_word' id='word_1_231' title='bbox 108 1845 195 1879; x_wconf 78' lang='lat' dir='ltr'>toaia</span> <span class='ocrx_word' id='word_1_232' title='bbox 218 1851 255 1880; x_wconf 86' lang='lat' dir='ltr'>et</span> <span class='ocrx_word' id='word_1_233' title='bbox 281 1852 321 1880; x_wconf 88' lang='lat' dir='ltr'>ut</span> <span class='ocrx_word' id='word_1_234' title='bbox 342 1846 376 1880; x_wconf 91' lang='lat' dir='ltr'>in</span> <span class='ocrx_word' id='word_1_235' title='bbox 399 1848 485 1881; x_wconf 84' lang='lat' dir='ltr'>urbe</span> <span class='ocrx_word' id='word_1_236' title='bbox 506 1853 603 1882; x_wconf 81' lang='lat' dir='ltr'>tanta</span> <span class='ocrx_word' id='word_1_237' title='bbox 625 1860 687 1894; x_wconf 89' lang='lat' dir='ltr'>per</span> <span class='ocrx_word' id='word_1_238' title='bbox 707 1850 847 1883; x_wconf 86' lang='lat' dir='ltr'>hiemem</span> <span class='ocrx_word' id='word_1_239' title='bbox 871 1861 975 1883; x_wconf 78' lang='lat' dir='ltr'>ooeno</span> <span class='ocrx_word' id='word_1_240' title='bbox 998 1849 1121 1894; x_wconf 88' lang='lat' dir='ltr'>passim</span> <span class='ocrx_word' id='word_1_241' title='bbox 1145 1850 1284 1883; x_wconf 75' lang='lat' dir='ltr'>lubricis</span> <span class='ocrx_word' id='word_1_242' title='bbox 1305 1852 1341 1883; x_wconf 87' lang='lat' dir='ltr'>et</span> <span class='ocrx_word' id='word_1_243' title='bbox 1363 1847 1569 1882; x_wconf 74' lang='lat' dir='ltr'>deformibus</span> 
     </span>
     <span class='ocr_line' id='line_1_27' title="bbox 109 1890 1569 1940; baseline 0.003 -17"><span class='ocrx_word' id='word_1_244' title='bbox 109 1890 249 1935; x_wconf 80' lang='lat' dir='ltr'>plateis,</span> <span class='ocrx_word' id='word_1_245' title='bbox 270 1891 324 1925; x_wconf 72' lang='lat' dir='ltr'>his</span> <span class='ocrx_word' id='word_1_246' title='bbox 346 1897 385 1926; x_wconf 84' lang='lat' dir='ltr'>ut</span> <span class='ocrx_word' id='word_1_247' title='bbox 407 1903 512 1937; x_wconf 85' lang='lat' dir='ltr'>equos</span> <span class='ocrx_word' id='word_1_248' title='bbox 536 1893 772 1930; x_wconf 82' lang='lat' dir='ltr'>inscenderent</span> <span class='ocrx_word' id='word_1_249' title='bbox 793 1894 958 1940; x_wconf 80' lang='lat' dir='ltr'><strong>permisit.</strong></span> <span class='ocrx_word' id='word_1_250' title='bbox 1005 1895 1054 1928; x_wconf 80' lang='lat' dir='ltr'>ita</span> <span class='ocrx_word' id='word_1_251' title='bbox 1077 1894 1150 1939; x_wconf 87' lang='lat' dir='ltr'>ipse</span> <span class='ocrx_word' id='word_1_252' title='bbox 1174 1894 1329 1939; x_wconf 85' lang='lat' dir='ltr'>praeiens</span> <span class='ocrx_word' id='word_1_253' title='bbox 1352 1894 1499 1927; x_wconf 86' lang='lat' dir='ltr'>ducebat</span> <span class='ocrx_word' id='word_1_254' title='bbox 1519 1893 1569 1928; x_wconf 77' lang='lat' dir='ltr'>si-</span> 
     </span>
     <span class='ocr_line' id='line_1_28' title="bbox 110 1935 1569 1985; baseline 0.003 -17"><span class='ocrx_word' id='word_1_255' title='bbox 110 1935 185 1979; x_wconf 84' lang='lat' dir='ltr'>gnis</span> <span class='ocrx_word' id='word_1_256' title='bbox 213 1935 280 1970; x_wconf 81' lang='lat' dir='ltr'>iam</span> <span class='ocrx_word' id='word_1_257' title='bbox 311 1948 332 1970; x_wconf 86' lang='lat' dir='ltr'>e</span> <span class='ocrx_word' id='word_1_258' title='bbox 365 1936 565 1982; x_wconf 82' lang='lat' dir='ltr'>quibusdam</span> <span class='ocrx_word' id='word_1_259' title='bbox 598 1939 825 1974; x_wconf 78' lang='lat' dir='ltr'>coniectantes</span> <span class='ocrx_word' id='word_1_260' title='bbox 856 1951 924 1985; x_wconf 83' lang='lat' dir='ltr'>quo</span> <span class='ocrx_word' id='word_1_261' title='bbox 946 1940 1003 1974; x_wconf 79' lang='lat' dir='ltr'>via</span> <span class='ocrx_word' id='word_1_262' title='bbox 1029 1939 1244 1983; x_wconf 80' lang='lat' dir='ltr'>dirigeretur.</span> <span class='ocrx_word' id='word_1_263' title='bbox 1291 1939 1388 1985; x_wconf 85' lang='lat' dir='ltr'>equis</span> <span class='ocrx_word' id='word_1_264' title='bbox 1411 1950 1494 1984; x_wconf 83' lang='lat' dir='ltr'>ergo</span> <span class='ocrx_word' id='word_1_265' title='bbox 1515 1939 1569 1973; x_wconf 77' lang='lat' dir='ltr'>usi</span> 
     </span>
     <span class='ocr_line' id='line_1_29' title="bbox 110 1981 1569 2031; baseline 0.003 -17"><span class='ocrx_word' id='word_1_266' title='bbox 110 1985 190 2014; x_wconf 83' lang='lat' dir='ltr'>sunt</span> <span class='ocrx_word' id='word_1_267' title='bbox 211 1981 443 2026; x_wconf 68' lang='lat' dir='ltr'>episcoporum</span> <span class='ocrx_word' id='word_1_268' title='bbox 466 1986 502 2016; x_wconf 83' lang='lat' dir='ltr'>et</span> <span class='ocrx_word' id='word_1_269' title='bbox 522 1986 759 2020; x_wconf 83' lang='lat' dir='ltr'>monachorum</span> <span class='ocrx_word' id='word_1_270' title='bbox 787 1985 946 2031; x_wconf 84' lang='lat' dir='ltr'>quidam:</span> <span class='ocrx_word' id='word_1_271' title='bbox 980 1985 1101 2029; x_wconf 79' lang='lat' dir='ltr'>reliqui</span> <span class='ocrx_word' id='word_1_272' title='bbox 1130 1985 1262 2029; x_wconf 83' lang='lat' dir='ltr'>pedites</span> <span class='ocrx_word' id='word_1_273' title='bbox 1293 1985 1443 2029; x_wconf 79' lang='lat' dir='ltr'>peditem</span> <span class='ocrx_word' id='word_1_274' title='bbox 1473 1995 1569 2019; x_wconf 75' lang='lat' dir='ltr'>asse-</span> 
     </span>
     <span class='ocr_line' id='line_1_30' title="bbox 111 2026 1567 2074; baseline 0.003 -14"><span class='ocrx_word' id='word_1_275' title='bbox 111 2026 291 2060; x_wconf 74' lang='lat' dir='ltr'>ctabantur</span> <span class='ocrx_word' id='word_1_276' title='bbox 313 2028 508 2070; x_wconf 77' lang='lat' dir='ltr'>Augustum.</span> <span class='ocrx_word' id='word_1_277' title='bbox 552 2029 610 2074; x_wconf 88' lang='lat' dir='ltr'>qui</span> <span class='ocrx_word' id='word_1_278' title='bbox 641 2041 715 2064; x_wconf 89' lang='lat' dir='ltr'>cum</span> <span class='ocrx_word' id='word_1_279' title='bbox 743 2031 834 2064; x_wconf 84' lang='lat' dir='ltr'>forte</span> <span class='ocrx_word' id='word_1_280' title='bbox 862 2029 1124 2064; x_wconf 84' lang='lat' dir='ltr'>Alexandrinum</span> <span class='ocrx_word' id='word_1_281' title='bbox 1152 2030 1379 2074; x_wconf 82' lang='lat' dir='ltr'>patriarcham</span> <span class='ocrx_word' id='word_1_282' title='bbox 1410 2041 1476 2064; x_wconf 87' lang='lat' dir='ltr'>non</span> <span class='ocrx_word' id='word_1_283' title='bbox 1504 2031 1567 2065; x_wconf 88' lang='lat' dir='ltr'>ob-</span> 
     </span>
     <span class='ocr_line' id='line_1_31' title="bbox 111 2071 1567 2122; baseline 0.003 -16"><span class='ocrx_word' id='word_1_284' title='bbox 111 2076 266 2106; x_wconf 76' lang='lat' dir='ltr'>servaret</span> <span class='ocrx_word' id='word_1_285' title='bbox 287 2071 323 2105; x_wconf 88' lang='lat' dir='ltr'>in</span> <span class='ocrx_word' id='word_1_286' title='bbox 346 2072 448 2106; x_wconf 87' lang='lat' dir='ltr'>turba</span> <span class='ocrx_word' id='word_1_287' title='bbox 470 2074 693 2118; x_wconf 84' lang='lat' dir='ltr'>sequentium,</span> <span class='ocrx_word' id='word_1_288' title='bbox 715 2076 811 2110; x_wconf 88' lang='lat' dir='ltr'>cuius</span> <span class='ocrx_word' id='word_1_289' title='bbox 836 2081 949 2110; x_wconf 80' lang='lat' dir='ltr'>tamen</span> <span class='ocrx_word' id='word_1_290' title='bbox 972 2075 1135 2119; x_wconf 82' lang='lat' dir='ltr'>suffragio</span> <span class='ocrx_word' id='word_1_291' title='bbox 1158 2076 1370 2119; x_wconf 84' lang='lat' dir='ltr'>comprobari</span> <span class='ocrx_word' id='word_1_292' title='bbox 1392 2087 1479 2122; x_wconf 91' lang='lat' dir='ltr'>quae</span> <span class='ocrx_word' id='word_1_293' title='bbox 1501 2076 1567 2111; x_wconf 84' lang='lat' dir='ltr'>fie-</span> 
     </span>
     <span class='ocr_line' id='line_1_32' title="bbox 109 2120 1567 2165; baseline 0.005 -15"><span class='ocrx_word' id='word_1_294' title='bbox 109 2121 188 2151; x_wconf 84' lang='lat' dir='ltr'>rent</span> <span class='ocrx_word' id='word_1_295' title='bbox 209 2128 414 2162; x_wconf 79' lang='lat' dir='ltr'>magnopere</span> <span class='ocrx_word' id='word_1_296' title='bbox 435 2123 583 2163; x_wconf 83' lang='lat' dir='ltr'>optaret,</span> <span class='ocrx_word' id='word_1_297' title='bbox 605 2120 696 2155; x_wconf 81' lang='lat' dir='ltr'>misit</span> <span class='ocrx_word' id='word_1_298' title='bbox 718 2120 762 2154; x_wconf 85' lang='lat' dir='ltr'>ad</span> <span class='ocrx_word' id='word_1_299' title='bbox 784 2132 860 2154; x_wconf 89' lang='lat' dir='ltr'>eum</span> <span class='ocrx_word' id='word_1_300' title='bbox 885 2121 942 2165; x_wconf 87' lang='lat' dir='ltr'>qui</span> <span class='ocrx_word' id='word_1_301' title='bbox 966 2124 1002 2155; x_wconf 87' lang='lat' dir='ltr'>et</span> <span class='ocrx_word' id='word_1_302' title='bbox 1022 2131 1107 2165; x_wconf 88' lang='lat' dir='ltr'>equo</span> <span class='ocrx_word' id='word_1_303' title='bbox 1129 2120 1287 2155; x_wconf 88' lang='lat' dir='ltr'>iuberent</span> <span class='ocrx_word' id='word_1_304' title='bbox 1308 2122 1371 2164; x_wconf 86' lang='lat' dir='ltr'>uti,</span> <span class='ocrx_word' id='word_1_305' title='bbox 1391 2127 1427 2156; x_wconf 88' lang='lat' dir='ltr'>et</span> <span class='ocrx_word' id='word_1_306' title='bbox 1448 2133 1567 2157; x_wconf 85' lang='lat' dir='ltr'>nomeu</span> 
     </span>
     <span class='ocr_line' id='line_1_33' title="bbox 109 2161 1567 2210; baseline 0.004 -13"><span class='ocrx_word' id='word_1_307' title='bbox 109 2161 235 2197; x_wconf 81' lang='lat' dir='ltr'>occulti</span> <span class='ocrx_word' id='word_1_308' title='bbox 259 2163 351 2197; x_wconf 84' lang='lat' dir='ltr'>vatis</span> <span class='ocrx_word' id='word_1_309' title='bbox 371 2162 577 2205; x_wconf 85' lang='lat' dir='ltr'>indicarent,</span> <span class='ocrx_word' id='word_1_310' title='bbox 609 2171 646 2199; x_wconf 88' lang='lat' dir='ltr'>et</span> <span class='ocrx_word' id='word_1_311' title='bbox 673 2176 695 2200; x_wconf 86' lang='lat' dir='ltr'>a</span> <span class='ocrx_word' id='word_1_312' title='bbox 715 2177 763 2199; x_wconf 69' lang='lat' dir='ltr'>se</span> <span class='ocrx_word' id='word_1_313' title='bbox 785 2166 963 2210; x_wconf 82' lang='lat' dir='ltr'>diligenter</span> <span class='ocrx_word' id='word_1_314' title='bbox 984 2170 1122 2199; x_wconf 84' lang='lat' dir='ltr'>orarent</span> <span class='ocrx_word' id='word_1_315' title='bbox 1143 2177 1187 2200; x_wconf 87' lang='lat' dir='ltr'>ne</span> <span class='ocrx_word' id='word_1_316' title='bbox 1210 2167 1282 2201; x_wconf 87' lang='lat' dir='ltr'>eius</span> <span class='ocrx_word' id='word_1_317' title='bbox 1304 2167 1421 2202; x_wconf 87' lang='lat' dir='ltr'>honori</span> <span class='ocrx_word' id='word_1_318' title='bbox 1442 2168 1567 2202; x_wconf 81' lang='lat' dir='ltr'>adver-</span> 
     </span>
     <span class='ocr_line' id='line_1_34' title="bbox 110 2209 1567 2259; baseline 0.006 -18"><span class='ocrx_word' id='word_1_319' title='bbox 110 2212 258 2242; x_wconf 84' lang='lat' dir='ltr'>saretur.</span> <span class='ocrx_word' id='word_1_320' title='bbox 306 2209 390 2242; x_wconf 84' lang='lat' dir='ltr'>haec</span> <span class='ocrx_word' id='word_1_321' title='bbox 411 2209 623 2244; x_wconf 74' lang='lat' dir='ltr'>Andronicus</span> <span class='ocrx_word' id='word_1_322' title='bbox 645 2211 695 2245; x_wconf 81' lang='lat' dir='ltr'>sic</span> <span class='ocrx_word' id='word_1_323' title='bbox 716 2211 897 2245; x_wconf 88' lang='lat' dir='ltr'>mandabat</span> <span class='ocrx_word' id='word_1_324' title='bbox 924 2211 1239 2256; x_wconf 81' lang='lat' dir='ltr'>deprehendendum</span> <span class='ocrx_word' id='word_1_325' title='bbox 1268 2213 1378 2248; x_wconf 87' lang='lat' dir='ltr'>adhuc</span> <span class='ocrx_word' id='word_1_326' title='bbox 1404 2213 1439 2248; x_wconf 86' lang='lat' dir='ltr'>in</span> <span class='ocrx_word' id='word_1_327' title='bbox 1469 2214 1567 2259; x_wconf 80' lang='lat' dir='ltr'>pala-</span> 
     </span>
     <span class='ocr_line' id='line_1_35' title="bbox 111 2253 1569 2306; baseline 0.006 -20"><span class='ocrx_word' id='word_1_328' title='bbox 111 2253 172 2296; x_wconf 85' lang='lat' dir='ltr'>tio,</span> <span class='ocrx_word' id='word_1_329' title='bbox 187 2253 247 2287; x_wconf 88' lang='lat' dir='ltr'>nbi</span> <span class='ocrx_word' id='word_1_330' title='bbox 271 2254 423 2288; x_wconf 84' lang='lat' dir='ltr'>concioni</span> <span class='ocrx_word' id='word_1_331' title='bbox 443 2255 636 2298; x_wconf 78' lang='lat' dir='ltr'>adstiterat,</span> <span class='ocrx_word' id='word_1_332' title='bbox 658 2256 917 2291; x_wconf 82' lang='lat' dir='ltr'>Alexandrinum</span> <span class='ocrx_word' id='word_1_333' title='bbox 940 2262 1136 2290; x_wconf 87' lang='lat' dir='ltr'>autumans:</span> <span class='ocrx_word' id='word_1_334' title='bbox 1158 2268 1274 2292; x_wconf 85' lang='lat' dir='ltr'>verum</span> <span class='ocrx_word' id='word_1_335' title='bbox 1296 2259 1364 2299; x_wconf 83' lang='lat' dir='ltr'>ille,</span> <span class='ocrx_word' id='word_1_336' title='bbox 1386 2264 1569 2306; x_wconf 71' lang='lat' dir='ltr'>praetextu</span> 
     </span>
     <span class='ocr_line' id='line_1_36' title="bbox 113 2298 1567 2351; baseline 0.005 -18"><span class='ocrx_word' id='word_1_337' title='bbox 113 2298 335 2334; x_wconf 68' lang='lat' dir='ltr'>celebrandae</span> <span class='ocrx_word' id='word_1_338' title='bbox 356 2299 514 2345; x_wconf 81' lang='lat' dir='ltr'>liturgiae</span> <span class='ocrx_word' id='word_1_339' title='bbox 544 2301 657 2346; x_wconf 84' lang='lat' dir='ltr'>magni</span> <span class='ocrx_word' id='word_1_340' title='bbox 686 2302 794 2347; x_wconf 87' lang='lat' dir='ltr'>patris</span> <span class='ocrx_word' id='word_1_341' title='bbox 815 2302 1012 2343; x_wconf 72' lang='lat' dir='ltr'>Athanasii,</span> <span class='ocrx_word' id='word_1_342' title='bbox 1043 2302 1173 2336; x_wconf 85' lang='lat' dir='ltr'>domum</span> <span class='ocrx_word' id='word_1_343' title='bbox 1197 2314 1316 2338; x_wconf 80' lang='lat' dir='ltr'>versus</span> <span class='ocrx_word' id='word_1_344' title='bbox 1336 2304 1406 2339; x_wconf 83' lang='lat' dir='ltr'>iter</span> <span class='ocrx_word' id='word_1_345' title='bbox 1426 2317 1567 2351; x_wconf 81' lang='lat' dir='ltr'>praece-</span> 
     </span>
     <span class='ocr_line' id='line_1_37' title="bbox 112 2346 1606 2394; baseline 0.005 -15"><span class='ocrx_word' id='word_1_346' title='bbox 112 2350 225 2389; x_wconf 80' lang='lat' dir='ltr'>perat.</span> <span class='ocrx_word' id='word_1_347' title='bbox 278 2351 356 2380; x_wconf 86' lang='lat' dir='ltr'>erat</span> <span class='ocrx_word' id='word_1_348' title='bbox 394 2346 553 2392; x_wconf 75' lang='lat' dir='ltr'>deinceps</span> <span class='ocrx_word' id='word_1_349' title='bbox 583 2348 777 2392; x_wconf 86' lang='lat' dir='ltr'>spectaculo</span> <span class='ocrx_word' id='word_1_350' title='bbox 806 2349 998 2394; x_wconf 84' lang='lat' dir='ltr'>constipata</span> <span class='ocrx_word' id='word_1_351' title='bbox 1036 2347 1127 2382; x_wconf 78' lang='lat' dir='ltr'>circa</span> <span class='ocrx_word' id='word_1_352' title='bbox 1160 2347 1398 2394; x_wconf 81' lang='lat' dir='ltr'>imperatorem</span> <span class='ocrx_word' id='word_1_353' title='bbox 1435 2351 1569 2386; x_wconf 83' lang='lat' dir='ltr'>infinita</span> <span class='ocrx_word' id='word_1_354' title='bbox 1603 2385 1606 2388; x_wconf 82' lang='grc'>,</span> 
     </span>
     <span class='ocr_line' id='line_1_38' title="bbox 111 2390 1569 2443; baseline 0.005 -20"><span class='ocrx_word' id='word_1_355' title='bbox 111 2390 313 2432; x_wconf 71' lang='lat' dir='ltr'>multitudo,</span> <span class='ocrx_word' id='word_1_356' title='bbox 346 2392 521 2426; x_wconf 84' lang='lat' dir='ltr'>momentis</span> <span class='ocrx_word' id='word_1_357' title='bbox 551 2393 690 2437; x_wconf 83' lang='lat' dir='ltr'>singulis</span> <span class='ocrx_word' id='word_1_358' title='bbox 717 2393 906 2427; x_wconf 73' lang='lat' dir='ltr'>increscens</span> <span class='ocrx_word' id='word_1_359' title='bbox 939 2404 1015 2427; x_wconf 85' lang='lat' dir='ltr'>sese</span> <span class='ocrx_word' id='word_1_360' title='bbox 1037 2395 1302 2437; x_wconf 75' lang='lat' dir='ltr'>aggregantibun</span> <span class='ocrx_word' id='word_1_361' title='bbox 1323 2397 1438 2431; x_wconf 76' lang='lat' dir='ltr'>eodem</span> <span class='ocrx_word' id='word_1_362' title='bbox 1461 2397 1569 2443; x_wconf 88' lang='lat' dir='ltr'>plenis</span> 
     </span>
     <span class='ocr_line' id='line_1_39' title="bbox 111 2435 1568 2488; baseline 0.005 -19"><span class='ocrx_word' id='word_1_363' title='bbox 111 2435 211 2480; x_wconf 74' lang='lat' dir='ltr'>quasi</span> <span class='ocrx_word' id='word_1_364' title='bbox 224 2438 432 2472; x_wconf 74' lang='lat' dir='ltr'>torrentibus</span> <span class='ocrx_word' id='word_1_365' title='bbox 447 2437 573 2484; x_wconf 85' lang='lat' dir='ltr'>populi,</span> <span class='ocrx_word' id='word_1_366' title='bbox 587 2439 705 2474; x_wconf 83' lang='lat' dir='ltr'>effusis</span> <span class='ocrx_word' id='word_1_367' title='bbox 725 2437 874 2485; x_wconf 81' lang='lat' dir='ltr'>undique</span> <span class='ocrx_word' id='word_1_368' title='bbox 895 2438 1018 2473; x_wconf 83' lang='lat' dir='ltr'>studiis</span> <span class='ocrx_word' id='word_1_369' title='bbox 1039 2438 1077 2472; x_wconf 89' lang='lat' dir='ltr'>in</span> <span class='ocrx_word' id='word_1_370' title='bbox 1099 2450 1199 2474; x_wconf 89' lang='lat' dir='ltr'>uuum</span> <span class='ocrx_word' id='word_1_371' title='bbox 1221 2441 1432 2484; x_wconf 72' lang='lat' dir='ltr'>confluentis,</span> <span class='ocrx_word' id='word_1_372' title='bbox 1451 2443 1568 2488; x_wconf 88' lang='lat' dir='ltr'>proni-</span> 
     </span>
     <span class='ocr_line' id='line_1_40' title="bbox 113 2481 1570 2534; baseline 0.005 -20"><span class='ocrx_word' id='word_1_373' title='bbox 113 2490 182 2526; x_wconf 80' lang='lat' dir='ltr'>que</span> <span class='ocrx_word' id='word_1_374' title='bbox 203 2481 389 2517; x_wconf 73' lang='lat' dir='ltr'>delabentis</span> <span class='ocrx_word' id='word_1_375' title='bbox 410 2494 479 2529; x_wconf 83' lang='lat' dir='ltr'>quo</span> <span class='ocrx_word' id='word_1_376' title='bbox 501 2484 633 2519; x_wconf 89' lang='lat' dir='ltr'>demum</span> <span class='ocrx_word' id='word_1_377' title='bbox 656 2496 787 2531; x_wconf 86' lang='lat' dir='ltr'>cunque</span> <span class='ocrx_word' id='word_1_378' title='bbox 809 2484 1040 2531; x_wconf 77' lang='lat' dir='ltr'>praecepisset</span> <span class='ocrx_word' id='word_1_379' title='bbox 1071 2484 1277 2530; x_wconf 80' lang='lat' dir='ltr'>imperator,</span> <span class='ocrx_word' id='word_1_380' title='bbox 1310 2494 1570 2534; x_wconf 85' lang='lat' dir='ltr'>perseveranter</span> 
     </span>
     <span class='ocr_line' id='line_1_41' title="bbox 114 2524 1572 2578; baseline 0.006 -19"><span class='ocrx_word' id='word_1_381' title='bbox 114 2524 246 2560; x_wconf 77' lang='lat' dir='ltr'>interim</span> <span class='ocrx_word' id='word_1_382' title='bbox 269 2532 306 2561; x_wconf 87' lang='lat' dir='ltr'>et</span> <span class='ocrx_word' id='word_1_383' title='bbox 326 2527 402 2573; x_wconf 82' lang='lat' dir='ltr'>ipso</span> <span class='ocrx_word' id='word_1_384' title='bbox 426 2530 578 2574; x_wconf 79' lang='lat' dir='ltr'>Augusto</span> <span class='ocrx_word' id='word_1_385' title='bbox 608 2531 811 2575; x_wconf 83' lang='lat' dir='ltr'>gradiente,</span> <span class='ocrx_word' id='word_1_386' title='bbox 844 2531 957 2576; x_wconf 80' lang='lat' dir='ltr'>quoad</span> <span class='ocrx_word' id='word_1_387' title='bbox 989 2529 1046 2564; x_wconf 84' lang='lat' dir='ltr'>vix</span> <span class='ocrx_word' id='word_1_388' title='bbox 1070 2530 1205 2566; x_wconf 82' lang='lat' dir='ltr'>tandem</span> <span class='ocrx_word' id='word_1_389' title='bbox 1228 2533 1398 2578; x_wconf 81' lang='lat' dir='ltr'>superatis</span> <span class='ocrx_word' id='word_1_390' title='bbox 1420 2533 1495 2568; x_wconf 83' lang='lat' dir='ltr'>viae</span> <span class='ocrx_word' id='word_1_391' title='bbox 1517 2534 1572 2568; x_wconf 81' lang='lat' dir='ltr'>hi-</span> 
     </span>
     <span class='ocr_line' id='line_1_42' title="bbox 114 2569 1573 2623; baseline 0.006 -19"><span class='ocrx_word' id='word_1_392' title='bbox 114 2569 242 2605; x_wconf 76' lang='lat' dir='ltr'>bernae</span> <span class='ocrx_word' id='word_1_393' title='bbox 263 2572 519 2609; x_wconf 79' lang='lat' dir='ltr'>difficultatibus</span> <span class='ocrx_word' id='word_1_394' title='bbox 546 2575 590 2610; x_wconf 88' lang='lat' dir='ltr'>ad</span> <span class='ocrx_word' id='word_1_395' title='bbox 614 2580 731 2621; x_wconf 75' lang='lat' dir='ltr'>portas</span> <span class='ocrx_word' id='word_1_396' title='bbox 753 2576 950 2610; x_wconf 86' lang='lat' dir='ltr'>monasterii</span> <span class='ocrx_word' id='word_1_397' title='bbox 977 2586 1186 2620; x_wconf 81' lang='lat' dir='ltr'>pervenere,</span> <span class='ocrx_word' id='word_1_398' title='bbox 1216 2589 1302 2623; x_wconf 85' lang='lat' dir='ltr'>quas</span> <span class='ocrx_word' id='word_1_399' title='bbox 1325 2584 1360 2613; x_wconf 92' lang='lat' dir='ltr'>et</span> <span class='ocrx_word' id='word_1_400' title='bbox 1380 2579 1493 2613; x_wconf 84' lang='lat' dir='ltr'>multis</span> <span class='ocrx_word' id='word_1_401' title='bbox 1514 2590 1573 2613; x_wconf 88' lang='lat' dir='ltr'>re-</span> 
     </span>
     <span class='ocr_line' id='line_1_43' title="bbox 115 2617 1571 2669; baseline 0.007 -19"><span class='ocrx_word' id='word_1_402' title='bbox 115 2620 171 2650; x_wconf 84' lang='lat' dir='ltr'>tro</span> <span class='ocrx_word' id='word_1_403' title='bbox 185 2617 281 2652; x_wconf 81' lang='lat' dir='ltr'>annia</span> <span class='ocrx_word' id='word_1_404' title='bbox 294 2618 435 2662; x_wconf 72' lang='lat' dir='ltr'>clausas,</span> <span class='ocrx_word' id='word_1_405' title='bbox 449 2620 595 2667; x_wconf 84' lang='lat' dir='ltr'>quadam</span> <span class='ocrx_word' id='word_1_406' title='bbox 609 2628 691 2657; x_wconf 81' lang='lat' dir='ltr'>tunc</span> <span class='ocrx_word' id='word_1_407' title='bbox 704 2621 919 2668; x_wconf 85' lang='lat' dir='ltr'>providentia</span> <span class='ocrx_word' id='word_1_408' title='bbox 933 2626 1104 2656; x_wconf 79' lang='lat' dir='ltr'>reseratas</span> <span class='ocrx_word' id='word_1_409' title='bbox 1120 2633 1162 2658; x_wconf 79' lang='lat' dir='ltr'>ac</span> <span class='ocrx_word' id='word_1_410' title='bbox 1174 2627 1331 2669; x_wconf 78' lang='lat' dir='ltr'>patentes</span> <span class='ocrx_word' id='word_1_411' title='bbox 1345 2625 1571 2660; x_wconf 82' lang='lat' dir='ltr'>offenderunt.</span> 
     </span>
    </p>
   </div>
   <div class='ocr_carea' id='block_1_4' title="bbox 713 2750 981 2759">
    <p class='ocr_par' dir='ltr' id='par_1_7' title="bbox 713 2750 981 2759">
     <span class='ocr_line' id='line_1_44' title="bbox 713 2750 981 2759; baseline 0 0"><span class='ocrx_word' id='word_1_412' title='bbox 713 2750 981 2759; x_wconf 95' lang='lat' dir='ltr'> </span> 
     </span>
    </p>
   </div>
  </div>
 </body>
</html>
