1858 3126
293 182 391 228 530
706 178 941 223 GEORGII
973 179 1318 226 PACHYMERIS

293 293 348 344 ὦς
381 294 423 335 ἐκ
452 295 614 335 πολλῶν
642 291 777 334 ἐδίδου
800 292 957 343 δοκεῖν,
992 287 1223 346 χρώμενος,
1258 291 1321 335 ὅτι
1337 310 1379 349 γε
1395 296 1460 337 καὶ
1479 293 1735 350 εῑςἛλληνος

290 364 357 405 καὶ
381 357 545 416 γνώμην
575 361 642 402 καὶ
674 359 824 414 στολὴν
851 356 1127 413 μετετάττετο.
1206 365 1376 411 πολλαῖς
1405 363 1450 404 δὲ
1480 364 1545 405 καὶ
1564 368 1736 420 φιλοτη-

291 431 397 478 σίαις
424 427 526 483 πρὸς
552 431 625 470 τοῦ
656 431 904 483 κρατοῦντος
931 427 1154 482 ἕκυὸροῦτο
1182 436 1272 478 ταῖς
1306 428 1557 484 εὐεργεσίαις.
1633 429 1736 486 πρὸς

242 503 272 538 C
294 495 454 544 τούτοις
470 496 538 537 καὶ
553 495 704 552 εὐγενεῖ
719 493 819 552 κόρῃ
838 500 888 551 τῇ
907 499 979 538 τοῦ
995 495 1143 549 παχέος
1157 493 1304 539 Ῥαοὺλ
1333 499 1388 547 εἷς
1416 494 1546 553 γάμον
1566 494 1737 551 νόμιμον

290 565 540 622 συνῳκίζετο.
618 561 751 622 τούτῳ
785 563 976 615 βασιλεὺς
1008 561 1187 613 ἐκτόπως
1217 562 1438 618 πιστεύων,
1494 565 1537 616 ἐξ
1573 564 1769 611 ’Ῑταλῶνό

290 629 570 687 ιἰρτυσοῖμενος
596 635 697 674 ναῦν
726 633 792 673 καὶ
817 629 955 687 ῥόγαις
984 629 1230 683 ἔξικανώσας
1259 632 1355 682 τοὺς
1382 633 1424 676 ἐν
1446 632 1551 690 αὐτῇ
1572 632 1673 688 πρὸς
1692 633 1737 676 τὸ

289 700 547 744 ἀποστέλλειν
564 694 636 753 ἦν,
671 704 1015 756 τριηραρχοῦντος
1031 699 1175 743 αὐτοῦ.
1242 699 1380 754 ἔμελλε
1400 702 1445 744 δὲ
1465 700 1548 757 ἄρα
1577 702 1644 743 καὶ
1665 699 1742 742 ἅλ-

290 773 366 818 λας
385 765 553 810 κατόπιν
580 767 789 821 ἐκπέμπειν
810 768 1170 821 συναμυνουμένας
1189 767 1285 817 τούς
1303 766 1504 818 ἐπιόντας.
1573 766 1628 818 ὥς
1644 772 1741 824 γοῦν

154 843 182 879 Ρ
204 842 271 877 369
297 833 555 880 συνετάττετο
583 839 748 888 βασιλεῖ
770 837 837 878 καὶ
875 835 978 892 πρὸς
1007 842 1096 886 ταῖς
1134 834 1287 886 ἐξόδοις
1321 832 1391 892 ἦν,
1444 835 1678 892 ἀγγέλλεταί
1702 835 1743 878 οἱ

289 904 404 960 παρὰ
422 907 495 946 τοῦ
518 900 695 958 κόμητος
713 907 786 958 τῆς
803 904 899 953 νεὼς
922 902 976 952 ὥς
993 903 1300 960 Ἀμογαβάρους
1320 907 1387 947 καὶ
1404 902 1506 960 ὖπὲρ
1527 904 1624 954 τούς
1646 921 1737 946 πεν-
1752 916 1796 949 10

292 971 482 1028 τήκοντα,
515 969 570 1020 ὥς
588 970 758 1023 εἰκάσαι,
796 971 1003 1027 κρυφηδὸν
1027 971 1103 1026 ἔχει
1123 977 1203 1014 τῶν
1225 971 1585 1027 καταστρωμάτων
1603 970 1715 1021 ἐντός
1729 985 1740 995 ”

293 1040 315 1083 ὃ
336 1041 385 1095 δὴ
400 1041 465 1082 καὶ
485 1040 681 1094 φωραθέν
701 1040 855 1089 εὐθέως
874 1040 946 1094 τὴν
964 1039 1154 1082 ἀπιστίαν
1172 1042 1351 1096 παρίστα
1370 1043 1436 1082 καὶ
1454 1045 1528 1083 τοῦ
1547 1037 1744 1096 τριηρᾶρ-
1788 1079 1790 1082 ,

288 1126 380 1164 χου.
450 1109 515 1150 καὶ
538 1105 559 1150 ὃ
578 1109 652 1162 μὲν
677 1109 919 1163 ἐγκέκλειστο
933 1140 946 1159 ,
977 1108 1014 1149 οἶ
1036 1109 1080 1150 δὲ
1097 1109 1164 1150 καὶ
1187 1107 1302 1150 αὐτοὶ
1331 1107 1463 1166 (οὔπω
1488 1108 1566 1164 γὰρ
1585 1110 1652 1150 καὶ
1671 1102 1744 1150 οἷ-

293 1195 356 1220 τοι
379 1176 520 1224 τελέως
546 1174 781 1231 ἠγγέλλοντο
815 1176 867 1218 τὰ
897 1174 1035 1231 δεινὰ)
1069 1177 1109 1218 ἕν
1139 1174 1354 1232 τηρήσεσιν
1373 1171 1501 1231 ἦσαν,
1537 1175 1642 1230 πλὴν
1661 1179 1743 1218 τῶν

293 1242 560 1287 ἀποστάντων
579 1244 743 1287 ἐκεῖθεν.
815 1243 913 1286 ἀλλ’
944 1243 1071 1292 εὐθὺς
1098 1244 1140 1285 αἱ
1159 1246 1296 1300 πικραὶ
1326 1248 1461 1300 φῆμαι
1482 1241 1739 1297 κατελάμβα-
1753 1254 1796 1290 15

293 1331 362 1356 νον
376 1346 390 1366 ,
428 1312 478 1361 ἃς
496 1311 571 1354 οὐκ
592 1312 717 1362 ἄλλος
738 1311 832 1355 ἀλλ’
857 1311 973 1354 αὐτοὶ
995 1310 1187 1368 ἐφήμιζον
1210 1311 1249 1355 οἱ
1269 1310 1487 1365 πείθοντες,
1523 1314 1591 1354 καὶ
1611 1315 1746 1369 θροῦς

382 1409 416 1444 3.
441 1408 542 1452 ταῖς]
567 1406 657 1444 nal?
795 1409 849 1443 16.
873 1403 943 1453 ἃς]
969 1406 1019 1449 οἷς
1040 1407 1082 1443 Ρ.

292 1502 486 1535 noraverat.
530 1499 619 1532 hunc
652 1498 718 1532 sibi
747 1498 851 1531 fidum
883 1500 920 1530 et
950 1507 1027 1531 esse
1059 1499 1096 1531 et
1129 1497 1202 1531 fore
1234 1508 1308 1532 cum
1339 1497 1415 1533 aliis
1444 1497 1574 1534 idoneis
1594 1510 1616 1533 e
1637 1497 1744 1544 signis

292 1545 508 1586 autumabat,
544 1548 614 1577 tum
637 1542 728 1587 quod
750 1543 872 1586 dogma
903 1543 1129 1588 vestitumque
1152 1543 1348 1577 Latinorum
1372 1545 1508 1578 Graeco
1542 1549 1745 1586 mutaverat,

293 1591 327 1624 in
347 1595 499 1623 nostrum
526 1600 592 1622 non
615 1588 712 1622 modo
747 1599 918 1621 sacrorum
949 1588 1049 1621 ritum
1081 1588 1143 1622 sed
1166 1595 1201 1622 et
1224 1590 1347 1622 cultum
1381 1588 1512 1623 civilem
1533 1600 1572 1623 se
1595 1590 1745 1623 transfe-

292 1647 391 1676 rens,
415 1632 527 1667 multis
556 1633 633 1666 ideo
666 1634 709 1667 ab
744 1633 948 1677 imperatore
971 1633 1093 1666 amoris
1112 1633 1413 1678 significationibus
1434 1634 1600 1675 affectus,
1632 1634 1745 1668 multis

295 1686 434 1715 ornatus
465 1678 658 1717 beneficiis,
690 1682 726 1711 et
760 1689 863 1722 super
893 1677 1003 1711 omnia
1023 1679 1207 1722 praenobili
1229 1678 1350 1723 virgini
1372 1678 1463 1712 filiae
1485 1679 1602 1713 Rasilis
1626 1678 1747 1714 Crassi

294 1726 441 1771 legitimo
465 1722 671 1759 matrimonio
706 1723 911 1757 coniunctus.
957 1723 1013 1757 isti
1042 1726 1095 1757 tot
1124 1724 1213 1758 datis
1236 1728 1288 1757 tot
1310 1724 1459 1768 acceptis
1482 1729 1619 1758 mutuae
1640 1725 1746 1759 bene-

295 1771 466 1807 volentiae
490 1769 684 1815 pignoribus
706 1768 806 1814 plane
828 1768 893 1802 sibi
914 1774 1027 1809 certo,
1051 1774 1086 1802 et
1109 1775 1210 1814 prout
1231 1769 1440 1804 securissime
1461 1770 1637 1811 credebat,
1662 1782 1744 1804 oon-

296 1817 502 1852 stantissiine
523 1815 615 1849 fideli
646 1820 807 1848 armatam
839 1824 882 1847 ex
904 1814 997 1848 Italis
1018 1825 1137 1848 navem
1163 1820 1198 1848 et
1220 1818 1414 1848 auctoratos
1435 1815 1650 1860 pensionibus
1670 1815 1746 1850 ido-

296 1863 390 1905 ucis,
413 1873 498 1908 quos
521 1862 727 1906 imposuerat
748 1860 799 1901 ei,
822 1859 944 1893 milites
976 1860 1183 1894 committere
1213 1861 1435 1901 decreverat,
1465 1860 1747 1907 praemittereque

296 1909 458 1943 adversus
482 1908 596 1941 hostes
619 1905 828 1939 trierarchae
850 1908 1039 1950 potestate,
1074 1905 1232 1950 pollicens
1264 1917 1302 1940 se
1332 1905 1416 1939 alias
1436 1905 1485 1939 illi
1505 1906 1745 1941 submissurum

297 1965 421 1996 naves,
444 1953 568 1998 quibus
591 1951 721 1997 piratas
751 1956 788 1985 et
817 1951 942 1984 classes
975 1950 1110 1985 hostiles
1131 1963 1223 1985 mare
1245 1956 1394 1985 nostrum
1426 1950 1625 1986 infestantes
1647 1955 1747 1986 coer-

297 2004 402 2034 ceret.
447 2000 524 2032 dum
547 1998 582 2031 in
604 1998 667 2031 hoc
691 2002 856 2042 apparatu
881 2007 936 2030 res
958 1997 1096 2030 stabant
1118 2002 1154 2030 et
1173 1996 1240 2030 iam
1261 1997 1451 2042 procinctus
1474 1997 1637 2032 amerales
1656 2002 1747 2032 tam-

297 2057 397 2090 quam
421 2055 498 2078 mox
530 2043 700 2078 soluturus
729 2042 805 2076 vale
838 2042 968 2076 diceret
992 2044 1141 2086 Augusto
1155 2067 1164 2084 ‚
1188 2054 1268 2076 ecce
1289 2042 1366 2076 huic
1388 2042 1539 2084 nuntiat,
1562 2054 1659 2088 quem
1682 2054 1746 2078 vo-

298 2096 377 2126 cant
399 2089 495 2123 navis
518 2088 692 2130 comitem,
725 2088 886 2132 magister
910 2093 946 2122 et
968 2088 1158 2122 moderator
1181 2088 1360 2132 remigum,
1374 2117 1376 2119 .
1391 2099 1467 2122 sese
1488 2088 1747 2133 deprehendisse

300 2137 362 2169 sub
387 2135 537 2168 tabulato
570 2134 715 2168 triremis
736 2134 913 2175 insidiose,
945 2138 984 2167 ut
1006 2134 1212 2178 apparebat,
1247 2135 1290 2168 ab
1313 2134 1459 2168 amerale
1479 2133 1548 2168 illic
1569 2133 1748 2168 abscondi-

297 2185 351 2214 tos
374 2180 448 2224 plus
471 2191 569 2224 quam
593 2179 836 2224 qninquaginta
861 2179 1088 2223 Amogabaros
1111 2186 1268 2213 armatos.
1313 2179 1349 2213 id
1371 2178 1460 2224 quod
1482 2190 1504 2214 a
1526 2179 1635 2213 missis
1651 2178 1743 2212 illico

298 2225 566 2270 exploratoribus
587 2225 793 2259 incredibilis
817 2226 898 2259 facti
920 2224 1128 2259 verissimum
1150 2230 1319 2270 repertum
1341 2224 1515 2269 perfidiam
1535 2223 1745 2259 trierarchae

298 2270 506 2304 manifestam
535 2270 642 2304 fecit.'
672 2282 782 2315 quare
815 2271 846 2304 is
877 2270 1010 2315 quidem
1041 2271 1175 2304 clausus
1205 2276 1417 2310 asservatur,
1441 2267 1640 2314 deprehensi
1660 2279 1742 2303 vero

298 2316 333 2350 in
358 2315 496 2349 latebris
521 2316 661 2356 milites,
683 2317 778 2360 quasi
802 2322 840 2349 ut
863 2316 993 2361 plenius
1013 2315 1239 2360 inquireretur
1260 2315 1303 2349 de
1323 2314 1466 2349 nondum
1489 2315 1639 2358 perfecte
1660 2324 1744 2347 con-

298 2360 399 2395 victis
422 2360 558 2404 maligui
579 2360 700 2402 animi,
723 2361 757 2394 in
779 2361 950 2395 custodias
973 2364 1008 2394 et
1039 2360 1105 2406 ipsi
1126 2361 1197 2395 dati
1218 2365 1316 2401 sunt,
1347 2366 1485 2404 praeter
1505 2369 1630 2403 paucos
1651 2358 1744 2392 inter

323 2406 438 2440 timum
461 2406 634 2439 tumultum
657 2406 801 2450 elapsos.
846 2407 922 2440 eius
954 2406 1003 2438 rei
1029 2406 1119 2439 fama
1147 2405 1262 2439 statim
1292 2415 1352 2447 per
1373 2403 1540 2438 civitatem
1563 2403 1745 2438 incredibi-

298 2418 377 2486 iiter
399 2451 628 2484 consternavit
648 2451 804 2494 populum
817 2475 828 2492 ,
862 2451 1008 2494 imagine
1033 2449 1304 2484 horrendiexitii
1326 2449 1360 2482 in
1382 2448 1470 2493 quod
1494 2459 1601 2492 paene
1622 2449 1745 2483 fuisset

302 2495 403 2531 nimia
425 2496 587 2529 facilitate
608 2495 765 2528 credendi
788 2496 978 2540 respublica
1001 2495 1164 2529 coniecta.
1210 2495 1336 2538 primae
1356 2493 1390 2526 in
1413 2493 1477 2526 hoc
1499 2494 1638 2527 tumultu
1661 2505 1745 2539 par·-

301 2547 356 2576 tes
378 2545 477 2575 erant
498 2551 718 2574 convenarum
731 2564 741 2581 ‚
771 2540 814 2573 de
837 2540 960 2584 quibus
981 2540 1142 2581 diximus,
1178 2539 1308 2573 iliorum
1330 2537 1364 2572 vi
1386 2549 1427 2572 ac
1447 2543 1578 2572 terrore
1604 2539 1744 2574 Catela-

301 2588 398 2622 nicae
418 2584 617 2619 incursionis
650 2585 890 2630 compulsorum
923 2585 1012 2618 intra
1044 2585 1170 2618 urbem.
1218 2583 1251 2617 hi
1287 2587 1324 2617 ut
1353 2583 1482 2628 experti
1503 2582 1743 2618 immanitatem

303 2633 376 2668 eius
396 2630 525 2676 gentis,
549 2629 643 2663 cuius
666 2630 701 2663 in
732 2633 932 2673 potestatem
961 2634 1090 2662 tantum
1113 2641 1178 2663 non
1199 2628 1282 2662 data
1303 2628 1384 2662 urbs
1407 2627 1548 2670 suisset,
1570 2628 1744 2664 eiulabant

301 2677 460 2713 videlicet
486 2675 702 2720 impotentius
734 2674 900 2716 caeteris,
944 2684 1026 2708 unos
1060 2685 1098 2707 se
1137 2674 1287 2707 nimirum
1319 2673 1461 2707 omnium
1492 2673 1581 2708 scire
1611 2674 1743 2709 aientes

301 2728 463 2769 quantum
489 2721 631 2755 haberet
660 2719 821 2764 perniciei
851 2719 1071 2760 Catehnica,
1106 2730 1204 2764 quam
1245 2722 1372 2752 tantum
1404 2730 1470 2752 non
1509 2718 1742 2760 incurrissent,

301 2769 472 2808 servitum
494 2771 530 2801 et
551 2765 750 2800 moestitiam
771 2777 791 2799 e
813 2764 936 2798 vicinia
964 2764 1103 2809 periculi
1124 2764 1297 2809 querulam
1329 2763 1526 2808 contagione
1548 2764 1584 2798 in
1606 2765 1741 2810 piebem

301 2813 392 2849 facili
413 2813 608 2859 vulgantes,
640 2811 751 2846 luctus
775 2810 842 2847 sibi
861 2811 1083 2857 planctusque
1103 2810 1233 2856 pariter
1255 2809 1525 2855 complorantium
1545 2810 1642 2846 simul
1665 2810 1757 2844 uni-.
