1858 3126
289 191 385 238 804
686 189 993 232 OBSERVAT.
1027 190 1339 234 PACHYMER.

289 304 494 349 clarasset,
522 298 632 336 dedit
651 311 689 336 se
707 299 776 337 hic
792 299 835 337 in
858 299 982 349 viam,
1012 306 1051 337 et
1070 313 1176 338 nono
1195 300 1242 338 ab
1259 299 1338 338 hoc
1354 299 1438 350 die,
1464 301 1561 341 feria
1582 307 1725 354 quarta

288 355 552 395 hebdomadae
578 354 773 404 Thomae,
829 355 979 406 primae
1018 362 1110 408 post
1137 356 1381 405 paschalem,
1430 357 1620 396 admissus
1655 365 1727 397 est·

289 413 364 452 fuit
392 424 434 450 ea
457 411 539 450 dies
571 412 718 462 Aprilis
748 411 896 462 quinta.
954 418 1060 450 sexta
1092 412 1313 463 insequenti
1336 413 1478 452 Caesar
1498 413 1728 453 Boutae-‚rius

290 483 368 507 una
390 482 481 506 cum
507 469 679 517 Augusto
709 467 898 507 Michaele
925 467 967 505 in
997 467 1134 506 urbem
1162 468 1457 521 Adrianopolim
1477 469 1640 507 solemni
1664 483 1732 508 oc-

292 538 408 564 cursu
424 523 679 563 invehuntur.
738 524 806 562 sed
823 524 940 576 paulo
962 531 1051 574 post
1070 525 1173 562 idem
1191 526 1332 563 Caesar
1349 525 1392 562 in
1406 525 1542 564 limine
1560 525 1733 564 cubiculi

290 582 508 631 Augustae,
546 594 663 630 quam
689 581 901 618 salutatum
935 580 1039 630 ibat,
1079 581 1126 618 ab
1158 581 1288 619 Alanis
1323 593 1459 619 necem
1487 581 1562 619 filii
1591 581 1735 631 Georgi

291 637 426 688 Cyzici
455 647 477 674 a
499 636 691 674 Catelanis
717 643 909 688 patratam
938 637 1220 675 ulciscentibus
1246 638 1476 675 interfectus
1504 643 1584 687 est,
1613 642 1734 689 prout

291 694 318 732 1.
338 696 365 736 6
386 707 418 732 c.
438 694 490 734 24
508 693 735 731 distinctius
759 699 957 733 narratur.
1721 711 1724 715 ·

148 804 266 840 msa
446 775 448 778 ’
738 801 1090 851 CAPUT
1159 803 1286 852 vn,

351 896 465 946 Quae
486 893 744 942 Pachymeres
759 895 802 931 in
824 901 996 944 utraque
1009 900 1130 944 parte
1145 893 1269 931 huius
1290 893 1482 931 historiae
1504 894 1679 946 sparsim

292 950 420 990 tradit
454 950 501 1003 cle
538 950 652 987 rebus
693 957 733 987 et.
754 950 1008 1001 principibus
1038 951 1356 1001 Magnum-um,-
1395 964 1439 987 εκ
1473 947 1735 988 monumentis

446 1007 637 1044 Arabicis
660 1006 893 1054 illustrata,
924 1004 1063 1043 ordine
1090 1014 1308 1058 temporum
1332 1005 1586 1058 digeruntur.
1713 1006 1715 1008 ’

403 1085 432 1122 Ι.
492 1082 756 1134 Muguliorum
781 1083 935 1136 imperii
953 1085 1032 1122 late
1051 1097 1120 1136 per
1140 1085 1269 1123 Asiam
1290 1085 1337 1122 ab
1359 1098 1463 1123 anno
1488 1084 1635 1123 Christi
1656 1084 1735 1122 cir-

293 1141 391 1178 ‘citer
415 1140 682 1178 ducentesimo
706 1153 826 1191 supra
859 1139 1109 1179 millesimum
1141 1141 1190 1178 ad
1224 1141 1475 1179 millesimum
1508 1140 1735 1180 trecentesi-

291 1210 399 1234 mum
425 1196 759 1247 quadragesimum
789 1196 909 1244 clari,
941 1197 1009 1235 sed
1035 1197 1143 1247 quod
1167 1196 1253 1235 iure
1274 1197 1457 1235 nonnulli
1484 1197 1616 1247 questi
1632 1203 1736 1245 sunt,

293 1254 450 1290 Graecis
474 1253 696 1302 Latinisque
710 1253 970 1304 scriptoribus
991 1253 1107 1290 nimis
1123 1253 1390 1304 perfunctorie
1410 1253 1628 1301 memorati,
1657 1267 1736 1291 non

291 1309 408 1346 facile
437 1308 642 1358 quisquam
674 1309 770 1346 alius
803 1309 944 1345 horum
971 1315 1192 1360 temporum
1225 1316 1318 1347 nota
1346 1320 1417 1361 per
1435 1310 1632 1361 Europam
1653 1309 1737 1347 lins-

292 1377 368 1414 gua
404 1375 500 1402 usus
530 1364 745 1403 historicus
782 1365 1016 1403 crebriorem
1055 1366 1420 1416 distinctioremque
1460 1368 1540 1403 suis
1577 1365 1737 1417 scriptis

291 1420 530 1458 mentionem
548 1420 715 1459 inseruit
735 1433 850 1471 quam
873 1421 1128 1472 Pachymeres
1146 1421 1216 1459 hic
1245 1426 1392 1460 noster.
1448 1421 1513 1459 cui
1531 1428 1738 1474 propterea

292 1477 531 1513 illustrando
558 1477 756 1514 addictam
776 1477 924 1515 dudum
944 1477 1090 1515 habens
1110 1490 1294 1529 operam,
1323 1477 1457 1528 sugere
1474 1478 1586 1516 salvo
1604 1477 1737 1516 officio

294 1540 374 1568 non
399 1533 536 1581 potui,
567 1533 663 1583 quin
682 1532 834 1583 illigare
853 1538 958 1571 certa
979 1534 1133 1572 ratione
1161 1533 1436 1584 chronologica
1461 1546 1624 1572 conarer
1641 1546 1738 1583 quae

292 1587 402 1624 var-ie
423 1587 489 1623 ille
509 1599 553 1623 ac
575 1588 738 1624 confuse
756 1589 935 1626 indicans
953 1589 1093 1641 passim
1123 1589 1171 1626 de
1200 1590 1385 1638 Muguliis
1409 1589 1580 1640 plurima
1598 1588 1738 1639 conge-

294 1642 373 1688 rit,
401 1641 450 1678 ad
470 1642 575 1691 quod
592 1655 730 1694 parum
751 1645 890 1695 utique
910 1645 1072 1683 subsidii
1095 1645 1136 1682 in
1157 1644 1314 1683 Graecis
1335 1645 1561 1694 Latinisque
1578 1643 1741 1682 histori-

295 1697 351 1735 cis
381 1699 580 1748 reperiens
607 1699 813 1737 consulere
839 1713 927 1737 sum
959 1701 1103 1739 Arabas
1133 1706 1305 1738 coactus.
1362 1713 1413 1738 ex
1443 1699 1504 1737 bis
1526 1701 1739 1751 Gregorius

294 1752 632 1803 Abulpharagius,
662 1753 908 1792 Christianus
938 1763 1077 1794 auctor
1101 1755 1275 1793 accurati
1305 1755 1511 1805 Clu-onici,
1543 1770 1671 1807 nuper
1687 1770 1739 1794 ex

295 1808 463 1847 Arabico
496 1810 704 1848 Latinitate
741 1811 878 1849 donati
917 1818 1033 1862 atque
1071 1818 1243 1863 utroque
1275 1811 1518 1849 coniunctim
1550 1812 1740 1851 idiomate

295 1864 466 1903 Londini
486 1865 580 1903 editi
603 1866 651 1903 ab
674 1867 861 1905 Eduardo
892 1868 1086 1905 Pocockio
1100 1897 1110 1917 ,
1147 1869 1191 1906 in
1208 1867 1287 1905 hoc
1311 1868 1359 1906 de
1378 1881 1422 1905 re
1443 1867 1614 1907 literaria
1635 1869 1739 1920 opti*

297 1935 357 1957 me
391 1922 553 1970 merito,
590 1935 671 1967 me,
715 1924 819 1974 quod
851 1930 959 1973 grute
987 1925 1129 1971 fateor,
1167 1924 1272 1961 iuvit
1300 1924 1513 1972 insigniter.
1575 1924 1740 1963 vixit·et

295 1976 456 2028 scripsit
477 1977 510 2014 is
528 1977 865 2031 chronographus,
899 1985 1020 2031 prout
1039 1980 1240 2030 colligitur
1256 1993 1276 2017 e
1295 1980 1415 2018 variis
1434 1980 1516 2018 eius
1531 1981 1663 2031 operis
1679 1981 1741 2018 lo-

296 2033 374 2080 cis‚
405 2033 620 2084 incipiente
653 2035 846 2074 dominari
875 2036 1216 2086 Constantinopoli
1244 2036 1361 2074 domo
1388 2036 1637 2086 Palaeologa‚
1665 2036 1739 2074 sub

295 2088 434 2139 primis
453 2090 537 2127 eius
556 2090 727 2129 nominis
750 2092 1049 2143 imperatoribus
1065 2092 1254 2131 Michaele
1275 2099 1313 2129 et
1332 2092 1555 2131 Andronico
1575 2092 1739 2141 seniore,

297 2157 467 2194 quorum
493 2151 581 2182 acta
613 2147 780 2185 duorum
812 2148 1136 2199 Pachymerianae
1151 2148 1270 2186 huius
1290 2148 1472 2186 historiae
1493 2148 1738 2186 voluminum

297 2207 567 2249 argumentum
587 2208 700 2241 sunt:
729 2204 890 2255 scripsit
907 2211 1037 2242 autem
1055 2210 1095 2242 et
1111 2204 1160 2242 ad
1181 2217 1311 2242 rerum
1333 2217 1426 2242 vere
1443 2206 1635 2254 gestarum
1649 2216 1738 2241 exa*-

297 2261 399 2292 ctam
428 2256 710 2296 indicationem
737 2266 775 2298 et
803 2261 851 2298 ad
877 2267 1098 2311 temporum
1129 2259 1436 2308 ordinationem,
1473 2266 1662 2310 quantum
1686 2272 1738 2297 ex

301 2311 509 2349 collatione
541 2326 631 2351 cum
661 2316 820 2366 optimis
851 2316 1067 2367 quibusque
1106 2317 1314 2367 explorare
1338 2315 1448 2367 potui
1459 2338 1471 2364 9
1509 2314 1738 2353 fidelissime.

301 2378 423 2414 quare
444 2370 694 2407 accuratione
715 2385 829 2421 quam
861 2378 1033 2423 praestat
1058 2373 1098 2409 in
1118 2372 1166 2409 iis
1187 2385 1285 2423 quae
1303 2376 1468 2422 possunt
1483 2370 1610 2407 alieno
1629 2370 1739 2408 testi-

299 2421 434 2458 monio
460 2426 640 2473 coargui,
678 2426 817 2476 diguus
849 2428 1009 2466 videtur
1033 2428 1100 2466 cui
1126 2428 1223 2466 fides
1250 2439 1386 2465 secure
1402 2425 1592 2463 habeatur
1613 2425 1658 2463 in
1675 2425 1738 2464 his

299 2489 400 2526 quae
417 2477 588 2516 affirmat
605 2481 723 2520 solus.

410 2532 456 2570 11.
512 2534 588 2571 Hic
613 2535 736 2585 igitur
774 2537 836 2575 sui
873 2530 1058 2576 chronici
1096 2538 1138 2575 in
1164 2537 1330 2576 Arabico
1358 2535 1517 2586 quidem
1549 2542 1740 2576 contextu

299 2601 342 2638 p-
361 2586 455 2636 427,
478 2588 520 2626 in
547 2590 684 2628 Latina
713 2605 808 2630 vero
837 2593 1159 2644 interpretatione
1186 2607 1225 2643 p.
1249 2594 1343 2641 280,
1368 2591 1423 2629 ait
1449 2605 1552 2629 anno
1574 2592 1739 2643 Hegirae

300 2643 397 2691 599,
419 2644 531 2682 cuius
550 2645 705 2684 initium
726 2647 803 2685 fuit
833 2648 913 2685 dies
942 2652 998 2690 20
1013 2648 1246 2698 Septembris
1273 2647 1314 2685 in
1335 2661 1436 2685 anno
1451 2661 1561 2686 aerae
1581 2655 1737 2686 nostrae

300 2697 449 2737 Christi
470 2700 638 2751 vulgaris
671 2705 790 2751 1202,
819 2702 994 2754 coepisse
1016 2703 1222 2754 imperium
1246 2703 1551 2755 Mogulensium‚
1580 2704 1739 2743 desiisse

301 2759 431 2792 autem
451 2756 656 2807 imperium
687 2759 970 2802 Praesteiannis
997 2759 1080 2797 sive
1101 2759 1321 2809 Presbyteri
1347 2759 1515 2801 loannis.
1572 2760 1737 2799 loannes

299 2816 383 2848 erat
404 2824 612 2852 commune
637 2828 783 2855 nomen
820 2815 1047 2866 principum
1074 2814 1259 2854 latissime
1297 2816 1495 2866 quondam
1526 2815 1737 2860 dominam-
