1858 3126
252 147 351 202 850

263 264 342 326 1πῖἳί
385 263 538 324 {33:1²³p‘20.
573 263 668 298 ¹¹⁰¹'¹’·
682 261 746 290 '¹⁰‘

254 437 362 477 1300

274 2242 373 2282 2301

396 329 522 357 cilicum.

394 363 546 392 Bonit'atcii
579 363 741 392 Andronici

428 397 510 426 vm.

471 437 498 476 6

484 2244 509 2282 7

655 154 970 198 OBSERVAT.
997 153 1312 211 nonnum,
1345 163 1348 165 Α

624 303 694 324 mal!
700 318 707 324 .

638 439 657 477 1
664 439 690 478 8

589 487 734 517 michael.

663 531 689 568 7

610 2237 741 2267 Andron.

650 2280 701 2327 19

598 2328 748 2358 Michael.

849 264 1016 303 Ioannes
1033 263 1258 316 patriarcha
1279 263 1418 303 dolore
1431 263 1552 303 initae
1567 264 1616 302 ab
1633 264 1716 303 An-

795 322 961 360 dronico
988 321 1072 360 sine
1102 335 1174 359 suo
1209 320 1374 359 consilio
1395 315 1538 360 noxiae
1558 335 1603 360 ac
1622 327 1715 359 tur—

793 378 870 431 pis,
898 385 945 417 ut
962 377 1141 430 putabat,
1170 377 1376 416 affinitatis
1395 391 1484 416 cum
1502 377 1606 422 orale
1624 378 1715 416 Ser·
1746 404 1751 410 -

793 436 903 485 biae,
940 435 984 473 in
1012 434 1305 473 Pammacaristi
1340 434 1577 473 monasterio
1605 433 1719 485 quasi

792 493 976 545 privatus
993 491 1111 543 degit.
1167 491 1196 531 1.
1217 491 1244 534 4
1265 500 1298 530 c.
1321 493 1359 534 8.

848 559 1068 612 Imperator
1104 564 1315 611 postquam
1347 573 1437 598 eum
1465 559 1622 611 placare
1648 570 1719 610 per

793 617 940 655 multos
968 631 989 654 a
1011 630 1051 655 se
1073 617 1210 654 missos
1241 617 1387 654 frustra
1406 621 1615 664 tentasset,
1646 615 1719 652 de-

794 674 913 724 nique
943 673 1122 713 kalendis
1156 672 1358 711 Februarii
1383 673 1507 711 multa
1538 677 1656 710 nocte
1675 671 1720 708 il-

792 732 874 769 lum
890 731 973 782 ipse
995 730 1207 777 convenit;
1237 734 1275 767 et
1298 729 1332 767 ei
1360 729 1466 767 circa
1485 728 1562 767 tria
1583 741 1719 780 quere-

792 788 921 825 larum
953 787 1001 825 de
1032 800 1073 825 se
1101 786 1231 838 capita
1252 787 1368 838 plene
1387 785 1601 834 satisfacit,
1631 798 1719 837 per-

792 844 1009 895 suadetque
1038 843 1149 882 utin
1187 841 1472 894 patriarchales
1501 842 1719 892 remigi-ans

793 901 907 939 aedes
921 900 1101 951 regimini
1116 900 1300 938 ecclesiae
1318 913 1359 938 se
1370 899 1522 939 reddat.
1557 898 1668 940 1.4c.
1682 900 1720 939 9.

850 969 946 1006 Post
963 967 1172 1006 Paschales
1195 967 1314 1006 ferias
1333 968 1548 1019 imperator
1568 965 1723 1004 Andro-

794 1024 906 1063 nicus
933 1024 1063 1075 palam
1083 1025 1288 1062 revocavit
1306 1023 1425 1062 latam
1444 1037 1464 1061 a
1489 1036 1528 1060 se
1542 1023 1585 1060 in
1605 1023 1724 1060 Ioan-

794 1095 884 1119 nem
908 1080 1154 1132 Ephesinum
1178 1081 1435 1129 sententiam,
1465 1093 1632 1130 eumque
1652 1079 1725 1116 de-

794 1137 962 1176 claravit
985 1137 1238 1176 innocentem
1261 1137 1434 1175 criminis
1453 1135 1503 1174 ob
1518 1135 1627 1187 quod
1646 1135 1725 1172 fal-

793 1209 836 1233 so
860 1195 1081 1245 impactum
1104 1193 1250 1232 throno
1280 1193 1451 1232 deiectus
1483 1198 1521 1231 et
1542 1192 1659 1230 datus
1681 1192 1724 1229 in

794 1250 1016 1290 custodiam
1037 1251 1181 1288 fuerat.
1238 1251 1263 1288 l.
1284 1249 1310 1290 4
1333 1264 1367 1289 c.
1390 1253 1457 1292 10.

849 1308 1000 1360 Tamen
1016 1307 1181 1345 Ioannes
1212 1301 1439 1359 patriarcha
1460 1319 1550 1343 cum
1571 1306 1723 1356 episco-

799 1364 860 1416 pis
881 1363 1218 1416 Philadelphiensi
1245 1369 1284 1402 et
1314 1363 1544 1414 Smyrnensi
1565 1362 1725 1399 Ioannis

794 1420 983 1473 Ephesini
1009 1420 1249 1459 restitutiOni
1267 1419 1479 1458 obsistunt.
1535 1418 1633 1457 ibid.

852 1487 995 1539 Iurgiis
1029 1488 1125 1526 inde
1166 1487 1316 1526 exortis
1353 1487 1526 1526 offensus
1560 1487 1728 1524 Ioannes

797 1544 1022 1598 patriarcha
1057 1545 1202 1583 iterum
1232 1558 1253 1582 e
1285 1543 1524 1596 patriarchio
1546 1543 1587 1580 in
1604 1543 1727 1581 Pam-

797 1601 997 1639 macaristi
1018 1600 1298 1639 monasterium
1319 1600 1479 1639 recedit.
1535 1598 1634 1638 ibid.

854 1658 1002 1695 Contra
1020 1657 1135 1697 illum
1168 1657 1362 1695 antistites
1390 1655 1570 1694 libellum
1587 1668 1726 1706 quere-

796 1713 926 1751 larum
956 1713 1119 1765 plenum
1146 1713 1378 1765 imperatori
1415 1711 1602 1750 offerunt.
1640 1713 1670 1754 l.
1687 1711 1726 1752 4.

797 1783 830 1809 c.
859 1773 923 1811 11.

856 1825 1021 1863 Ioannes
1050 1823 1275 1876 patriarcha
1308 1824 1418 1862 ultro
1446 1823 1727 1876 imperatorem

799 1881 933 1930 adiens
959 1882 1013 1923 25
1037 1881 1219 1919 Octobris
1238 1882 1334 1919 feria
1354 1881 1495 1930 tertia,
1526 1878 1596 1919 illo
1622 1895 1727 1920 anno

800 1938 902 1989 cycl.
922 1937 993 1976 sol.
1016 1940 1065 1979 21
1093 1945 1327 1976 numerante
1357 1946 1447 1975 oum
1484 1938 1597 1976 litera
1619 1938 1726 1977 dom.

802 1995 831 2032 C
851 1995 904 2044 B,
936 2007 985 2032 ex
1014 1994 1096 2032 eius
1127 2000 1225 2032 voto
1251 1993 1525 2032 functionibus
1552 1995 1728 2047 patriar-

802 2051 940 2089 chatus
963 2059 1005 2089 se
1032 2050 1185 2099 reddit,
1226 2051 1335 2103 quod
1357 2050 1431 2088 sibi
1453 2064 1526 2102 per
1547 2051 1737 2106 angelum.

805 2108 1039 2159 imperatum
1066 2106 1205 2147 aiebat.
1262 2107 1290 2144 l.
1306 2106 1332 2148 4
1360 2121 1394 2145 c.
1418 2110 1482 2149 12.

863 2240 1031 2279 Michael
1070 2242 1231 2293 despota
1269 2241 1519 2294 repudiatam
1556 2255 1577 2278 a
1625 2241 1729 2279 crale

807 2297 965 2336 Serbiae
1006 2298 1181 2337 Terteris
1222 2295 1345 2336 filiam
1393 2311 1559 2337 uxorem
1608 2297 1729 2336 ducit.

809 2354 835 2392 l.
854 2354 882 2397 4
906 2368 940 2396 c.
963 2357 1024 2396 13.

865 2410 953 2448 Hoc
980 2424 1084 2449 anno
1111 2409 1184 2449 sub
1217 2410 1507 2461 aequinoctium
1536 2409 1728 2458 autumni,

809 2467 894 2504 sole
916 2467 960 2504 in
977 2467 1175 2518 Virginem
1205 2466 1401 2518 ingresso,
1430 2471 1594 2516 apparet
1617 2466 1729 2503 Con-

807 2522 1066 2573 stantinopoli
1091 2529 1264 2571 cometa,
1292 2521 1514 2573 descriptus
1534 2535 1556 2559 a
1575 2521 1730 2573 Pachy-

808 2591 924 2616 mere.
980 2579 1008 2616 l.
1028 2578 1054 2620 4
1073 2593 1106 2617 c.
1125 2578 1189 2620 14.

861 2634 1128 2672 Praecesserat
1155 2639 1338 2672 exortum
1366 2639 1540 2671 cometae
1571 2632 1728 2671 siccitas

805 2688 987 2739 insolita,
1018 2703 1066 2728 ex
1089 2703 1164 2741 qua
1191 2691 1319 2728 fontes
1350 2702 1541 2741 perennes
1562 2702 1730 2728 exarue-

803 2752 919 2793 runt3
956 2746 1064 2784 unde
1083 2753 1210 2785 terrae
1240 2747 1392 2784 fructus
1414 2752 1455 2785 et
1472 2752 1619 2797 segetes
1641 2758 1730 2797 per-

803 2802 861 2842 ire
894 2802 1075 2842 funditus
1106 2803 1293 2855 contigit,
1331 2803 1462 2842 ventis
1501 2802 1617 2841 etiam
1647 2815 1730 2841 cre-
