1858 3126
487 183 587 230 LlB.
616 184 691 230 111.
743 183 1226 229 CHRONOLOGICUS.
1473 184 1572 230 823

140 300 231 348 post
257 293 462 333 victoriam
482 294 536 337 45
562 293 733 332 deditam
754 294 923 332 cassano
944 293 1065 332 fuisse
1089 294 1225 335 urbem
1245 294 1473 334 Damascum
1489 325 1502 343 ,
1528 294 1571 333 in

131 364 216 402 vqna
235 352 426 389 Cassanus
446 350 684 402 praesentum
706 363 780 402 pro
800 363 841 388 se
862 350 997 401 Syriae
1021 363 1110 388 cum
1137 356 1248 401 parte
1270 351 1463 389 exercitus
1479 351 1573 389 reli-

138 407 228 458 quit
246 406 451 457 quemdam
471 406 607 444 ducem
628 406 926 457 Saraoenumhad
948 419 988 443 se
1006 419 1028 442 a
1044 406 1206 443 Sultane
1224 407 1479 456 transfugam,
1501 420 1572 444 uo·

138 462 246 500 mine
269 462 511 514 Capcakum;
540 462 604 499 cui
626 461 734 499 dedit
752 461 796 499 in
817 461 1009 499 mandatis
1030 467 1074 499 ut
1090 462 1121 499 si
1148 461 1360 499 Christiani
1382 461 1430 499 ab
1452 462 1573 500 Occi·-

140 517 256 565 dente
277 518 482 566 venirent,
509 518 562 555 eis
594 518 745 567 Syriam
771 517 954 558 traderet.
1010 517 1078 554 sed
1110 530 1199 555 cum
1221 517 1399 569 Europae
1419 517 1574 569 priuci-

55 582 58 585 '
138 586 208 626 pes
227 574 286 612 ire
304 573 398 611 illuc
418 578 485 611 aut
506 574 702 611 exercitus
729 572 883 611 mittere
909 571 1193 622 neglexissent,
1231 573 1438 625 capcakus
1455 574 1573 612 rebus

139 629 219 667 suis
239 629 466 675 consulens,
493 629 698 680 impetrata
716 642 737 665 a
756 629 915 666 Sultane
933 628 1139 677 transfugii
1166 628 1278 666 venia
1294 657 1305 677 ,
1341 629 1492 680 Syriam
1514 629 1575 668 illi

138 697 279 724 rursus
297 684 472 736 expulsis
489 684 659 722 Tar-teris
668 683 853 722 subiecit.
908 683 1004 722 haec
1023 683 1230 735 Aythonus
1246 683 1295 723 de
1314 684 1388 722 hac
1410 685 1575 735 expedi-

138 740 267 787 tioue3
295 753 396 790 quae
420 753 536 790 quam
557 740 636 778 sint
652 746 912 778 consentanea
933 740 1087 778 traditis
1111 752 1134 779 a
1153 740 1427 778 continuatore
1447 741 1575 778 Abul-

137 794 313 847 pbaragii
335 809 385 833 ex
406 795 614 833 collatione
632 802 751 846 patet.
788 796 929 833 etenim
947 795 1054 846 apud
1073 794 1180 833 hunc
1196 796 1340 847 legitur
1360 797 1574 847 Aegyptios

139 851 275 890 andito
303 851 464 889 Cazanis
494 850 601 889 abitu
627 864 804 890 reversos
834 851 875 889 in
904 851 1057 902 Syriam
1089 851 1229 899 fuisse,
1269 857 1308 890 et
1327 852 1509 903 Capcako
1529 851 1572 888 in

136 913 270 958 partes
295 920 432 946 eorum
458 912 707 956 transeunte,
748 907 933 945 Tartarus
952 906 1019 960 qui
1035 912 1146 944 erant
1172 907 1214 944 in
1237 908 1351 958 Syria
1373 921 1415 944 ea
1434 908 1573 945 relicta

138 962 183 1000 in
207 963 409 1002 Orientem
433 962 702 1012 contendisse,
741 969 780 1001 et
809 962 1040 1007 Damascum
1064 962 1209 1003 iterum
1228 962 1271 1000 in
1289 962 1572 1026 Aegyptiorum

138 1024 372 1070 potestatem
397 1017 572 1060 rediisse.

249 1074 356 1113 xlx.
412 1074 527 1111 Anno
546 1073 710 1126 Hegirae
727 1077 822 1122 700,
851 1073 960 1111 cuius
978 1073 1134 1111 initium
1151 1072 1227 1110 suit
1245 1073 1326 1111 dies
1348 1079 1480 1113 sextus
1500 1072 1575 1112 de.-

132 1129 263 1168 cimus
285 1129 558 1181 Septembris
547 1143 589 1166 in
614 1142 719 1167 anno
748 1142 859 1167 aerae
888 1128 1034 1177 Christi
1058 1129 1231 1179 vulgaris
1256 1132 1377 1176 1800,
1401 1129 1573 1166 Cazaues

137 1185 351 1224 secundam
380 1185 667 1237 expeditionem
692 1185 809 1222 duxit
829 1185 872 1222 in
902 1185 1077 1235 Syriam,
1110 1185 1167 1223 ait
1185 1184 1438 1222 continuator
1457 1185 1575 1222 Abul-

136 1240 337 1293 pharagii:
366 1241 434 1279 sed
455 1253 541 1278 cum
570 1241 694 1278 tribus
721 1240 878 1278 circiter
906 1240 1103 1278 mensibus
1130 1240 1171 1278 in
1200 1240 1334 1278 Halebi
1354 1240 1569 1279 ditionibus

138 1296 392 1344 substitisset,
419 1309 464 1334 re
483 1296 628 1334 insecta
644 1297 788 1334 iterum
807 1309 848 1333 se
863 1294 1065 1333 subduxit.
1099 1296 1156 1332 ita
1171 1295 1253 1335 ille.
1310 1295 1361 1339 ad
1378 1295 1458 1338 hoc
1475 1301 1576 1344 tem-‚-

136 1365 213 1404 pus
231 1352 412 1404 equidem
433 1351 639 1390 retulerim
662 1352 771 1402 quod
798 1351 936 1389 scribit
964 1350 1222 1402 Pachymeres
1252 1351 1340 1389 loco
1361 1365 1474 1403 saepe
1491 1365 1576 1390 me-

127 1413 292 1446 ·morato
313 1407 361 1445 de
380 1408 530 1445 Cazane
546 1406 608 1445 his
622 1407 772 1445 verbisx
802 1414 966 1446 vastans
984 1409 1084 1458 quin
1108 1408 1229 1444 etiam
1244 1407 1472 1458 Aegyptum
1489 1408 1575 1444 cla-

138 1462 284 1514 desque
298 1464 386 1500 illa'c
409 1463 618 1501 Arabibus·
635 1477 714 1500 non
739 1464 840 1499 leves·
855 1463 1049 1512 inferens,
1083 1462 1197 1513 longe
1211 1463 1405 1513 pluribus
1423 1470 1459 1500 et
1472 1477 1575 1514 gra-

136 1519 318 1558 odoribus
335 1520 422 1556 sine
437 1518 560 1556 dubio
578 1517 741 1558 damnis
756 1519 850 1556 illos
874 1518 1092 1570 effecturus
1102 1547 1114 1567 ‚
1143 1519 1224 1555 nisi
1242 1520 1277 1554 ei
1287 1549 1298 1568 ‚
1327 1533 1374 1555 ne
1382 1526 1574 1570 penetras·

138 1581 195 1612 ret
213 1575 408 1623 interius,
435 1576 614 1612 locorum
633 1577 767 1612 arenis
784 1576 907 1612 inviis
923 1581 960 1611 et
978 1588 1110 1625 aquae
1131 1575 1318 1624 inopibus
1333 1575 1415 1611 late
1434 1575 1576 1624 squal-

138 1631 306 1668 lentium
327 1630 612 1681 insuperabilis
627 1626 854 1681 dffcultas
872 1630 1099 1670 obstitisset.
1153 1629 1341 1668 hactenus
1359 1629 1575 1680 Pachyme-

136 1699 223 1734 πως
250 1685 355 1724 nude
371 1686 466 1724 licet
481 1686 675 1738 suspicari
690 1687 753 1724 vel
771 1686 897 1737 ipsum
920 1686 1109 1723 Cazanem
1126 1685 1192 1723 vel
1205 1691 1353 1735 partem
1370 1685 1453 1722 eins
1465 1699 1574 1723 exer-

137 1741 264 1795 citus,
291 1743 377 1792 ipso
396 1742 503 1793 apud
519 1742 708 1785 Halebum
737 1741 896 1783 interim
925 1747 1122 1789 morante,
1155 1740 1372 1791 Aegyptum
1390 1745 1574 1786 tentasse,

139 1803 181 1834 at
201 1796 254 1835 ob
269 1797 589 1848 impedimentum
611 1804 867 1836 memoratum
891 1804 1031 1848 coepto
1048 1796 1253 1834 abstitisse.
1306 1796 1434 1834 refero
1456 1796 1574 1833 etiam

139 1851 191 1889 ad
214 1851 319 1888 hanc
340 1852 550 1890 secundam
575 1852 862 1903 expeditionem
891 1853 960 1889 illa
990 1865 1089 1901 quae
1116 1851 1235 1902 paulu
1259 1850 1438 1901 superius
1467 1850 1574 1888 idem

140 1905 398 1957 Pachymeres
414 1906 580 1955 dixerat,
607 1920 748 1958 nempe
770 1907 967 1944 Cazanem
982 1906 1192 1955 ῘΙίενοεοζ)
1194 1907 1270 1942 mis
1282 1905 1479 1942 hostiliter
1496 1904 1573 1942 ad-

139 1969 292 1999 motum
306 1975 458 2011 purum
475 1962 652 2010 abfuisse
670 1962 723 1999 ab
743 1962 836 1999 urbe
853 1962 931 1998 illa
947 1969 1085 2008 tanta,
1115 1963 1183 1997 cui
1201 1961 1349 1998 SuRan
1370 1961 1574 1998 Christia-

139 2020 204 2056 nis
221 2026 373 2067 ereptae
389 2016 691 2065 dominabatur,
718 2015 999 2069 expugnanda.
1055 2018 1110 2053 ita
1126 2016 1216 2065 ille,
1244 2015 1357 2065 longe
1379 2015 1574 2054 verisimi-

139 2074 219 2111 lius
242 2085 359 2125 quam
377 2072 536 2122 quidam
565 2072 692 2109 Latini
716 2071 926 2123 scriptores
953 2071 1062 2116 citati
1086 2071 1133 2107 ab
1162 2071 1331 2111 Hem—ico
1358 2071 1572 2122 Spondano

139 2129 183 2166 in
209 2128 503 2166 continuatione
526 2127 731 2165 Annalium
753 2127 912 2165 Baronii
946 2126 1038 2169 anni
1067 2126 1214 2164 Christi
1241 2129 1347 2167 1300
1373 2141 1411 2164 n.
1435 2131 1472 2176 1,
1502 2127 1572 2177 qui

141 2184 253 2222 aiunt
275 2189 373 2221 tune
394 2197 415 2220 a
432 2184 597 2221 Cassano
623 2183 1091 2231 lilerosolymamfuisse
1108 2189 1290 2232 captam,
1316 2189 1351 2218 et
1370 2184 1501 2220 sacris·
1514 2183 1571 2223 lo,-

139 2242 199 2278 cc‘s
220 2251 372 2290 magna
392 2241 637 2281 veneratione
659 2240 835 2275 visitatis
861 2239 1098 2280 restaurati-s
1126 2245 1161 2274 ec
1185 2236 1354 2285 dotatis,
1381 2238 1571 2276 habitan-

141 2294 240 2332 dam
266 2308 488 2333 concessam
522 2294 766 2333 Christianis
787 2294 975 2331 Armenia
1006 2294 1244 2344 Georgianis
1269 2296 1507 2357 caeterisque
1526 2307 1570 2331 ex

145 2351 275 2404 Cypro
304 2358 340 2389 et
362 2350 526 2388 latebris
555 2349 868 2390 convolantibus.
935 2362 1022 2386 nam
1050 2348 1112 2394 id,
1152 2348 1185 2386 si
1211 2361 1302 2389 vere
1329 2349 1570 2399 contigisset,

142 2419 225 2444 non
241 2406 400 2444 videtur
424 2412 490 2444 aut
520 2406 699 2456 ignorare
719 2405 893 2456 potuisse
917 2403 1121 2454 Aythonus
1138 2410 1233 2441 tunc
1248 2404 1408 2453 vivens,
1438 2411 1506 2442 aut
1526 2405 1570 2441 in

142 2461 305 2500 historia
321 2461 369 2500 de
390 2461 452 2499 his
475 2462 620 2512 scripta
638 2460 752 2498 silere
772 2459 962 2507 volnisse3
993 2459 1035 2496 in
1053 2472 1130 2509 qua
1148 2465 1276 2497 tamen
1293 2460 1392 2497 nihil
1405 2461 1482 2497 tale
1501 2472 1570 2497 re-

142 2519 307 2568 peritur.
361 2531 466 2555 anno
496 2516 639 2556 dehinc
663 2515 823 2566 Hegirae
841 2518 923 2556 702
945 2515 1087 2566 (pergit
1113 2515 1423 2566 supplementum
1441 2514 1570 2553 Abul-

143 2572 334 2623 pharagii)
359 2573 526 2611 Cazanes
553 2572 683 2623 copias
710 2572 754 2609 iu
774 2571 926 2622 Syriam
952 2570 1056 2608 misit
1074 2570 1171 2607 duce
1191 2571 1312 2608 Kotlu
1331 2570 1460 2619 Sabo,
1485 2570 1570 2607 sive

142 2633 189 2664 ut
212 2627 469 2678 Pacbymeres
501 2635 637 2676 vocat,
675 2626 996 2674 Chutluchaim05
1035 2625 1184 2676 primus
1211 2625 1296 2674 dies
1330 2626 1443 2663 istius
1476 2625 1569 2664 anni

144 2681 306 2731 Regino
325 2686 407 2724 702
428 2683 504 2721 fuit
525 2683 731 2723 vicesimus
755 2690 888 2720 sextus
914 2680 1058 2719 mensis
1086 2681 1254 2730 Augusti
1273 2681 1314 2718 in
1339 2694 1442 2718 anno
1459 2693 1570 2718 aerae

145 2733 300 2775 nostrae
315 2737 489 2788 vulgaris
508 2741 628 2781 1302.
685 2751 736 2776 ex
751 2738 814 2776 his
834 2749 933 2788 quae
950 2737 1070 2775 refert
1087 2736 1136 2774 de
1150 2736 1286 2775 morbo
1305 2736 1466 2774 Cazanis
1478 2736 1569 2774 diu-

145 2796 262 2831 turno
289 2792 564 2846 Pachynum,
598 2807 753 2838 necesse
777 2799 836 2833 est
857 2792 988 2832 dicere
1006 2792 1083 2831 iam
1102 2798 1187 2831 tum
1206 2792 1320 2830 illum
1338 2796 1566 2844 aegrotasse,

1595 1243 1622 1283 P
1639 1243 1712 1300 ¹597
