1774 3120
217 175 262 205 vr
795 157 842 200 P.
875 155 1094 199 POSSINI

219 282 322 316 trem
355 270 520 316 viduam
547 269 763 326 tyrannicis
791 268 915 311 minis
944 267 998 310 ad
1021 267 1099 311 viri
1127 267 1279 326 ipsius,
1319 268 1442 327 patris
1477 269 1561 324 sui,
1603 268 1668 313 iu-

222 341 373 384 dicium
403 341 550 396 scripto
581 338 854 380 damnandum
885 337 1068 390 adigere3
1101 337 1312 390 coniugem
1339 339 1444 392 regis
1474 339 1670 392 Ungariae

193 437 196 439 v
221 411 370 463 filiam,
416 408 526 449 cuius
567 407 782 448 tenerrime
813 407 977 448 dilectae
1004 413 1180 446 mortem
1206 405 1448 465 mollissime
1480 408 1672 460 flevisset,

225 493 279 520 ex
306 476 388 520 levi
416 475 667 532 suspicione,
708 477 933 531 sepulturae
962 475 1118 515 honore
1151 475 1340 526 multare3
1375 471 1539 517 fratrem
1569 476 1673 517 Por-

223 544 535 603 phyrogenitum
575 544 825 584 circumferre
867 543 1057 584 clathrata
1091 556 1211 584 cavea
1243 549 1283 582 et
1312 542 1399 583 diro
1433 557 1584 585 carcere
1621 543 1675 584 ad

224 621 397 654 mortem
435 627 658 653 macerare:
707 626 849 654 verum
889 618 928 652 et
967 611 1113 651 horum
1150 617 1305 667 partem
1352 626 1435 651 non
1475 610 1676 664 dubitarit,

224 682 283 722 uti
320 681 497 722 facinora
536 681 761 737 praeclara,
814 678 1062 721 iactabundis
1109 678 1284 731 gloriose
1329 685 1530 720 ostentare
1577 694 1676 721 con-

226 749 424 791 cionibus.

363 815 420 859 Π.
485 814 667 857 Moribus
708 822 794 856 tam
836 813 1087 856 instabilibus
1121 812 1314 871 principis
1347 829 1451 856 unus
1491 821 1679 856 constan-

230 885 386 930 tissime
419 883 627 939 respondit
653 883 1016 939 perturbatissimus
1052 890 1092 924 et
1119 883 1488 924 calamitosissimus
1518 884 1681 930 univer-

231 969 300 996 sae
331 954 390 994 rei
423 952 604 1008 publicae
644 958 782 992 status.
851 950 1048 990 aerarium
1085 951 1356 1003 exinanitum,
1410 965 1570 1007 semper
1605 965 1683 992 ex-

229 1021 362 1063 hausti
388 1020 544 1061 tributis
567 1020 810 1061 immanibus
830 1018 996 1075 populi,
1030 1017 1247 1059 interversa
1278 1019 1553 1060 ministrorum
1580 1034 1684 1076 quo-

233 1105 311 1147 que
349 1088 623 1130 Palatinorum
656 1094 973 1138 auctoramenta,
1007 1084 1059 1126 ad
1091 1084 1388 1126 mendicitatem
1422 1085 1569 1126 redacti
1605 1103 1686 1144 pu-

236 1156 412 1200 dendam
448 1156 529 1213 ipsi
562 1156 752 1197 ecclesiae
779 1169 988 1213 proceres3
1029 1154 1166 1194 classis
1186 1153 1365 1195 funditus
1390 1155 1590 1207 neglecta,
1619 1169 1687 1197 ar-

234 1227 341 1267 cium
389 1225 683 1266 limitanearum
729 1223 927 1281 praesidia
972 1225 1191 1273 subtracta,
1244 1229 1449 1263 terrestres
1490 1222 1686 1264 exercitus

234 1297 354 1351 plane
399 1293 605 1349 dissipati,
658 1294 813 1334 inerme
862 1291 1078 1348 imperium
1127 1290 1287 1331 irritatis
1320 1298 1472 1331 temere
1510 1291 1688 1333 barbaris

237 1363 470 1413 obiectum,
527 1376 685 1403 summa
729 1362 878 1402 tutelae
929 1374 974 1400 ac
1019 1359 1159 1400 salutis
1206 1359 1388 1415 publicae
1420 1357 1555 1400 infidis
1590 1359 1689 1400 feris

237 1431 447 1487 rapacibus
475 1430 629 1471 exteris
657 1428 995 1470 inconsultissime
1030 1427 1268 1479 commissa,
1302 1427 1395 1467 hinc
1425 1427 1563 1468 statim
1590 1441 1692 1468 con..

239 1499 384 1539 secutis
420 1498 654 1539 necessariis
691 1498 899 1539 effectibus
938 1496 1081 1536 talium
1122 1509 1349 1546 causarum,
1398 1495 1691 1537 vastationibus

238 1567 558 1623 provinciarum,
603 1565 893 1621 direptionibus
939 1564 1119 1614 urbium,
1170 1563 1477 1620 depraedatione
1522 1563 1692 1620 captivi-

238 1642 320 1674 tate
359 1633 478 1674 caede
516 1635 610 1686 suga
647 1635 917 1689 populorum,
951 1631 1200 1672 desolatione
1235 1632 1419 1672 omnium
1447 1630 1570 1672 fando
1599 1645 1693 1674 um-
1723 1659 1734 1665 x

241 1716 363 1758 quam
399 1700 621 1742 auditarum
653 1701 900 1751 tristissima,
940 1707 1167 1740 cunctarum
1207 1700 1403 1741 latissime
1445 1700 1486 1740 in
1529 1708 1694 1756 utraque

242 1770 363 1811 Asiae
399 1769 663 1829 Europaeque
713 1770 941 1809 continente
977 1766 1166 1808 Romano
1213 1769 1480 1809 subiectarum
1520 1768 1694 1825 imperio

243 1838 476 1891 regionum3
525 1838 616 1894 ipsa
649 1837 722 1880 vix
759 1839 858 1878 urbe
896 1836 1024 1888 regia,
1060 1835 1169 1876 cuius
1197 1837 1414 1891 portubus,
1451 1836 1561 1876 cuius
1597 1851 1696 1893 por-

245 1906 297 1947 tis
335 1905 437 1946 mari
472 1906 619 1946 classes
656 1905 866 1962 piraticae,
903 1912 1007 1944 terra
1036 1903 1359 1944 latrocinantium
1388 1903 1559 1944 infestae
1587 1905 1695 1945 acies

245 1975 504 2015 barbarorum
540 1973 706 2030 impune
746 1987 906 2028 semper
940 1972 1206 2023 insultabant,
1242 1972 1350 2027 ipsa,
1389 1971 1577 2026 inquam,
1613 1971 1696 2012 im-

248 2041 352 2098 perii
396 2041 492 2082 sede
539 2040 892 2097 Constantinopoli
935 2040 1010 2081 vix
1045 2039 1217 2080 liberum
1264 2039 1448 2096 spiritum
1494 2054 1609 2080 muro
1657 2046 1700 2080 et

249 2110 558 2165 propugnaculis
603 2117 752 2151 tutante
770 2140 782 2162 ,
828 2109 931 2149 inter
963 2115 1209 2160 grassantem
1244 2107 1353 2148 intus
1388 2109 1561 2160 samem,
1605 2122 1699 2149 sae-

248 2176 429 2219 vientem
468 2178 597 2228 luem,
642 2178 886 2219 seditionum
914 2178 1018 2216 ferro
1053 2178 1139 2216 face
1173 2175 1503 2232 depraeliantium
1537 2175 1700 2228 sangui-

250 2245 383 2285 narios
409 2246 588 2296 furores,
623 2253 750 2285 terrae
777 2253 932 2296 motus,
968 2243 1051 2284 dira
1085 2243 1291 2296 incendia,
1326 2252 1367 2285 et
1394 2243 1438 2284 id
1464 2258 1589 2296 genus
1615 2243 1699 2282 im-

252 2313 399 2352 missas
429 2311 621 2353 divinitus
651 2312 812 2364 cladest,
858 2326 957 2367 quae
989 2311 1167 2353 dubitare
1201 2312 1310 2354 cives
1342 2311 1593 2352 miserrimos
1628 2325 1698 2350 co-

252 2387 391 2433 gerent
426 2387 513 2420 utra
542 2388 650 2421 esset
685 2381 820 2421 minus
846 2380 1073 2421 calamitosa
1098 2382 1276 2432 fortuna,
1305 2378 1604 2432 gementiumne
1623 2379 1698 2419 sub

254 2448 444 2489 servitute
477 2449 677 2490 barbarica
722 2448 849 2489 semel
882 2446 1165 2500 abductorum,
1222 2461 1275 2487 an
1314 2446 1442 2487 adhuc
1476 2448 1550 2487 sub
1594 2453 1700 2486 tecto

255 2515 383 2572 patrio
415 2517 607 2557 extremis
641 2516 856 2556 terroribus
894 2515 1186 2565 aestuantium,
1228 2522 1267 2555 et
1305 2529 1383 2571 quo
1416 2527 1509 2556 casu
1538 2513 1702 2571 perituri

256 2597 358 2633 mox
387 2585 543 2637 forent,
583 2583 783 2624 cruciabili
810 2583 1009 2623 anxietate
1041 2582 1294 2623 incertorum.

393 2650 469 2694 III.
535 2651 641 2693 Tam
670 2659 786 2694 atrox
818 2650 908 2691 irati
935 2649 1111 2692 numinis
1140 2650 1314 2691 vindicta
1341 2649 1483 2706 quibus
1504 2655 1596 2689 tunc
1614 2662 1703 2690 sce-

260 2717 407 2760 leribus
449 2727 750 2777 provocaretur,
805 2717 1059 2773 disquisitum
1091 2733 1115 2759 a
1150 2718 1331 2774 plurimis
1375 2717 1518 2770 anxie,
1570 2716 1706 2773 ipsum

262 2800 419 2844 quoque
457 2801 502 2830 se
542 2803 625 2831 non
669 2787 928 2830 dissimulans
963 2786 1050 2828 eius
1084 2787 1289 2829 abstrusae
1328 2786 1387 2828 rei
1423 2785 1707 2829 sciscitatorem
