1820 3112
376 135 453 178 DE
481 133 815 179 ANDRONICO
845 132 1221 179 PALAEOLOGO
1251 135 1297 178 L.
1323 132 1381 177 11.
1528 132 1621 178 151

154 250 223 292 καὶ
241 245 478 303 συνήθειαν.
526 246 625 291 ὅθεν
644 247 819 291 κάκεῖνοι
838 247 1119 302 ἐπειλημμένοι
1143 243 1390 303 προφάσεως
1408 243 1624 303 εὐπροσώ-

154 335 237 361 που
251 317 416 360 τοιαῦτ’
441 317 571 371 ἔδρων
582 349 595 368 ,
630 315 681 371 ἤν
700 314 780 359 πού
799 333 861 366 τις
879 318 1015 358 αἰτίαν
1033 316 1282 371 ἀδιαφορίας
1304 313 1473 372 εἰλήφει.
1520 315 1627 367 τέως

155 386 202 429 δὲ
229 387 319 440 περὶ
347 386 423 441 τὴν
454 382 648 440 τοιαύτην
680 386 814 428 αἰτίαν
833 384 908 427 οὐκ
927 384 1073 441 ὀλίγοις
1090 386 1157 427 καὶ
1177 384 1303 432 αὐτὸς
1319 384 1615 441 ἐνεπικραίνετο

153 454 201 498 *td
231 452 460 510 ἀδιάφορον
490 453 720 506 ὀνειδίζων,
766 453 823 508 μὴ
853 455 1028 508 κρίνων,
1072 451 1209 506 οἶμαι,
1249 451 1305 502 ὥς
1326 453 1453 506 μέσον
1474 457 1614 512 ,ῥκακοῦ
1639 463 1671 497 E

121 528 144 563 5
156 539 199 566 τε
217 525 285 565 καὶ
318 522 484 578 ἀγαθοῦ
502 522 550 565 τὸ
569 520 797 581 ἀδιάφορον
818 523 998 575 κείμενον
1024 521 1128 576 πρὸς
1146 519 1336 575 ἑκάτερον
1361 522 1620 564 ἐναντιοῦται

152 596 236 635 τῶν
267 590 428 646 ἄκρων,
463 592 530 633 καὶ
555 591 630 646 εἴγε
661 591 766 647 πρὸς
790 590 978 646 τάγαθὸν
1006 590 1130 632 κακὸν
1158 592 1382 642 νομίζεται,
1420 589 1517 632 ἀλλ’
1544 586 1619 633 οὖν

151 661 220 702 καὶ
248 659 352 714 πρὸς
385 659 433 702 τὸ
467 659 590 701 κακὸν
618 657 779 715 ἀγαθόν
788 691 802 711 ,
840 660 907 702 καὶ
940 658 1152 714 ἀγαπητὸν
1182 658 1234 700 ἄν
1247 663 1614 714 μετριοπαθοῑμεν,

149 728 210 782 μὴ
228 733 302 770 τοῦ
329 728 523 777 ἀπαθοῦς
551 725 840 784 ἐφικνούμενοι.
911 726 1038 777 αὐτὸς
1058 726 1106 769 δ’
1129 725 1208 770 ὑπὸ
1230 725 1370 770 κανόνι
1396 732 1447 784 τῇ
1469 745 1617 784 (Ῑαινο-

149 797 251 853 μένῃ
268 797 352 855 ι’δίᾳ
377 797 475 848 ἕξει,
511 795 588 839 εἷ’τε
605 798 671 838 καὶ
690 794 883 852 γνώμονι,
918 795 971 838 τὰ
992 800 1076 838 τῶν
1095 795 1233 838 ἄλλων
1254 795 1403 850 ἤθελεν
1424 794 1617 838 ἀπευθύ-

97 870 141 904 10
150 881 244 908 νειν.
314 865 536 907 κάντεῦθεν
557 866 624 906 καὶ
644 865 683 907 οἶ
703 866 846 908 πολλοὶ
867 866 1119 916 διυπνίζοντο
1138 866 1203 906 καὶ
1226 865 1269 906 ἐν
1289 862 1499 915 ὑπονοίαις
1518 860 1616 921 ἦγον

148 935 356 989 μεγίσταις
377 933 448 976 τὸν
469 931 772 976 ἀπευθύνοντα.
839 929 891 988 ἦν
919 933 965 975 δ’
994 933 1166 982 ἐκείνους
1196 932 1242 975 τό
1272 933 1483 990 ε’φορμοῦν
1501 938 1617 990 πρῶ·
1641 936 1670 970 Ρ
1695 938 1759 971 101

148 1018 223 1045 τον
244 1002 319 1055 μὲν
336 1002 383 1044 τὸ
401 1001 478 1044 ἀπ’
498 1002 647 1044 ἐκείνου
670 1001 825 1057 ἀτηρὸν
845 1003 911 1044 καὶ
930 1001 1032 1057 πρὸς
1049 1001 1158 1044 ἅπαν
1177 1002 1491 1055 δυσέντευκτον,
1530 1009 1618 1053 τοῖς

146 1070 222 1124 μὲν
242 1071 286 1121 ἐξ
309 1069 456 1125 ἀρετῆς
485 1072 657 1122 δοκοῦν,
693 1079 780 1120 τοῖς
809 1070 854 1113 δ’
878 1072 921 1112 ἐκ
939 1068 1101 1126 γνώμης
1137 1068 1347 1127 ἐμφύτου,
1374 1078 1460 1120 τοΐς
1482 1072 1528 1113 δὲ
1548 1073 1615 1114 καὶ

119 1158 121 1162 ⁴
146 1138 194 1180 ἐκ
220 1140 444 1193 συνηθείας
473 1143 548 1192 τῆς
584 1139 689 1194 πρὸς
722 1139 797 1193 τὴν
830 1134 1001 1193 ἇσκὴσιν
1030 1141 1098 1180 καὶ
1127 1137 1347 1191 μονώσεως
1375 1138 1515 1197 (ἅπαν
1531 1140 1612 1196 γὰρ

92 1211 136 1247 15
149 1204 364 1250 δύσοιστον
385 1206 431 1250 τὸ
449 1206 508 1261 μὴ
536 1205 755 1267 σύνηθες),
790 1205 876 1250 εἶτα
897 1208 946 1250 δέ
962 1224 1004 1263 γε
1028 1209 1093 1248 καὶ
1113 1207 1159 1250 τὸ
1183 1208 1247 1249 ἐπὶ
1277 1214 1362 1256 τοῖς
1384 1207 1494 1258 ὅλοις
1513 1225 1614 1264 κρυ-

145 1273 247 1319 πτόν
268 1292 312 1318 τε
332 1277 400 1318 καὶ
422 1275 576 1332 ἀφανὲς
597 1278 665 1318 καὶ
682 1275 916 1330 ψάλλοντος
935 1277 1003 1318 καὶ
1030 1277 1246 1325 ἐσθίοντος
1267 1278 1335 1318 καὶ
1354 1276 1459 1319 κατὰ
1477 1275 1610 1331 μόνας

237 1394 294 1430 15.
316 1391 420 1440 εἶτα]
443 1395 514 1431 εἴτε
535 1395 577 1430 Ρ.
715 1396 799 1430 ibid.
822 1395 865 1431 τὸ
889 1398 970 1430 ante
991 1393 1052 1431 ἐπὶ
1072 1396 1205 1430 deerat.

144 1506 244 1542 uistri
266 1508 463 1551 tenderent,
496 1508 666 1554 plausibili
696 1509 749 1544 usi
778 1511 981 1555 praetextu,
1002 1508 1184 1556 puniendis
1206 1509 1481 1553 inexorabiliter,
1505 1520 1613 1555 quae-

143 1563 296 1634 muz
308 1553 606 1635 ffgnxguiiiggit
618 1556 1485 1636 1ἰθεῖαἒιιι-ουξιῃωῗιξὼἓιζῖιῖξῗίἓῶἰῗεῑοίίᾞίἳὲξέῃῐίοε
1506 1613 1592 1636 voca

142 1644 223 1678 bulo
246 1644 376 1682 molliri.
392 1613 463 1681 qac
485 1658 561 1681 esse
583 1614 619 1681 iii
645 1613 863 1682 isto'itildicio
887 1648 1069 1682 concordes
1095 1648 1326 1694 patriarcham
1349 1654 1385 1682 et
1407 1647 1482 1682 eius
1503 1647 1611 1681 satel-

142 1689 223 1724 lites
245 1701 288 1724 ex
312 1703 354 1725 eo
374 1692 486 1737 palam
509 1694 668 1737 extabat,
698 1694 788 1738 quod
819 1693 893 1739 ipse
928 1706 1064 1740 quoque
1093 1705 1156 1739 per
1190 1706 1228 1728 se
1250 1705 1316 1728 non
1338 1705 1465 1740 paucos
1489 1693 1609 1727 obvios

141 1735 368 1771 contristabat
389 1739 512 1773 amaris
536 1739 647 1782 dictis,
669 1739 931 1774 indifferentiam
955 1741 1038 1785 ipsis
1060 1740 1269 1786 exprobrans
1282 1766 1291 1783 ,
1316 1752 1381 1774 non
1402 1739 1610 1782 intelligens,

142 1787 304 1827 quantum
327 1783 491 1826 arbitror,
521 1785 719 1819 indifferens
741 1785 775 1818 in
801 1785 882 1819 boni
905 1789 940 1819 et
962 1786 1040 1820 mali
1064 1786 1173 1820 medio
1196 1786 1341 1831 positum
1373 1798 1393 1819 e
1422 1784 1521 1818 varia
1554 1784 1608 1817 sui

140 1828 899 1911 ffil’ffissgssg‘gosslaffieg‘jgowssggssgfn
906 1832 1077 1911 ⁰213⁵t2¹13¹¹²
1085 1831 1608 1920 ..ss‘zoeczzqsstlffassisspzzasszss

1045 1903 1056 1918 ⁵
1596 1900 1608 1916 2

140 1916 302 1953 bonitatis
330 1920 476 1966 aliquam
510 1922 629 1956 induat
660 1901 820 1966 speciem.
864 1923 954 1956 unde
981 1923 1039 1956 ille
1070 1922 1243 1956 moderate
1273 1921 1474 1967 sapientium
1506 1920 1606 1965 vulgo

166 1963 328 1998 robabilis
349 1977 468 2000 sensus
490 1974 562 2009 est,
597 1969 774 2012 praeclare
794 1968 850 2013 agi
881 1968 1076 2008 nobiscum,
1108 1967 1145 2001 in
1177 1967 1241 2001 hoc
1264 1967 1358 2000 vitae
1380 1966 1490 2000 labilis
1511 1972 1605 2000 statu

187 2009 232 2042 ud
255 2011 449 2055 pertingere
481 2013 671 2047 valentibus
704 2013 747 2047 ad
771 2016 871 2056 plane
899 2012 1209 2058 imperturbabilem
1241 2012 1540 2057 tranquillitatem,
1573 2011 1606 2045 si

140 2053 367 2089 mediocribus
389 2056 565 2091 dumtaxat
593 2059 904 2103 perturbationibus
932 2059 1109 2102 agitemur.
1156 2069 1259 2104 porro
1289 2058 1346 2091 ille
1375 2058 1513 2103 propria
1545 2056 1604 2092 illa

140 2110 215 2140 sua,
238 2111 338 2146 quam
361 2112 445 2146 prae
467 2113 506 2135 se
524 2113 686 2148 nusquam
710 2103 924 2138 dissimulans
945 2105 1090 2145 ferebat,
1115 2103 1320 2137 rectitudine
1342 2102 1473 2147 rigidae
1494 2104 1603 2137 virtu-

139 2145 185 2180 tis
203 2157 268 2191 pro
290 2157 407 2180 norma
426 2148 600 2191 utebatur,
618 2149 662 2183 ad
678 2160 779 2194 quam
795 2149 927 2183 omnino
941 2149 1078 2183 volebat
1099 2160 1292 2194 exaequare
1312 2160 1423 2183 mores
1445 2149 1602 2192 omnium,

139 2195 176 2225 et
196 2191 358 2237 quidquid
388 2192 424 2226 in
460 2194 580 2238 quovis
602 2194 646 2227 ab
669 2205 711 2228 ea
733 2195 937 2236 declinaret,
961 2194 1122 2238 dirigere.
1169 2206 1234 2229 non
1265 2199 1403 2240 poterat
1424 2194 1476 2229 sic
1497 2206 1603 2240 agens

138 2247 207 2270 non
228 2248 381 2283 pungere
404 2239 522 2272 crebro
547 2239 728 2285 plurimos,
760 2239 819 2284 qui
839 2251 939 2274 sensu
963 2240 1103 2274 excitati
1123 2241 1330 2286 evigilabant
1350 2240 1386 2275 in
1407 2241 1602 2286 suspioeces

138 2281 322 2327 importuni
345 2284 495 2318 censoris
516 2285 783 2326 observationes,
810 2285 1028 2330 explorantes
1048 2286 1168 2332 ecquid
1190 2287 1225 2320 in
1246 2299 1288 2321 eo
1310 2286 1603 2332 deprehenderent

139 2327 230 2373 quod
251 2329 326 2362 iure
346 2329 499 2364 vicissim
532 2336 747 2376 carperetur,
780 2335 817 2364 et
845 2331 947 2364 valde
976 2337 1213 2377 suspectantes
1240 2344 1307 2367 non
1337 2334 1466 2367 frustra
1494 2333 1531 2367 id
1560 2344 1601 2371 se

138 2375 366 2418 quaesituros.
412 2375 490 2410 huic
513 2383 635 2422 coepto
658 2383 698 2410 ut
720 2376 899 2419 instarent,
922 2377 1029 2422 magis
1051 2388 1110 2412 eos
1129 2379 1163 2412 iu
1186 2378 1261 2413 dies
1282 2379 1457 2424 magisque
1475 2378 1599 2424 impel-

137 2416 254 2454 lebant
295 2431 386 2454 nova
422 2421 568 2456 subinde
608 2423 759 2456 feritatis
798 2421 873 2456 eius
913 2427 949 2456 et
982 2423 1222 2458 admissionum
1252 2424 1600 2459 inhumanissimam

138 2464 292 2510 exempla
315 2467 469 2501 extantia
492 2468 668 2512 relatuque
689 2468 838 2512 vulgata.
884 2479 973 2513 quae
1002 2468 1083 2503 licet
1110 2470 1215 2516 aliqui
1234 2467 1476 2505 moderatiores
1497 2481 1600 2504 excu-

138 2516 254 2544 sarent
274 2511 400 2557 partim
422 2513 543 2548 virtuti
563 2514 751 2548 tribuentes
771 2513 897 2558 partim
917 2513 1053 2548 innatae
1072 2515 1280 2550 inclinationi
1301 2528 1343 2550 ae
1365 2517 1464 2561 genio
1482 2521 1600 2549 auste-

137 2566 201 2589 rae
222 2556 363 2600 indolis,
397 2558 543 2604 denique
564 2559 623 2593 alii
645 2563 752 2594 totam
774 2559 847 2593 eius
868 2559 1065 2594 acerbitatis
1085 2561 1137 2596 cul
1164 2573 1216 2596 am
1238 2562 1446 2608 imputarent
1466 2562 1600 2595 diutur-

137 2611 203 2635 nae
225 2602 433 2637 assuetudini
453 2604 594 2639 bominis
623 2616 645 2639 a
676 2616 783 2659 puero
813 2604 849 2638 in
880 2616 1016 2639 secessu
1042 2617 1085 2640 ae
1105 2608 1282 2642 so'tudine
1302 2608 1452 2650 versati,
1482 2618 1524 2641 ae
1556 2616 1600 2639 ne

136 2656 228 2680 nuuc
249 2647 385 2692 quidem
416 2649 451 2684 in
472 2651 547 2689 tita
576 2655 731 2697 exposita
763 2651 1019 2696 congressibus,
1074 2653 1142 2687 uod
1170 2665 1268 2688 omne
1295 2653 1463 2688 insolitum
1496 2662 1601 2696 aegre

136 2692 320 2736 toleretur,
350 2705 373 2728 a
404 2694 546 2730 latebris
573 2707 617 2731 ac
646 2695 782 2731 silentio
810 2697 1007 2742 repetendis
1025 2708 1066 2733 su
1090 2698 1171 2734 inde
1190 2699 1397 2746 temperanti
1429 2697 1599 2742 (animad-

136 2737 336 2772 vertebatur
358 2740 447 2774 erim
477 2752 566 2775 nnnc
588 2745 731 2787 ‘quoque
757 2741 924 2777 affectare
957 2742 995 2778 in
1015 2745 1168 2779 omnibus
1188 2750 1378 2786 secretum,
1406 2744 1598 2788 vitareque,

136 2785 299 2828 quantum
320 2787 470 2831 poterat,
490 2787 695 2823 arbitrorum
717 2787 974 2833 conscientiam,
998 2789 1092 2826 solus
1112 2790 1270 2837 psallere,
1291 2790 1383 2826 solus
1407 2788 1598 2829 comedere,
