1858 3126
276 177 377 227 492
627 175 633 179 ’
696 176 935 224 GEORGlI
962 179 1315 230 Pam-mimas

273 290 536 349 νομισμάτων
551 291 790 348 χιλιοστύας
809 295 858 338 τὸ
879 300 959 338 πᾶν
976 297 1176 340 ἓποσοῦτο
1198 302 1271 353 τῆς
1288 297 1573 360 ἀπαιτήσεως)
1599 302 1668 345 ἐπ’
1692 302 1739 346 ὄ-

274 365 400 419 λίγοις
413 364 512 406 ‘low
533 362 609 412 τὰς
627 360 774 416 δόσεις,
810 364 883 407 τὸν
901 369 1037 420 θροῦν
1057 367 1340 410 καταστέλλειν
1359 372 1443 411 τῶν
1455 369 1622 414 Ἰταλῶν
1641 369 1739 414 ὄπι-

273 429 543 487 σχνούμενος,
574 433 641 474 ναὶ
673 432 756 488 μὴν
788 435 861 476 καί
885 451 998 484 τινας
1030 435 1072 485 ἐξ
1105 435 1242 479 αὐτῶν
1262 436 1740 492 -ἶκανωθέντσςμισθοῖς

273 505 348 556 τῆς
367 501 471 556 πρὸς
488 501 661 554 βασιλέα
682 503 856 557 Μιχαὴλ
871 502 1077 557 ἅψασθαι
1098 502 1460 560 συμμαχήσοντας.
1530 509 1566 550 εἴ
1580 505 1735 562 εἶθ-οὗν,

221 573 249 608 Β
274 569 369 612 ἀλλ’
390 569 515 613 αὐτὸν
533 570 608 624 μὲν
625 572 691 613 καὶ
710 567 835 621 αὖθις
853 571 1076 628 ἀντιπερᾶν
1093 574 1187 616 κατ’
1205 573 1427 630 ἀνατολήν,
1448 575 1521 618 τὸν
1542 575 1739 633 μέντοιγε
1751 586 1772 620 5

275 639 562 696 ΖΠπυριγέριον
591 639 784 692 Τέντζαν,
822 640 877 691 ὡς
897 644 963 684 καὶ
985 641 1112 684 αὐτὸν
1133 641 1248 694 ἄξιον
1269 642 1315 686 ὃν
1337 644 1639 699 προσδέχεσθαι
1661 644 1739 689 ὑπὸ

274 710 477 766 μεγίστοις
509 714 598 758 τοῖς
624 709 834 764 ἓλπισμοῖς
863 709 1242 766 προσχωρήσαντα,
1281 719 1500 767 συμπεῖσαι
1520 714 1747 770 παραγενέ,

273 782 379 821 σθαι
407 775 536 831 μόνον
564 775 641 819 ὕπ’
666 778 871 839 ἀσφαλείᾳ
906 784 957 836 τῇ
988 779 1277 839 προσηκούσῃ,
1308 783 1384 824 καὶ
1402 787 1490 831 τοῖς
1510 782 1588 824 ἀπ’
1610 782 1739 826 αὐτοῦ

271 844 599 902 χρυσοβοιῖλλοις
616 845 770 902 σχόντα
791 852 867 891 τοῦ
889 847 1078 904 θάρρους
1099 851 1144 893 τὸ
1166 848 1316 893 ἱκανόν.
1387 850 1548 904 ἕτοιμον
1573 850 1614 894 δ’
1639 849 1740 895 εἶναι

275 920 426 958 τοῦτον
459 916 525 957 καὶ
551 918 850 973 μισθοφορίαις
882 917 1136 961 ἱκανωθέντα
1159 923 1217 978 τῷ
1241 918 1342 977 ’ἰδίῳ
1361 917 1525 973 συνάμα
1551 924 1638 979 λαῷ
1664 920 1740 976 τὴν
1754 925 1798 960 10

227 995 259 1030 c
283 985 386 1041 πρὸς
407 983 479 1027 τὸν
499 983 590 1028 νέον
613 986 787 1039 βασιλέα
809 991 1061 1042 πορευθῆναι
1080 989 1276 1044 σφοδρῶς
1302 989 1539 1044 ἰσχυρίζετο.
1608 993 1743 1033 ταῦτα

277 1055 402 1110 λέγων
434 1054 501 1095 καὶ
533 1055 697 1097 πλείονα
719 1055 828 1109 αἱρεῖ
842 1054 915 1110 τὴν
933 1053 1098 1111 γνώμην
1129 1057 1276 1099 αὐτίκα
1295 1061 1370 1099 τυῦ
1389 1057 1605 1111 βασιλέως.
1675 1059 1762 1101 καῖ

277 1122 365 1178 ἅμα
393 1122 496 1179 πρὸς
527 1123 602 1176 μὲν
629 1123 704 1166 τὸν
733 1124 1015 1180 Μπυριγέριον
1048 1126 1202 1175 πίστεις
1225 1124 1560 1181 χρυσοβούλλειοι
1577 1124 1742 1181 agnimi-

277 1194 428 1244 ζονται,
470 1190 595 1241 αὐτὸς
618 1193 663 1234 δὲ
683 1193 735 1236 τὰ
755 1193 887 1235 πολλὰ
908 1195 983 1246 μὲν
1004 1195 1070 1236 καὶ
1089 1193 1170 1251 ἀφ’
1194 1192 1345 1236 ἑαυτοῦ
1365 1198 1424 1252 τῷ
1440 1192 1603 1253 μεγάλῳ
1625 1196 1742 1238 domei

275 1261 548 1317 προσνείμας,
579 1260 630 1303 τὰ
654 1266 824 1304 πλεῖστα
848 1262 893 1304 δὲ
915 1263 982 1304 καὶ
1003 1263 1046 1304 ἐκ
1066 1267 1148 1305 τῶν
1166 1262 1237 1305 τὸν
1256 1269 1371 1305 σῖτον
1393 1261 1653 1319 συναγόντων
1667 1278 1739 1306 *κε-
1752 1273 1796 1308 15

225 1339 256 1374 D
280 1327 427 1379 λεύσας
447 1329 692 1382 ἀναλαβεῖν,
728 1330 832 1384 μετὰ
851 1328 988 1385 πάσης
1004 1329 1209 1385 εὐμενείας
1230 1332 1432 1391 ἐκπέμπει.
1501 1330 1590 1389 (8)
1626 1332 1674 1375 τὸ
1697 1333 1743 1375 δὲ

277 1403 352 1442 τοῦ
386 1399 729 1455 ἐπισυναγομένου
765 1400 1006 1454 σιτοκρίθου
1042 1397 1200 1443 τοῖόνὸ’
1233 1395 1297 1454 ἦν.
1367 1400 1422 1443 τὰ
1456 1401 1531 1454 μὲν
1559 1400 1640 1458 γὰρ
1668 1404 1744 1456 τῆς

278 1468 483 1522 ἀνατολῆς
508 1469 574 1510 καὶ
605 1469 695 1510 λίαν
717 1467 958 1525 ἐξηπορῆθη
970 1502 982 1521 ,
1022 1467 1077 1519 ὥς
1095 1469 1223 1524 μηδὲν
1241 1469 1342 1524 ἔχειν
1361 1470 1552 1512 ἐντεῦθεν
1571 1469 1644 1524 τὴν
1660 1473 1742 1522 βα-

277 1537 455 1588 σιλείαν,
485 1540 646 1589 μᾶλλον
673 1537 748 1591 μὲν
777 1532 849 1580 οὖν
878 1538 945 1579 καὶ
977 1535 1155 1594 ἀνάγκην
1187 1542 1440 1592 καταστῆναι
1465 1535 1567 1595 ὑπὲρ
1593 1539 1743 1594 ἐκείνης

366 1622 420 1656 18.
442 1619 493 1666 μὴ
518 1619 558 1656 δὲ
581 1621 622 1656 Ρ.

273 1691 350 1725 dem
374 1689 462 1724 enim
485 1689 749 1734 postulaverat)
783 1690 826 1724 ab
851 1701 891 1725 eo
915 1701 1015 1735 posse
1049 1701 1205 1736 umquam
1238 1689 1402 1735 exprimi,
1435 1701 1478 1725 ea
1499 1689 1535 1725 iu
1556 1690 1657 1736 louge
1679 1690 1743 1726 mi⁴

275 1747 390 1771 norem
412 1735 585 1770 contraxit
608 1747 784 1777 summam,
807 1736 842 1770 in
867 1748 905 1770 se
928 1737 1095 1781 recipiens
1119 1736 1279 1771 donativo
1302 1747 1369 1770 aon
1393 1747 1537 1780 magno,
1559 1747 1622 1770 aec
1636 1748 1741 1781 aegre

274 1784 318 1817 ab
342 1782 549 1828 imperatore
570 1793 633 1828 pro
657 1781 756 1826 copia
777 1783 951 1826 praesenti
975 1783 1199 1825 numerando,
1226 1794 1302 1817 sese
1322 1787 1520 1827 pumturum
1543 1782 1741 1817 Latinorum

275 1839 424 1863 murmur
456 1833 492 1863 et
524 1828 642 1862 borum
673 1827 707 1862 ei
743 1830 842 1874 plene
870 1828 1162 1862 reconciliaturum
1194 1828 1399 1863 voluntates.
1443 1828 1611 1863 nuntiavit
1640 1829 1742 1863 etiam

276 1875 343 1909 iam
367 1875 530 1920 quosdam
553 1885 596 1908 ex
618 1873 685 1916 iis,
709 1879 811 1919 prout
831 1874 1016 1918 imperator
1037 1885 1075 1908 se
1097 1875 1184 1908 velle
1210 1873 1457 1919 significasset,
1478 1886 1501 1908 a
1522 1885 1562 1908 se
1584 1874 1742 1909 mercede

275 1921 460 1955 instructos
483 1921 605 1955 idonea
630 1930 750 1954 versus
772 1920 987 1965 imperaturis
1010 1920 1189 1955 Michaelis
1213 1926 1348 1962 castra,
1373 1920 1446 1955 eius
1469 1919 1630 1966 auspicfls
1651 1920 1742 1954 mili-

276 1972 430 2007 taturos,
461 1967 528 2001 iter
563 1966 760 2011 arripuisse.
808 1978 846 2000 se
877 1978 959 2001 vero
989 1971 1144 2012 paratum
1176 1966 1348 2010 ostendit,
1379 1966 1469 2012 quod
1493 1966 1528 2000 id
1551 1966 1651 2000 etiam
1675 1965 1742 2000 sibi

276 2025 354 2047 esse
376 2013 470 2047 cordi
495 2013 702 2047 declarasset
725 2014 896 2056 Augustus
910 2039 920 2058 ,
942 2024 1018 2047 cum
1042 2012 1183 2057 reliquis
1205 2013 1238 2046 in
1263 2012 1472 2046 Orientalem
1497 2011 1608 2046 redire
1631 2011 1740 2046 couti-

276 2062 421 2093 nentem.
471 2058 713 2104 Mpyrigerium
737 2059 903 2093 Tentzam
927 2059 1019 2104 quod
1044 2059 1227 2102 attineret,
1255 2070 1320 2092 non
1344 2058 1450 2092 videri
1473 2057 1742 2093 committendum

277 2107 315 2139 ut
347 2104 398 2138 vir
429 2109 545 2139 tantus
574 2110 646 2138 tam
679 2105 808 2149 magnis
840 2106 1000 2151 appulsus
1033 2105 1160 2151 spebus
1190 2104 1308 2139 irritus
1337 2104 1576 2138 remitteretur.
1622 2103 1742 2138 videre

277 2149 397 2184 saltem
432 2151 615 2185 sustineret
644 2151 808 2185 hominem
843 2153 1015 2195 Augustus
1049 2157 1205 2197 paratum
1237 2150 1312 2184 eius
1339 2149 1510 2184 maiestati
1538 2161 1576 2184 se
1604 2149 1741 2191 sistere,

277 2196 309 2230 si
343 2197 532 2241 praemissa
563 2198 747 2231 securitate
771 2197 816 2231 ad
840 2197 873 2231 id
898 2198 1021 2231 idonea
1051 2203 1212 2239 vocetur,
1245 2197 1309 2230 boc
1333 2200 1386 2230 est
1410 2196 1439 2230 si
1460 2196 1542 2232 dato
1563 2195 1599 2228 in
1622 2203 1741 2228 manus

278 2241 345 2286 ipsi
368 2242 549 2287 diplomate
570 2243 786 2287 imperatoris
809 2255 915 2278 aurea
937 2243 1062 2277 munito
1093 2243 1185 2276 bulla
1209 2242 1307 2288 plena
1329 2242 1397 2287 ipsi
1419 2240 1544 2275 fiducia
1567 2239 1740 2283 contingat

275 2287 483 2322 honorificae
506 2289 716 2323 admissionis
738 2295 776 2323 et
798 2289 866 2323 tuti
889 2298 969 2335 post
991 2289 1191 2335 colloquium
1220 2291 1387 2333 receptus.
1428 2291 1536 2330 *atque
1556 2284 1613 2319 bic
1635 2285 1742 2319 velie-

278 2337 408 2367 menter
431 2335 657 2369 asseverabat
680 2336 927 2381 paratiasimum
959 2336 1047 2369 hunc
1079 2346 1177 2375 esse,
1211 2333 1321 2368 ductis
1343 2341 1455 2366 secum
1477 2330 1642 2365 universis
1664 2330 1740 2376 qui-

277 2379 341 2412 bus
363 2383 524 2423 praeerat
547 2380 674 2424 copiis,
697 2383 760 2415 sub
784 2381 923 2415 iunioris
945 2380 1090 2425 Augusti
1113 2381 1208 2424 signa
1232 2376 1423 2424 proficisci,
1447 2387 1518 2410 rem
1541 2375 1613 2410 eius
1636 2376 1739 2411 ducta

276 2429 413 2458 strenue
437 2430 622 2469 gesturum.
669 2426 754 2460 haec
778 2431 813 2459 et
837 2427 934 2471 plura
949 2426 1137 2461 istiusmodi
1160 2425 1227 2458 dux
1248 2434 1389 2468 magnus
1412 2433 1598 2456 menorans
1623 2434 1742 2456 assen—

279 2481 350 2504 sum
373 2470 409 2503 in
433 2482 526 2504 suam
551 2472 751 2505 senteutiam
778 2472 893 2505 statim
924 2472 1037 2516 rapuit
1061 2471 1216 2515 Augusti.
1262 2469 1381 2502 literae
1402 2467 1506 2511 igitur
1532 2478 1635 2502 aurea
1658 2468 1741 2503 insi-

278 2527 362 2561 gnes
384 2515 497 2558 bulla,
535 2517 657 2561 quibus
681 2517 766 2550 fides
791 2517 891 2551 fieret
910 2518 1006 2550 liberi
1031 2527 1186 2551 accessus
1209 2513 1386 2559 securique
1408 2524 1581 2556 recessus,
1606 2514 1742 2560 Mpyri-

277 2562 376 2609 gerio
409 2561 644 2607 expediuntur.
694 2562 767 2608 ipse
798 2567 909 2597 autem
939 2563 1109 2606 Augustus
1131 2560 1242 2595 multis
1264 2565 1477 2604 praesentem
1500 2571 1654 2604 magnum
1677 2559 1742 2593 du-

280 2618 352 2643 cem
384 2607 533 2643 donariis
565 2609 758 2650 cumulans,
794 2609 988 2654 pleramque
1014 2609 1150 2651 insuper
1173 2610 1303 2652 partem
1326 2605 1507 2650 vectigalia
1529 2605 1742 2640 frumentarii

279 2654 388 2690 eidem
418 2653 627 2700 postmodum
661 2655 820 2688 mandans
850 2653 1010 2693 attribui,
1042 2653 1163 2686 laetum
1195 2661 1271 2685 eum
1293 2662 1334 2685 ac
1357 2652 1427 2685 voti
1457 2657 1642 2696 compotem
1666 2661 1742 2685 cum

281 2699 371 2735 omni
402 2699 611 2744 benignitate
642 2700 780 2734 dimisit.
827 2700 903 2743 (8)
930 2698 1049 2732 tributi
1065 2701 1175 2742 'porro
1197 2697 1371 2732 memorati
1394 2698 1493 2731 modo
1516 2696 1741 2738 frumentarii,

279 2746 372 2792 quod
396 2747 494 2791 vulgo
517 2744 743 2789 σιτόκριθον,
768 2745 863 2790 quasi
887 2744 1016 2778 diceres
1032 2743 1315 2785 tritichordeum,
1340 2743 1542 2789 appellatum
1559 2748 1630 2781 est.
1657 2743 1741 2776 haec

281 2792 377 2836 urigo
401 2796 504 2838 atque
525 2791 692 2827 institutio
715 2791 791 2826 fuit.
837 2795 975 2825 vastata
995 2789 1241 2824 incursionibus
1261 2789 1449 2823 barbaricis
1466 2789 1547 2823 Asia
1563 2794 1600 2824 et
1615 2788 1741 2823 Orien-

211 2866 220 2870 -
283 2839 369 2873 tales
393 2843 525 2874 tractus
547 2837 718 2881 universi,
749 2843 892 2873 vacante
913 2836 984 2872 illic
1007 2846 1164 2882 agrorum
1187 2835 1339 2879 cultura,
1361 2839 1513 2871 extrema
1533 2835 1644 2870 victus
1666 2834 1739 2867 ino-
