1858 3126
249 154 345 212 768
643 155 953 201 OBSERVAT.
987 158 1299 204 PACHYMER.

247 265 395 317 εἰδητοί
427 278 495 315 μοι
517 260 619 304 εἶναι
647 265 874 315 φαινονται.
935 264 1072 305 decens
1090 270 1220 320 igitur
1237 277 1295 307 est
1318 274 1551 314 nonmlum
1569 276 1706 312 vocari

250 322 516 367 Clzristianm,
548 319 621 357 sed
642 328 679 358 et
700 335 792 368 esse,
815 322 1154 373 quemadmodum
1176 325 1348 377 quidam
1369 329 1595 382 episcopum
1614 333 1706 382 qui-

245 377 333 415 dem
350 384 517 425 vocant,
549 379 635 414 sine
655 379 743 430 ipso
764 386 898 416 autem
914 383 1049 418 omnia
1070 390 1297 432 operantur.
1353 385 1457 422 tales
1474 393 1610 436 autem
1622 401 1705 427 non

241 435 368 471 bonae
384 435 649 472 conscientiae
665 434 769 472 mihi
788 449 869 472 esse
887 435 1086 480 tmidentur
1123 439 1164 476 in
1181 446 1294 477 sexta
1313 439 1365 478 ad
1384 441 1591 483 Trallesios
1609 441 1707 486 haec

216 540 218 543 y
242 490 382 529 habet:
414 487 511 531 όταν
541 507 594 531 τω
615 487 816 544 ἔπισκόπῳ
836 487 1117 535 ὐποτοῖσσεσθε
1138 511 1194 544 ως
1213 491 1350 565 Ἰησοῦ
1364 499 1546 553 Χριστῷ,
1571 500 1706 548 φαίνε-

243 546 318 587 σθὲ
337 562 406 599 μοι
436 545 486 587 ου’
512 545 611 587 nato?
642 533 907 601 ἀνθρώπινον
930 551 1069 598 ζῶντες
1100 548 1198 592 ἀλλὰ
1225 549 1314 592 κατ’
1340 548 1494 605 Ἰησοῦν
1521 550 1709 607 Χριστόη.

242 619 368 656 quam
393 605 573 656 episcopo
594 607 763 642 subiecti
783 608 879 642 estis
902 614 947 642 ut
968 607 1057 645 Iesu
1086 607 1260 658 Christo,
1289 608 1484 648 videmini
1504 611 1608 648 milti
1629 625 1710 653 non

238 660 459 699 secundum
480 661 657 699 homines
678 664 853 700 sinentes
874 662 945 699 sed
960 663 1184 702 secundum
1198 665 1332 703 Iesum
1357 666 1574 705 Christum.
1630 666 1708 706 ho-

238 731 330 756 rum
348 717 498 769 aliqua,
533 719 599 757 vel
619 719 719 756 sorte
744 719 898 767 omnia,
927 727 998 758 aut
1019 721 1137 758 etiam
1155 721 1216 759 his
1239 723 1351 772 plura
1359 751 1370 771 ,
1401 736 1501 774 quae
1525 725 1569 761 in
1590 723 1707 775 Igna-

240 775 356 813 tianis
385 775 554 826 epistolis
577 775 780 826 leguntur,
805 776 1039 814 crediderim
1061 778 1215 816 iussisse
1237 778 1303 816 hic
1324 779 1486 818 recitari
1502 780 1707 819 Androni-

242 845 344 870 cum.
390 831 503 870 unice
525 832 627 869 enim
643 833 838 871 faciebant
855 833 906 870 ad
924 846 1086 884 scopum
1104 835 1159 872 illi
1179 835 1427 887 propositum
1443 836 1706 888 persuadendi

241 889 466 927 Arsenianis
487 895 535 926 ut
554 888 768 928 Athanasio
785 889 1036 940 patriarchae
1055 903 1095 928 se
1116 892 1351 942 subderent3
1381 899 1421 931 et
1438 906 1527 931 eum
1546 905 1598 931 ex
1610 893 1706 945 plu-

241 946 352 984 ribus
380 946 517 997 Ignatii
554 945 726 996 epistolis
755 946 948 997 quaedam
976 947 1174 999 allegasse,
1215 955 1447 1000 argumento
1473 962 1554 988 esse
1578 954 1706 1002 potest

242 1003 351 1053 quod
367 1003 517 1041 nullam
533 1003 764 1041 nominatim
787 1003 1023 1054 designavit,
1054 1017 1104 1042 ex
1126 1019 1205 1055 qua
1222 1006 1345 1044 verba
1361 1018 1462 1056 quae
1481 1005 1610 1045 audiri
1628 1019 1705 1045 νοε-

240 1059 316 1098 luit
338 1065 506 1100 erueret.

354 1131 392 1168 p.
412 1116 494 1159 465
519 1129 559 1158 v.
579 1118 616 1157 9.
674 1116 726 1153 Ut
744 1115 922 1167 superius
940 1115 1207 1154 schismaticus
1228 1117 1443 1168 imperator
1469 1117 1704 1169 persuadere

100 1174 128 1208 P
152 1172 220 1209 553
243 1173 372 1213 voluit
398 1187 421 1210 a
452 1180 627 1224 tempore
651 1185 814 1223 magnae
849 1173 1013 1224 synodi,
1052 1172 1130 1211 hoc
1153 1179 1212 1211 est
1240 1174 1511 1212 oecumenicae
1541 1180 1704 1213 octavae

238 1230 328 1281 (aut
348 1231 481 1282 potius
500 1229 795 1280 pseudosynodi
814 1230 1036 1281 suppositae
1055 1243 1078 1267 a
1097 1230 1299 1269 notissimo
1316 1231 1532 1282 impostore
1550 1230 1704 1279 Photio‚

239 1301 358 1338 quam
382 1286 566 1326 Photiani
592 1299 668 1337 pro
697 1287 946 1324 oecumenica
974 1292 1116 1325 octava
1147 1293 1347 1325 ostentant
1373 1293 1414 1326 et
1441 1287 1704 1338 venerantur)

237 1344 421 1382 defecisse
437 1345 479 1382 in
498 1342 711 1381 Occidente
728 1355 865 1382 veram
884 1343 1165 1381 successionem
1183 1343 1448 1395 legitimorum
1463 1343 1703 1396 praesulum,

237 1401 346 1452 quod
366 1401 472 1439 notis
495 1399 547 1438 ad
570 1413 609 1451 p.
625 1400 707 1442 356
730 1413 769 1438 v.
783 1398 835 1442 14
853 1400 1124 1450 refutavimus,
1141 1400 1196 1438 ita
1213 1414 1321 1439 nunc
1342 1401 1430 1452 pari
1447 1401 1625 1439 vanitate
1645 1401 1704 1439 ait

237 1458 369 1496 sedem
395 1459 634 1505 Romanam,
664 1469 714 1493 ex
737 1469 816 1507 quo
845 1456 1088 1508 deprehensa
1117 1457 1379 1508 damnataque
1407 1457 1515 1496 labes
1535 1457 1703 1497 Honorii

236 1514 378 1562 suerit,
407 1513 676 1553 orthodoxam
700 1525 781 1550 esse
808 1514 984 1563 desiisse;
1014 1526 1092 1564 quo
1124 1513 1244 1562 nihil,
1273 1528 1355 1552 non
1377 1514 1506 1552 dicam
1530 1513 1703 1564 iniquius

235 1577 276 1607 et
295 1570 595 1616 calumniosius,
625 1569 694 1606 sed
715 1575 754 1607 et
772 1570 951 1608 obtusius
971 1570 1206 1620 stultiusque
1231 1571 1310 1608 dici
1329 1570 1474 1622 potuit.
1530 1575 1576 1611 ut
1597 1569 1702 1612 enim

236 1627 417 1664 omittam
438 1625 675 1663 collisionem
693 1624 838 1663 horum
861 1626 1033 1664 duorum
1058 1633 1318 1676 assertorum,
1347 1639 1517 1676 quorum
1533 1625 1702 1670 alterum

235 1683 302 1721 hic
323 1682 447 1734 ponit,
477 1681 632 1719 desiisse
648 1681 690 1718 in
707 1681 884 1719 Honorio
902 1682 1108 1733 pontifices
1124 1683 1322 1720 Romanos
1341 1694 1422 1720 esse
1438 1681 1700 1729 orthodoxos,

236 1740 408 1778 alterum
433 1752 471 1789 p.
490 1738 572 1779 356
589 1750 627 1778 v.
656 1740 707 1777 14
726 1738 905 1789 superius
928 1738 1202 1787 adstruxerat,
1230 1746 1320 1789 post
1339 1744 1520 1777 octavam
1542 1737 1700 1778 demum

239 1795 448 1847 synodum,
469 1793 547 1832 hoc
566 1799 624 1831 est
645 1793 824 1832 ducentis
846 1794 957 1832 annis
976 1794 1025 1832 ab
1037 1794 1227 1844 Honorio,
1249 1794 1404 1832 desiisse
1423 1795 1466 1832 in
1485 1794 1700 1833 Occidente

239 1866 374 1891 veram
392 1851 672 1890 successionem
691 1850 955 1902 legitimorum
974 1851 1218 1902 praesulum:
1247 1864 1298 1889 ex
1320 1864 1398 1902 quo
1421 1851 1598 1902 sequitur
1613 1850 1701 1891 Ro·—

240 1905 608 1960 manos'pontifices
633 1907 730 1945 totis
754 1907 865 1945 annis
893 1907 1071 1946 ducentis
1090 1913 1130 1945 et
1150 1907 1268 1946 fuisse
1288 1907 1479 1959 legitimos
1497 1906 1702 1959 pontifices

241 1972 281 2004 et
300 1971 407 2004 recte
426 1971 473 2003 ut
492 1964 590 2003 tales
605 1977 628 2000 a
649 1964 806 2002 Graecis
822 1964 915 2015 ipsis
936 1964 1099 2015 agnitos,
1128 1978 1218 2002 cum
1235 1970 1371 2002 tamen
1387 1963 1600 2002 orthodoxi
1617 1976 1701 2001 non

240 2028 386 2060 essent:
415 2021 516 2059 illud
535 2021 654 2059 modo
673 2021 749 2069 aio,
778 2021 873 2069 satis
891 2033 972 2058 esse
986 2021 1236 2059 manifestum
1252 2021 1432 2070 Honorii,
1460 2021 1495 2058 si
1510 2020 1596 2072 quis
1612 2019 1699 2068 fuit,

238 2079 393 2129 lapsum
412 2078 453 2115 in
473 2090 580 2115 mera
598 2078 689 2116 sacti
704 2077 869 2115 haesisse
883 2077 1161 2129 imprudentia,
1189 2077 1241 2115 ad
1257 2077 1376 2115 fidem
1394 2091 1440 2115 ac
1462 2076 1603 2128 dogma
1620 2071 1702 2114 miss

240 2135 343 2172 nime
362 2134 607 2185 pertinuisse.
665 2134 819 2185 Sergius
841 2134 1068 2186 patriarcha
1087 2134 1566 2186 Constantinopolitanus,
1593 2136 1701 2174 non-5

241 2191 336 2228 dum
357 2190 510 2241 agnitus
527 2204 600 2242 pro
627 2190 846 2242 haeretico,
876 2191 1030 2242 scripsit
1050 2191 1101 2228 ad
1118 2191 1339 2229 Honorium
1358 2191 1580 2229 Romanum
1595 2200 1700 2240 pon-

235 2247 382 2285 tificem
414 2260 517 2285 anno
546 2247 690 2285 Christi
718 2250 820 2294 632,
857 2247 995 2298 agitari
1026 2261 1164 2299 magno
1194 2247 1373 2286 tumultu
1401 2243 1698 2292 controversias,

238 2302 391 2340 duaene
413 2317 468 2340 an
497 2317 583 2340 zma
605 2305 694 2342 sola
717 2306 760 2341 in
782 2303 942 2342 Christo
971 2303 1248 2356 agnoscendae
1268 2310 1392 2341 ess-ent
1415 2303 1638 2342 voluntates
1662 2307 1700 2341 et

237 2362 507 2411 operationes,-
538 2360 679 2409 quibus
700 2360 798 2398 rixis
827 2361 1118 2411 compescendis
1145 2366 1413 2412 opportunum
1435 2357 1598 2396 interim
1624 2356 1699 2394 sibi

235 2416 365 2455 videri
388 2416 613 2465 suggerebat
632 2416 782 2467 imponi
807 2429 830 2453 a
858 2416 1043 2467 pontifice
1068 2429 1118 2454 ex
1138 2430 1262 2466 aequo
1284 2415 1462 2464 utrisque
1484 2425 1602 2464 super
1626 2412 1698 2451 tali

235 2471 488 2510 altercatione
519 2472 727 2510 silentium.
783 2473 878 2510 fecit
903 2473 1010 2523 quod
1039 2474 1251 2523 rogabatur
1277 2470 1498 2519 Honorius3
1535 2474 1574 2507 et
1604 2469 1698 2519 quia

235 2530 317 2568 tale
347 2528 552 2567 consilium
581 2535 729 2566 eventu
758 2529 924 2566 noxium
957 2528 1177 2576 catholicis,
1213 2527 1462 2566 commodum
1490 2525 1697 2565 haereticis

237 2585 526 2637 deprehensum
544 2591 616 2629 est,
636 2584 855 2622 multorum
872 2591 1008 2635 postea
1028 2585 1195 2635 querelis
1213 2589 1252 2622 et
1271 2582 1605 2621 criminationibus
1619 2595 1698 2619 no·-

238 2655 329 2680 men
353 2643 430 2681 fuit
447 2641 550 2680 iltius
566 2646 606 2679 et
626 2641 813 2678 memoria
837 2646 968 2678 notata
980 2670 991 2689 ‚
1021 2642 1129 2690 quasi
1151 2646 1296 2678 temere
1315 2638 1510 2678 credendo
1529 2637 1696 2678 subdolo

237 2697 542 2746 haeresiarchae,
572 2698 639 2748 qui
663 2697 841 2735 nondum
861 2696 1012 2735 larvam
1032 2697 1285 2748 deposuisset,
1313 2695 1465 2734 haeresi
1485 2693 1697 2734 Menotha-

238 2756 401 2794 litarum
423 2757 648 2806 fomentum
682 2751 949 2806 impendisset.
1006 2753 1047 2791 in
1078 2766 1156 2804 quo
1182 2759 1268 2792 toto
1292 2753 1379 2804 quis
1406 2765 1489 2791 non
1512 2750 1624 2790 videt
1646 2762 1717 2788 ne

239 2812 406 2864 primam
424 2811 583 2863 quidem
608 2810 774 2863 speciem
794 2809 1021 2849 defectionis
1053 2810 1102 2848 ab
1123 2809 1348 2849 orthodoxa
1367 2808 1447 2848 fide
1474 2806 1697 2861 apparuisse
