1898 3126
264 158 361 204 290
683 153 920 198 GEORGII
956 153 1309 200 PACHYMERIS

210 279 240 311 E
266 276 339 315 τοῦ
371 266 635 327 φρονήματος
670 268 1008 323 ἀπεπροσποιεῖτο
1048 268 1115 310 καὶ
1157 265 1403 322 ἀνεβάλλετο
1413 301 1427 322 ,
1476 263 1572 312 οὐδ’
1615 268 1737 326 ἴκταρ

266 340 377 391 ἄξιον
397 338 592 394 κρίνουσα
615 336 661 379 τὸ
682 335 964 392 συνάλλαγμα.
1004 337 1070 378 καὶ
1093 337 1160 379 διὰ
1180 341 1304 380 τοῦτο
1328 338 1396 380 καὶ
1419 341 1584 390 βασιλεῖ
1603 335 1738 393 πολλή

266 425 326 458 τις
352 404 401 463 ἦν
427 404 454 461 ἦ
485 406 685 460 ἒχεμυθία
715 408 806 462 περὶ
831 410 916 449 τῶν
944 403 1167 459 τοιούτων,
1206 406 1278 448 καί
1300 397 1379 448 πὀυ
1409 406 1478 448 καὶ
1499 404 1739 461 εὖμεθόδως

267 473 459 525 πολλάκις
481 472 742 531 παρεγύμνου
762 474 809 518 τὸ
831 472 1051 529 βούλημα,
1090 474 1138 517 τὸ
1159 473 1301 526 μέντοι
1321 490 1364 531 γε
1398 473 1503 531 πρὸς
1526 474 1602 529 τὴν
1617 492 1738 532 πριγ-

265 548 455 588 κίπισσαν
473 543 640 597 Ἀχαΐας
660 542 742 599 ἤδη
764 543 1046 599 κεχηρωμένην
1070 542 1220 600 ἀνδρὸς
1241 546 1365 598 κῆδος
1395 539 1614 601 ἀξιώτερον
1631 542 1770 601 {Qu-5

265 633 330 667 νε,
369 615 437 656 καὶ
455 612 569 668 παρὰ
589 609 718 666 μόνον
738 612 784 656 τὸ
805 617 880 666 τῆς
899 610 1089 667 γυναικὸς
1107 611 1282 668 ἔξωρον,
1313 611 1443 655 αὐτοῦ
1463 628 1508 668 γε
1527 612 1739 656 νεανίσκου

266 683 384 733 ὄντος
404 683 471 725 καὶ
488 681 560 724 τὸν
579 680 735 738 ἒῖρηβον
754 679 1138 738 παραλλάττοντος,
1173 681 1256 737 ἤδη
1283 680 1409 737 ἤθελε
1433 678 1740 724 συναλλάττειν.
1771 727 1774 731 ,

128 759 153 793 Ρ
179 758 245 792 ΞΟΟ
408 752 451 796 8.
526 749 641 800 Τέως
660 753 684 792 ὁ
696 750 706 766 ’
734 751 817 793 ἐπεὶ
835 751 902 792 καὶ
920 747 1189 807 ὑποστροφῆς
1208 750 1287 793 ἔδει
1309 747 1470 800 τούτοις
1487 749 1540 793 τὰ
1558 751 1649 808 περὶ
1667 749 1740 794 τὸν
1796 750 1798 752 ’

268 818 423 878 κράλην
458 816 749 874 διευθετήσασι
782 821 849 862 καὶ
883 819 934 862 τὰ
963 819 1106 862 δὐτικὰ
1139 817 1196 868 ὡς
1226 816 1312 862 οἶόν
1340 836 1384 862 τε
1416 816 1737 874 καταστήσασιν,

269 887 508 946 ἐπαγόμενοι
527 888 600 942 μὲν
623 890 690 931 καὶ
711 888 786 943 τὴν
810 892 884 930 τοῦ
909 891 1104 944 Τερτερῆ,
1142 886 1384 944 ἐπαγόμενοι
1406 888 1536 931 δὲκαὶ
1557 888 1630 931 τὸν
1650 890 1739 931 Κο-
1753 898 1796 932 10

267 959 455 1012 τανίτζην
485 957 526 999 ἐν
557 954 751 1012 τηρήσεσι
777 954 1106 1014 προσηκούσαις,
1153 955 1229 1007 ἔξω
1268 974 1347 1000 που
1378 961 1454 1012 τῆς
1485 954 1642 1007 πόλεως
1665 973 1741 1000 κα-

267 1026 498 1082 τεσκήνουν.
571 1028 638 1068 καὶ
658 1024 683 1081 ἡ
705 1027 823 1081 κυρία
847 1030 923 1081 τῆς
938 1023 1126 1081 ὖπαντῆς
1147 1023 1362 1081 ἐνειστήκει
1376 1035 1386 1048 ·
1421 1023 1449 1081 ἦ
1475 1024 1519 1067 δ’
1538 1020 1590 1080 ἦν
1612 1023 1639 1081 ἦ
1657 1043 1741 1081 μη-

266 1097 335 1146 νὸς
365 1098 665 1149 Πίῖουνυχιῶνος
694 1096 853 1149 εἷκοστὴ
886 1094 1067 1151 δευτέρα.
1138 1092 1164 1148 ἦ
1188 1095 1263 1149 μὲν
1281 1091 1398 1144 πόλις
1416 1097 1531 1136 πᾶσα
1549 1091 1741 1151 καθάπερ

219 1170 247 1203 Β
275 1184 311 1209 τι
332 1165 463 1222 ῥεῦμα
493 1162 695 1218 ποτάμιον
725 1163 806 1207 ἀπὸ
838 1161 1050 1221 διαφόρων
1067 1167 1207 1219 πηγῶν
1229 1167 1312 1206 τῶν
1332 1163 1447 1206 ἰδίων
1465 1164 1603 1206 οἰκιῶν
1625 1163 1681 1212 εἷς
1695 1159 1740 1204 ἓν

266 1236 529 1279 συνελθοῦσα
555 1231 634 1284 ἔξω
654 1236 795 1276 πυλῶν
826 1237 908 1276 τῶν
929 1236 1003 1275 τοῦ
1025 1233 1219 1289 Χαρσιόυ
1242 1232 1373 1286 ε’χέετο
1383 1264 1398 1285 ,
1436 1232 1505 1274 καὶ
1524 1228 1741 1289 φιλοτιμό-
1754 1239 1796 1275 15

268 1321 386 1360 τερον
419 1301 523 1356 πρὸς
551 1302 635 1356 τὴν
655 1305 739 1345 τῶν
770 1300 972 1355 βασιλέων
1003 1299 1213 1356 ὑποδοχὴν
1237 1300 1522 1358 ηὐτρεπίζετο,
1567 1298 1610 1344 ἔν
1647 1301 1741 1343 δυσὶ

266 1371 430 1429 χρόνοις
463 1370 579 1426 ἐγγὺς
610 1368 897 1425 ἐπιδημούντων
925 1369 1020 1425 ἤδη.
1092 1368 1203 1413 καὶὸ
1233 1371 1364 1425 δῆμος
1397 1367 1507 1419 ἅπας
1525 1366 1742 1425 διημερεύ-

270 1458 346 1491 σας
369 1441 433 1483 ἐπὶ
454 1437 575 1492 πολύ,
595 1438 693 1489 ὅσος
713 1457 756 1483 τε
770 1437 996 1494 Ῥωμαϊκὸς
1006 1440 1074 1482 καὶ
1093 1437 1191 1489 ὅσος
1208 1438 1333 1490 ἄλλος
1346 1439 1390 1490 ἐξ
1407 1437 1544 1481 ἄλλων
1561 1441 1687 1494 γενῶν
1698 1453 1742 1481 τε

269 1607 465 1647 militatem,
487 1606 760 1650 quantacumque
781 1603 979 1638 divitiarum
1002 1603 1089 1638 mole
1110 1604 1382 1649 compensatam,
1414 1601 1526 1638 civilis
1560 1601 1744 1638 affinitatis

269 1655 376 1688 libere
406 1656 510 1697 atque
550 1649 823 1683 irrevocabiliter
853 1661 1029 1695 respuens.
1075 1650 1119 1684 ad
1155 1650 1217 1683 hoc
1249 1649 1500 1694 inexpectatum
1531 1649 1743 1684 obstaculum

268 1699 434 1735 haerebat
457 1699 612 1741 Augusto
637 1707 744 1741 aqua,
768 1696 985 1730 domesticum
1008 1695 1154 1740 iurgium
1178 1695 1331 1738 verenti,
1355 1693 1585 1741 prudentique
1605 1694 1743 1730 interim

269 1759 310 1780 ac
334 1742 477 1790 patienti
508 1743 551 1776 de
583 1753 623 1776 re
645 1741 714 1775 ista
744 1741 878 1776 silentio
911 1742 1020 1776 rixam
1051 1741 1306 1785 conviciumque
1327 1740 1521 1775 declinanti.
1569 1744 1744 1776 caeterum

269 1797 308 1826 ut
330 1796 405 1825 arte
429 1802 470 1824 ac
492 1792 645 1834 tempore
667 1787 882 1833 meliorisque
911 1788 1148 1833 desperatione
1171 1786 1375 1821 conditionis
1400 1797 1539 1822 uxorem
1555 1786 1607 1822 =ad
1628 1786 1667 1821 id
1689 1786 1744 1821 ul-

269 1844 323 1873 tro
355 1836 534 1871 volendum
564 1834 655 1880 quod
688 1834 764 1879 ipse
796 1834 955 1879 cupiebat
976 1835 1174 1875 induceret,
1206 1831 1383 1878 proposuit
1403 1832 1540 1868 Ioannis
1569 1833 1744 1868 matrimo-

270 1885 361 1919 nium
386 1894 460 1916 cum
482 1881 684 1926 principissa
703 1880 854 1914 Achaiae
875 1880 941 1914 iam
962 1880 1079 1921 vidua,
1102 1891 1170 1914 non
1190 1879 1352 1923 ignorans
1372 1879 1554 1924 splendore
1575 1890 1744 1925 personae

271 1930 423 1973 coniugis
457 1926 631 1962 ambitioni
665 1926 918 1961 satisfacturum
931 1951 942 1968 ‚
975 1931 1012 1960 et
1033 1925 1177 1971 sperans
1199 1929 1331 1967 tamen,
1360 1924 1421 1959 ubi
1442 1924 1488 1960 ad
1509 1925 1743 1970 stringendum

270 1975 466 2016 veniretur,
502 1985 575 2007 rem
608 1972 685 2017 ipsa
716 1973 818 2007 facile
848 1983 991 2018 passura
1032 1971 1250 2006 omittendam
1284 1972 1329 2005 ob
1363 1982 1471 2016 grave
1499 1971 1744 2007 incommodum

270 2022 370 2065 longe
392 2020 529 2065 imparis
552 2019 806 2063 designatorum
829 2019 1006 2063 coniugum
1028 2018 1174 2060 aetatis,
1205 2017 1358 2052 Achaiae
1386 2017 1506 2063 utique
1538 2016 1744 2062 principissa

270 2068 336 2102 iam
361 2067 485 2108 effeta,
510 2077 585 2100 cum
609 2066 751 2099 Ioannes
773 2065 918 2110 despota
938 2065 1072 2100 vixdum
1095 2064 1273 2110 primulum
1296 2064 1511 2110 pubertatem
1531 2062 1699 2098 inivisset·

363 2136 396 2169 8.
446 2134 517 2168 Sed
538 2135 604 2168 iam
629 2142 703 2168 cum
734 2135 831 2167 aulae
864 2144 965 2168 causa
996 2144 1063 2167 non
1086 2137 1179 2168 esset
1199 2131 1466 2168 Thessalonicae
1487 2130 1641 2166 morandi
1665 2141 1743 2175 per-

269 2181 368 2215 fectis
393 2192 480 2225 quae
504 2180 585 2214 illuc
609 2191 682 2214 eam
706 2183 939 2222 attraxerant,
962 2179 1102 2213 foedere
1126 2191 1200 2213 cum
1225 2178 1318 2214 orale
1339 2181 1376 2212 et
1398 2177 1614 2212 restitutione
1637 2175 1744 2210 Occi-

271 2227 413 2260 duorum
439 2226 574 2272 imperii
597 2231 766 2260 tractuum
789 2225 825 2259 in
849 2237 948 2273 quam
971 2225 1132 2271 optimum
1159 2237 1220 2272 pro
1245 2223 1418 2270 praesenti
1441 2224 1581 2257 fortuna
1601 2225 1742 2264 statum,

271 2272 506 2316 tempestivum
527 2272 593 2305 fuit
616 2271 658 2305 de
681 2272 795 2306 reditu
816 2272 850 2306 in
872 2273 991 2306 urbem
1013 2271 1177 2316 cogitare.
1225 2271 1388 2305 ducentes
1409 2268 1513 2312 igitur
1534 2278 1648 2302 secum
1671 2268 1741 2301 Au-

272 2323 392 2364 gustus
415 2322 558 2363 uterque
580 2317 683 2351 filiam
709 2318 866 2352 Terteris
888 2321 1136 2363 praetereaque
1158 2316 1392 2356 cotanitzam,
1426 2317 1466 2347 ut
1487 2314 1595 2348 locum
1618 2313 1742 2348 officiis

272 2364 485 2398 maiestatem
509 2375 552 2397 ex
573 2363 673 2409 longo
698 2363 856 2398 reducem
888 2364 1086 2398 decentibus
1110 2363 1250 2405 darent,
1285 2364 1383 2395 extra
1413 2361 1531 2394 urbem
1553 2358 1742 2394 diversorio

274 2413 354 2455 apto
378 2409 612 2443 consederunt.
658 2409 752 2444 dicta
781 2411 860 2444 hinc
882 2410 956 2444 dies
975 2409 1116 2444 solemni
1146 2407 1299 2443 occursui
1323 2406 1462 2441 aderat:
1495 2417 1536 2440 ea
1557 2405 1626 2440 fuit
1648 2416 1744 2440 men-

274 2456 321 2490 sis
343 2455 546 2490 Novembris
567 2455 729 2490 vicesima
751 2455 912 2490 secunda.
958 2455 1117 2490 universa
1141 2454 1262 2488 civitas
1285 2464 1304 2486 e
1326 2451 1470 2496 singulis
1491 2451 1659 2494 domibus,
1680 2462 1743 2486 ve-

274 2502 326 2536 lut
348 2513 368 2535 e
390 2500 532 2535 diversis
552 2501 703 2535 fontibus
726 2501 954 2535 derivatorum
977 2501 1014 2534 in
1035 2511 1208 2535 commune
1231 2497 1433 2533 confluvium
1458 2498 1614 2540 amnium,
1634 2508 1746 2531 exun-

275 2547 383 2589 dans,
414 2547 449 2580 in
482 2557 583 2579 unum
606 2547 714 2581 effusa
749 2548 856 2582 locum
880 2550 977 2580 extra
999 2551 1135 2592 portam
1155 2544 1313 2586 Charsii,
1350 2543 1530 2578 ambitioso
1562 2543 1744 2578 aestuabat

275 2595 444 2638 apparatu
467 2592 689 2627 celebrandae
710 2593 945 2640 imperantium
967 2591 1177 2636 exceptionis
1192 2602 1240 2627 eo
1263 2590 1386 2624 decore
1406 2601 1448 2624 ac
1479 2588 1744 2635 magnificentia,

278 2650 367 2684 quae
389 2637 576 2683 principum
600 2650 619 2671 e
649 2639 763 2673 bienni
785 2639 942 2674 absentia
963 2638 1107 2683 primum
1130 2636 1365 2682 apparentium
1386 2635 1517 2669 tamdiu
1540 2637 1743 2681 expectatae

277 2684 492 2730 praesentiae
523 2689 782 2719 consentaneam
817 2683 971 2719 caritatis
999 2683 1150 2717 fidelium
1182 2683 1325 2724 civium,
1369 2681 1530 2716 desiderii
1564 2679 1744 2728 praeteriti

274 2731 461 2809 ‘glenddi'ql'm
493 2740 535 2809 οἳ
563 2730 798 2808 gratulationis
828 2729 1019 2786 praesentis
1047 2727 1539 2809 detffflllarationefintgxhibergnt.
1586 2736 1742 2780 magnam

274 2787 438 2855 {1222ss
455 2786 518 2856 ¹22²
536 2785 1344 2868 232521'}3:0r33'flz⁵g:;m333.15⁹m⁰‘2”„lm
1354 2783 1741 2865 ,Ἶὲἓὲιεὲωμῗέἒωιι-ιο
1719 2782 1743 2805 ⁶
