1858 3126
296 148 395 196 672
693 147 1002 193 OBSERVAT.
1034 149 1341 204 Bscflrmssfl.

294 271 362 299 sus
379 254 647 310 reperiendam
662 257 762 294 atrii
780 255 1030 297 mentionem.
1085 265 1124 297 et
1142 258 1251 311 quod
1270 259 1479 302 Phrantzes
1497 260 1735 307 dibambula

294 317 338 354 in
358 312 503 366 plurali
525 312 670 364 posuit,
692 312 909 364 significare
926 320 1024 366 puto
1044 315 1215 354 voluisse
1234 315 1383 366 gemina
1401 317 1622 363 candelabri
1640 318 1736 365 bra,-

296 371 404 420 chia,
442 382 611 420 quorum
640 381 750 407 suam
789 368 1095 422 unumquodque
1124 372 1336 410 sustineret
1363 372 1606 424 lampadem„
1647 378 1735 426 quia

294 426 399 466 enim
418 430 532 476 neget
557 431 719 477 perapte
737 426 875 466 cadere
893 439 1050 466 sensum
1068 426 1188 467 istum
1205 427 1249 466 in
1265 427 1362 467 haec
1377 429 1496 468 verba
1514 443 1604 478 cum
1620 429 1735 474 Iam-,-

288 480 469 534 pudibus
488 479 547 519 ad
569 480 841 531 dibambula?

405 537 563 589 Opponi
590 537 776 576 adversus
809 537 905 577 haec
931 545 1067 591 posset
1093 552 1143 578 ex
1172 539 1289 579 modo
1315 539 1475 579 laudato
1492 539 1735 596 Balsamonq,

295 594 530 645 singularem
560 592 810 646 imperatoris
837 595 956 633 fuisse
976 595 1284 648 praerogativam
1303 596 1473 648 praeviis
1493 596 1645 636 duabu·
1664 599 1737 649 per

294 650 496 690 ecclesiam
521 649 699 688 incedere
725 650 993 702 lampadibus,
1026 651 1152 702 qualis
1170 665 1242 691 nec
1258 651 1502 704 patriarchae
1521 666 1568 691 ac
1591 666 1640 691 ne
1657 651 1736 705 ipsi

293 706 452 759 quidem
473 705 711 758 imperatrici
736 706 995 747 tribuebatur.
1051 707 1114 746 his
1145 708 1248 747 enim
1275 708 1399 747 tradit
1418 709 1622 747 Balsamon
1644 703 1736 753 sin-,¹-

291 764 402 815 gulas
420 768 573 800 tantum
594 762 782 814 praeferri
800 763 943 801 solidas
970 763 1183 816 lampades.
1239 764 1289 802 ad
1308 764 1383 802 hoc
1401 764 1548 816 duplex
1565 777 1738 817 respon,-

291 820 350 858 sio
378 832 461 856 mea
494 823 565 859 est.
620 820 752 870 prior:
779 832 860 856 non
887 820 1017 858 omnia
1046 833 1144 872 quae
1171 819 1308 871 primis
1336 819 1515 872 auspiciis
1542 819 1735 860 ineundae

292 874 492 925 dignitatis
519 873 750 925 quibusdam
779 874 1068 925 magistratibus
1086 876 1254 926 legitime
1274 875 1486 926 dabantur,
1515 876 1648 921 eadem
1675 875 1735 914 it-

290 931 397 970 idem
424 930 650 982 quotidiano
677 930 782 969 vitae
808 944 881 969 usu
909 931 1043 973 tribui.
1100 938 1197 982 quot
1222 931 1461 971 ceremoniae
1487 931 1736 984 imperatori-

291 987 382 1038 bus,
409 986 576 1037 regibus,
604 986 689 1024 aliis
710 985 953 1038 principibus
974 987 1254 1038 inaugurandis
1271 987 1519 1037 adhibentur,
1547 1001 1642 1040 quas
1661 1000 1737 1027 ne·-

292 1044 351 1082 fas
372 1050 429 1081 est
447 1044 549 1081 ultra
568 1042 682 1080 illum
702 1043 803 1080 diem
824 1043 978 1095 repeti'?
1008 1044 1061 1082 sic
1083 1050 1120 1082 et
1138 1043 1179 1082 in
1207 1043 1438 1095 patriarchis
1459 1044 1735 1082 Constantino-

291 1099 478 1153 politanis
497 1099 725 1137 institutum
744 1099 864 1137 fuisse
892 1099 1023 1151 potuit
1049 1105 1093 1137 ut
1115 1099 1241 1150 prima
1263 1099 1468 1137 dumtaxat
1487 1099 1734 1139 ordinatione

290 1155 519 1194 dibambulo
546 1153 856 1204 honorarentur,
885 1154 1036 1207 reliqua
1062 1155 1144 1194 vita
1164 1169 1252 1193 cum
1280 1154 1486 1206 prodirent
1511 1168 1584 1207 per
1609 1155 1734 1200 eccle-,-

289 1211 410 1260 siam,
443 1224 525 1250 non
556 1210 634 1249 nisi
662 1210 1008 1250 monobambulum
1037 1210 1133 1263 ipsis
1161 1210 1357 1263 praeiret,
1386 1216 1431 1250 ut
1455 1211 1590 1255 *multis
1612 1209 1734 1256 hodie

290 1267 485 1320 episcopis
503 1267 631 1320 primo
646 1266 821 1318 ingressu
840 1267 883 1305 in
903 1267 1020 1305 urbes
1041 1280 1129 1305 snas
1147 1266 1341 1305 umbellae
1357 1266 1549 1305 honorem
1569 1265 1654 1305 dari
1670 1265 1734 1311 vif·

288 1323 440 1371 demus,
461 1324 528 1374 qui
546 1329 679 1375 postea
699 1330 875 1374 negatur.
930 1323 1050 1361 altera
1062 1335 1075 1362 :
1106 1322 1198 1361 satis
1217 1335 1400 1373 magnum
1419 1335 1502 1361 esse
1520 1322 1734 1365 discrimen

287 1380 393 1419 inter
410 1379 650 1418 Balsamonis
672 1385 710 1418 et
729 1378 978 1430 Pachymeris
998 1384 1176 1418 aetatem.
1231 1392 1321 1417 nam
1340 1384 1497 1416 centum
1515 1379 1596 1417 fere
1615 1375 1737 1420 annia

285 1435 494 1474 Balsamon
513 1434 752 1486 Pachymere
780 1435 981 1486 antiquior
1009 1441 1081 1474 est.
1138 1447 1183 1473 eo
1217 1441 1345 1473 autem
1371 1434 1579 1473 intervallo
1606 1428 1732 1473 multa

285 1497 438 1529 constat
462 1491 503 1529 in
534 1491 829 1542 magistratuum
860 1490 1203 1530 ecclesiasticorum
1231 1496 1270 1529 et
1289 1490 1546 1530 saecularium
1566 1503 1732 1542 praere-.-

283 1546 427 1595 gativis
457 1553 495 1584 et
520 1545 738 1584 honoribus
764 1547 883 1585 fuisse
908 1547 1126 1586 immutata.
1184 1546 1291 1584 unde
1310 1559 1481 1598 pronum
1501 1551 1559 1584 est
1573 1544 1732 1590 creditu

284 1601 333 1639 ab
353 1602 652 1653 imperatoribus
680 1602 955 1651 schismaticis,
981 1616 1095 1640 suum
1117 1602 1592 1653 Constantinopolitanum
1612 1599 1732 1640 thro-

284 1671 380 1696 num
410 1657 459 1694 ad
485 1657 676 1695 invidiam
697 1663 735 1695 et
766 1657 1052 1708 depressionem
1079 1658 1195 1695 etiam
1224 1657 1397 1694 omnium
1426 1655 1544 1708 primi
1564 1655 1731 1695 Romani

284 1713 486 1751 ambitiose
513 1713 690 1752 attollere
718 1714 976 1762 certantibus,
1017 1712 1129 1751 facile
1156 1712 1233 1750 isto
1260 1711 1384 1764 spatio
1414 1724 1640 1749 concessum
1669 1717 1730 1760 ut,

285 1783 376 1807 cum
406 1775 516 1807 antea
545 1770 662 1807 unius
691 1769 930 1820 praelatione
948 1768 1139 1820 lampadis
1159 1767 1407 1820 patriarchae
1424 1767 1727 1816 honorarentur,

286 1825 469 1877 deinceps
496 1824 672 1876 bilychni
693 1838 848 1876 quoque
874 1825 1031 1863 lucerna
1062 1823 1150 1875 (qui
1178 1829 1262 1862 erat
1288 1829 1400 1861 antea
1428 1823 1522 1861 solis
1540 1822 1727 1873 Augustis

288 1887 508 1919 reservatus
528 1881 667 1931 honos)
696 1888 785 1920 ante
813 1882 921 1932 ipsos
939 1886 1095 1933 portata
1114 1879 1313 1931 conspicui
1339 1877 1583 1917 ambularent
1598 1878 1641 1916 in
1660 1891 1728 1917 ec-

286 1936 423 1986 clesia,
451 1943 531 1975 tam
563 1936 689 1989 prima
718 1937 921 1989 potestatis
950 1935 1204 1988 usurpatione
1226 1949 1342 1986 quam
1363 1934 1558 1986 deinceps,
1611 1933 1728 1985 eligat

290 1993 410 2042 igitur
437 2006 583 2045 aequus
609 1993 733 2031 lector
760 1999 890 2032 utrum
915 1993 1046 2041 malit,
1077 2005 1125 2030 an
1153 1997 1276 2030 aetate
1305 2003 1461 2042 quoque
1487 1989 1727 2031 Balsamonis

152 2051 179 2086 Ρ
202 2049 267 2086 472
291 2049 747 2101 Constantinopolitanos
767 2048 1006 2102 patriarchas
1026 2049 1069 2085 in
1089 2047 1216 2100 prima
1235 2046 1524 2084 consecratione
1542 2058 1635 2083 usos
1656 2044 1727 2086 Dis-

288 2104 492 2153 bambalo,
521 2105 561 2142 in
584 2105 761 2157 reliquo,
790 2106 904 2143 etiam
925 2104 1210 2143 solemnitatum
1231 2115 1478 2152 magnarum,
1506 2115 1580 2153 per
1598 2101 1726 2139 ecclo-

289 2161 385 2197 siam
415 2160 569 2199 incessu
595 2162 897 2199 Monobambulo
925 2167 1152 2206 contentos;
1186 2172 1236 2197 an
1262 2164 1443 2196 neutrum
1473 2157 1568 2197 dum
1586 2157 1727 2195 Balsa-

284 2229 379 2253 mon
399 2217 583 2255 scriberet
604 2231 829 2255 concessum
849 2218 960 2268 ipsis,
991 2222 1214 2266 utrumque,
1242 2219 1312 2251 aut
1330 2214 1465 2252 saltem
1483 2212 1608 2264 prius,
1633 2216 1724 2249 ante

284 2270 386 2308 hanc
415 2273 555 2310 editam
578 2286 600 2310 a
620 2273 853 2324 Pachymere
875 2273 1073 2311 historiam
1095 2269 1320 2322 Byzantinis
1349 2268 1464 2306 fuisse
1483 2265 1723 2305 antistitibus

283 2339 357 2378 per
384 2341 470 2365 suos
502 2328 700 2380 principes
719 2329 928 2367 indultum.
986 2327 1239 2366 confirmatur
1258 2324 1369 2376 prior
1386 2321 1586 2375 responsio
1607 2333 1656 2359 ex
1675 2333 1721 2360 eo

282 2382 391 2432 quod
412 2383 465 2419 ait
485 2383 707 2431 Balsama,
739 2385 932 2436 episeopis
951 2389 1105 2435 praeter
1127 2379 1388 2433 patriarcham
1409 2385 1447 2416 et
1466 2389 1612 2428 paucos
1633 2376 1722 2414 exi-

282 2437 359 2476 mie
378 2437 602 2486 honoratos,
631 2445 676 2476 ut
697 2440 816 2490 Cypri
837 2446 875 2478 et
893 2439 1095 2488 Bulgariae
1114 2436 1437 2487 archiepiscopos,
1457 2432 1578 2470 fuisse
1596 2438 1724 2470 caete-

281 2493 337 2532 ris
356 2499 533 2544 negatam
554 2493 596 2530 in
616 2508 797 2545 processu
823 2509 895 2546 per
915 2495 1133 2542 ecclesiam,
1163 2490 1398 2529 solemnibus
1427 2488 1543 2526 etiam
1571 2487 1722 2538 diebus,

280 2548 399 2587 unius
427 2549 705 2601 praelationem
732 2551 945 2601 lampadis3
975 2563 1048 2599 qua
1076 2554 1206 2586 tamen
1233 2546 1323 2582 illos
1354 2544 1395 2581 in
1425 2543 1551 2594 prima
1583 2543 1721 2585 saltem

279 2605 570 2655 inauguratione
590 2605 706 2642 fuisse
726 2605 996 2643 cohonestatos
1015 2604 1086 2642 vix
1105 2607 1233 2654 potest
1254 2600 1302 2637 ob
1322 2599 1499 2650 superius
1519 2598 1621 2636 dicta
1642 2599 1719 2637 du-

281 2660 412 2701 bitari.
471 2661 607 2712 quidni
632 2674 720 2710 ergo
752 2660 808 2698 sic
840 2661 992 2698 dicatur
1020 2660 1068 2696 de
1086 2654 1303 2709 patriarcha
1323 2667 1502 2705 quoque,
1531 2654 1576 2692 in
1592 2653 1720 2706 prima

279 2715 340 2754 ini
360 2716 656 2767 inauguratione
676 2716 938 2754 dibambulum
958 2726 1201 2761 concessum3
1240 2711 1283 2749 in
1303 2710 1464 2761 reliquis
1493 2709 1719 2748 ceremoniis

287 2772 631 2814 monobambulum
648 2772 865 2812 dumtaxat.
921 2775 1100 2826 superest
1127 2774 1171 2808 ut
1189 2766 1452 2818 veriloquium
1469 2778 1610 2806 vocum
1627 2764 1720 2804 ista-
