1858 3126
282 139 381 186 730
677 139 991 184 OBSERVAT.
1019 139 1331 188 PACHYMER.

278 255 383 294 iuste
403 266 448 291 ac
471 250 737 301 calumniose,
767 250 959 290 concedat
985 253 1149 290 crimini
1173 251 1377 297 subiacet-q
1401 256 1575 294 maximo
1597 255 1734 306 Italos,

278 311 357 349 hoc
377 315 436 348 est
455 308 635 347 Latinam
657 315 697 348 et
715 309 932 348 Romanam
954 308 1180 358 ecclesiam,
1209 322 1255 347 eo
1278 309 1387 361 quod
1410 323 1547 350 vocem
1559 313 1735 364 filioque

279 365 507 420 apposuerit
524 365 719 417 symbolo.
776 365 856 404 hoc
873 365 1004 404 visum
1023 365 1096 403 sibi
1115 364 1270 404 audisse
1293 367 1364 414 (ut
1377 379 1513 406 sensus
1530 368 1735 408 affectibus

278 422 486 471 serviunt)
516 421 812 461 schismaticum
837 421 1096 471 historicum,
1127 422 1221 460 dum
1250 422 1348 460 huic
1375 422 1497 461 Vecei
1514 429 1554 462 et
1573 437 1735 464 suorum

278 480 522 518 Graecorum
551 478 835 517 concertationi
855 479 1085 528 interesset,
1113 478 1230 517 facile
1252 479 1535 520 concesserim=
1563 479 1734 523 Veccum

275 550 323 576 re
338 550 431 575 vera
450 536 505 574 ita
527 536 708 575 locutum
735 549 849 587 aegre
865 535 1042 573 adducar
1059 541 1104 573 ut
1120 536 1291 575 credam.
1347 549 1439 574 nam
1457 536 1613 589 prolabi
1635 537 1738 576 sori·-

276 599 413 646 ptores
441 593 575 631 studio
601 607 648 631 ac
673 593 811 631 favore
839 605 979 631 causae
1000 592 1212 644 propriae,
1242 593 1468 645 exemplum
1488 593 1531 631 in
1554 592 1736 646 hocipso

274 662 463 703 praesens
488 649 615 689 habeo
643 649 825 687 Vaticani
858 648 1147 701 paraphrastis,
1181 648 1251 700 qui
1281 662 1370 688 cum
1398 649 1495 688 haec
1527 649 1738 689 dumtaxat

275 707 397 745 modo
417 720 439 744 a
459 706 574 745 nobis
605 706 804 758 descripta
824 706 866 744 in
885 704 1125 757 Pachymere
1144 706 1317 756 legisset,
1348 719 1392 744 ea
1414 706 1639 745 immaniter
1653 720 1736 745 am-

273 763 458 818 plificans
486 763 726 801 deformavit
754 763 798 801 in
828 762 938 800 hunc
972 762 1161 801 modum:
1192 759 1288 802 ἅλλοὶ
1320 761 1416 810 τέως
1446 762 1515 803 καὶ
1539 758 1663 815 adrev
1689 760 1735 804 ‘to'

275 820 452 874 ἔγκλημα
472 815 764 871 θεραπεύοιτο,
797 814 846 859 οὗ
873 821 955 858 τῶν
979 814 1134 859 Ἰταλῶν
1157 816 1373 870 οὕμενουν·
1402 818 1549 860 ἐκεῖνοι
1563 816 1640 873 γάρ
1661 834 1735 871 χω-

275 876 339 930 ρὶς
359 880 438 917 τῶν
458 874 593 917 ἄλλων
612 870 670 916 ὧν
689 875 847 927 ἔχουσιν
864 874 1053 928 αἱρέσεων
1061 905 1072 925 ,
1102 878 1161 929 τῷ
1174 878 1369 927 τολμῆσαι
1395 872 1523 927 μόνον
1543 879 1735 929 προσθεῖ-

273 949 344 974 ναι
362 935 418 988 τῷ
442 929 629 988 συμβόλῳ
657 930 731 984 τήν
753 931 881 980 λέξιν,
911 929 1080 985 μεγάλης
1103 931 1290 983 αἱρέσεως
1323 928 1486 981 εἰκότως
1511 931 1641 983 ἔνοχοι
1667 932 1732 985 yt-

274 1004 425 1031 νονται.
480 988 559 1027 hoc
586 995 663 1028 est:
701 987 774 1026 sed
795 989 992 1026 hactenus
1021 987 1245 1038 duntaxat,
1276 995 1323 1026 ut
1353 990 1499 1027 crimen
1529 996 1735 1026 excusaret

273 1046 477 1097 (Veccus)
508 1060 589 1084 non
611 1047 752 1097 utique
776 1044 1003 1085 Italorum.-
1031 1046 1098 1082 illi
1125 1047 1251 1093 enim,
1274 1052 1437 1096 praeter
1455 1046 1566 1083 alia-⁹
1583 1044 1734 1096 quibus·

271 1110 456 1141 tenentur
488 1103 687 1152 haereses,
726 1102 789 1139 vel
816 1103 901 1140 solo
931 1116 1042 1139 ausu
1067 1100 1293 1140 additionis
1323 1101 1499 1152 symbolo
1523 1102 1734 1153 appositae

271 1162 399 1199 unius
431 1162 564 1207 vocis,
599 1161 775 1211 ingentis
802 1159 1007 1196 haereseos
1031 1159 1091 1197 rei
1121 1160 1209 1196 iure
1231 1159 1391 1210 peracti
1421 1165 1519 1196 sunt
1543 1156 1733 1200 habendi.

269 1217 328 1256 ita
351 1216 612 1269 interpolator
634 1215 935 1264 schismaticus,
966 1215 1112 1253 oblitus
1149 1228 1265 1266 quam
1295 1228 1410 1267 saepe
1433 1214 1542 1267 apud
1558 1214 1732 1265 scripto—

270 1286 380 1323 rem,
410 1286 526 1325 quem
556 1273 765 1324 compilat,
793 1272 932 1323 legerit
958 1272 1134 1310 Veccum
1164 1285 1321 1310 omnem
1344 1271 1519 1324 lapidem
1549 1270 1731 1321 movisse,

271 1329 317 1368 in
335 1343 460 1381 eoque
481 1343 675 1368 summam
694 1342 848 1380 semper
870 1330 1163 1366 contentionem
1188 1327 1434 1376 adhibuisse,
1462 1333 1508 1366 ut
1531 1327 1733 1366 evinceret

271 1400 399 1440 puros
427 1387 536 1429 omni
564 1386 770 1424 haereseos
799 1385 888 1423 labe
919 1385 1079 1423 Latinos
1104 1398 1207 1434 esse,
1238 1390 1284 1422 ut
1313 1384 1404 1422 inde
1433 1383 1598 1423 inferret
1623 1390 1732 1422 recte

269 1444 449 1495 potuisse
477 1443 570 1481 illos
602 1442 646 1480 in
676 1442 993 1480 communionem
1019 1456 1040 1479 a
1074 1441 1232 1480 Graecis
1254 1440 1429 1488 admitti,
1457 1438 1610 1479 etiamsi
1628 1441 1732 1478 forte

268 1513 353 1537 :non
380 1499 475 1537 satis
502 1505 720 1551 purgarent
743 1498 936 1537 invidiam
965 1497 1234 1536 adiunctionis
1263 1497 1375 1536 verbi
1402 1496 1452 1535 ad
1479 1497 1727 1548 symbolum3

262 1568 397 1606 -quae,
433 1561 480 1593 ut
510 1569 663 1592 summo
698 1555 786 1592 iure
816 1560 1018 1604 ageretur,
1058 1568 1170 1593 error
1205 1559 1343 1591 contra
1369 1553 1508 1604 dogma
1535 1565 1617 1590 esse
1645 1565 1729 1590 non

265 1616 424 1664 posset,
459 1611 528 1649 sed
553 1616 758 1661 peccatum
790 1611 996 1648 dumtaxat
1021 1616 1160 1649 contra
1187 1609 1459 1661 disciplinam,
1489 1608 1626 1660 qualia>
1646 1622 1729 1646 non

267 1668 468 1706 inducunt
504 1666 783 1718 obligationem
827 1666 1117 1704 communionis
1163 1665 1467 1717 abrumpendae.
1522 1670 1571 1702 ut
1605 1664 1728 1715 igitur

265 1724 473 1763 historiam
490 1737 608 1774 quam
634 1723 823 1774 scriptam
846 1736 942 1774 prae
959 1722 1085 1761 oculis
1102 1721 1270 1760 habebat
1291 1734 1512 1773 anonymus
1532 1719 1728 1772 epitoma-'

266 1787 358 1831 tor,
389 1780 547 1820 affectui
579 1780 739 1832 privato
767 1793 858 1829 erga
888 1778 1055 1818 schisma
1083 1778 1311 1829 indulgens,
1340 1778 1384 1816 in
1414 1777 1727 1830 praeindicatam

271 1837 457 1890 corrupit
482 1836 737 1885 sententiam,
765 1835 823 1873 ita
855 1835 1051 1888 suspicari
1076 1835 1196 1884 licet,
1224 1833 1451 1874 audientem
1469 1834 1590 1873 Vecci
1607 1834 1728 1872 verba

270 1894 576 1946 Pachymerem‚
606 1892 900 1941 contendentis,
930 1893 994 1931 vel
1024 1891 1057 1930 si
1084 1893 1187 1930 forte
1214 1891 1348 1929 afferri
1374 1890 1557 1943 nequiret
1585 1890 1728 1929 idonea

272 1951 479 1990 excusatio
504 1949 760 1989 additamenti
785 1949 1014 1987 Latinorum
1038 1948 1088 1987 ad
1107 1948 1352 1999 symbolum,
1376 1947 1420 1985 in
1442 1960 1522 1999 quo
1543 1946 1629 1999 ipse
1646 1960 1727 1998 pu—

271 2021 393 2059 gnare
422 2007 599 2046 odiosius
627 2020 707 2044 non
740 2006 903 2044 duceret
931 2005 1194 2044 necessarium
1211 2004 1260 2042 ad
1280 2018 1458 2054 causam,
1485 2009 1618 2041 tamen
1632 2002 1726 2042 hae.-

270 2064 416 2103 reticae
440 2064 636 2102 immunes
659 2062 927 2112 labis.utique
958 2062 1066 2114 ipsos
1099 2075 1200 2110 esse,
1232 2060 1300 2111 qui
1323 2061 1364 2099 in
1383 2074 1427 2098 ea
1447 2073 1564 2111 quam
1587 2059 1725 2098 trade—

270 2121 370 2158 bant
390 2120 439 2158 de
461 2120 714 2172 processione
739 2121 776 2156 S.
799 2120 969 2170 Spiritus
991 2118 1105 2156 etiam
1126 2131 1174 2156 ex
1196 2118 1276 2155 filio
1298 2116 1480 2155 doctrina
1498 2129 1580 2154 non
1605 2115 1725 2155 dubie

269 2177 546 2227 suffragatores
578 2183 709 2228 patres
737 2177 905 2213 Graecos
932 2175 1082 2227 primae
1107 2174 1356 2212 auctoritatis
1379 2173 1581 2213 haberent.
1637 2185 1722 2211 eam

267 2234 336 2271 ille
355 2233 647 2270 concessionem
670 2234 710 2270 in
735 2246 957 2283 expressam
977 2231 1205 2269 Latinorum
1227 2230 1277 2268 ob
1295 2230 1536 2268 additionem
1553 2228 1603 2266 ad
1617 2240 1723 2278 sym-

262 2289 399 2327 bolum
422 2289 712 2327 damnationem
733 2288 913 2338 augendo
937 2288 1185 2339 perverterit.
1242 2292 1333 2324 utut
1350 2286 1422 2332 sit,
1453 2284 1630 2336 equidem
1654 2297 1721 2320 sa-

262 2345 317 2383 tis
349 2345 454 2382 clare
483 2346 769 2383 demonstrasse
803 2344 898 2381 mihi
924 2345 1064 2382 videor
1091 2343 1252 2395 propria
1283 2355 1402 2393 super
1423 2354 1468 2378 eo
1490 2345 1720 2389 argumento

262 2400 566 2448 dissertatione,
596 2414 696 2451 quae
732 2407 839 2438 extat
864 2401 893 2440 l.
911 2404 938 2440 2
969 2413 1146 2437 mearum
1179 2397 1508 2437 Observationum
1532 2395 1584 2433 ad
1609 2397 1719 2447 prius

262 2457 454 2497 volumen
487 2456 607 2493 huius
644 2456 833 2494 historiae
864 2470 886 2493 a
916 2469 956 2506 p·
982 2456 1065 2498 665
1094 2476 1150 2484 —
1177 2468 1216 2505 p.
1249 2453 1356 2502 674,
1395 2451 1634 2490 additionem
1667 2453 1718 2490 ad

263 2513 488 2566 symbolum
513 2518 620 2550 recte
645 2525 691 2549 ac
712 2512 933 2563 prudenter
958 2512 1100 2549 factam
1120 2510 1223 2548 nulli
1241 2522 1324 2547 esse
1343 2507 1558 2546 obnoxiam
1581 2521 1718 2559 repre-

262 2569 465 2619 hensioni3
504 2574 549 2607 ut
577 2581 660 2606 eam
687 2581 757 2606 seu
783 2568 935 2606 Veccus
960 2581 1030 2606 seu
1055 2566 1315 2617 Pachymeres
1343 2564 1506 2616 culpare
1529 2563 1715 2614 voluerit,

263 2628 410 2666 frustra
432 2626 527 2664 sint.

376 2697 417 2735 p.
453 2685 509 2726 32
550 2693 591 2721 v.
631 2684 669 2722 3.
726 2679 855 2719 καίτοι
889 2693 932 2732 γε
969 2676 1019 2717 τὰ
1056 2674 1192 2730 μέτριά
1223 2691 1266 2730 γε
1301 2680 1386 2725 τοῖς
1424 2671 1553 2729 λόγοις
1589 2672 1733 2717 αὐτοῦ·

264 2733 670 2794 προσαρθρούμενος,
714 2736 885 2775 obnoxie
919 2735 1046 2772 fateor
1075 2734 1117 2771 in
1143 2747 1202 2772 ms
1227 2745 1290 2771 me
1316 2733 1456 2784 legisse
1490 2730 1715 2786 προσαρχό-

265 2810 395 2849 μενος.
452 2795 524 2835 sed
549 2793 715 2835 verbum
735 2793 914 2845 ignotum
933 2797 972 2830 et
989 2790 1087 2830 huic
1108 2788 1266 2842 quidem
1284 2790 1376 2829 loco
1397 2786 1714 2843 ἀπροσδιόνυσον
