1820 3112
194 151 257 196 72
614 150 848 195 GEORGII
881 148 1233 194 PACHYMERIS

196 293 262 317 ναι
284 281 370 324 τοῖς
389 272 585 332 τάφροις,
615 276 682 317 καὶ
704 272 834 323 οὕτως
853 272 999 328 ἀνέδην
1023 272 1122 316 κατ’
1149 273 1284 331 ὀλίγον
1305 274 1494 326 κτίζοντα
1516 272 1667 331 ἀνεγεί-

198 361 278 400 ρειν
307 346 442 392 λίθοις
471 343 517 385 τὸ
549 341 745 397 πόλισμα.
816 342 884 384 διὰ
911 346 1044 384 ταῦτα
1074 344 1140 385 καὶ
1174 342 1327 397 ἀνοχὰς
1355 344 1525 386 ἐποιεῖτο
1536 375 1549 395 ,
1600 344 1669 385 καὶ

77 415 106 450 P
130 417 173 451 45
198 411 341 468 ἀεργὸς
365 411 466 466 πρὸς
483 412 582 461 τοὺς
602 410 850 461 ἀντιπάλους
877 412 1078 466 ἐφαίνετο.
1150 411 1270 468 (27)
1309 415 1384 454 τοῦ
1401 415 1501 467 γοῦν
1523 415 1669 468 καιροῦ

198 479 439 533 τριβομένου
471 479 591 530 νόσος
625 482 809 534 ἐμπίπτει
850 484 909 538 τῷ
944 484 1223 539 στρατιωτικῷ
1257 485 1405 536 βαρεῖα
1439 477 1573 537 πάντῃ
1603 481 1670 522 καὶ

199 548 424 603 αὐτουργὸς
446 556 532 599 τοῖς
563 554 731 599 πολλοῖς
759 547 971 591 θανάτου·
1018 550 1188 604 βαρείας
1213 549 1291 605 γὰρ
1318 555 1458 603 χεῖρας
1487 545 1509 590 ὃ
1529 547 1705 603 λοιμός5

135 626 142 630 “
199 618 362 666 ε’κείνοις
388 617 535 672 ἐφῆκε,
573 620 639 660 καὶ
674 615 941 671 ἐπασσύτεροι
973 615 1190 672 ἔθνησκον.
1261 617 1377 667 τέλος
1397 618 1526 659 δὲκαὶ
1547 615 1674 667 αὐτὸς

198 683 218 728 ὃ
245 686 474 741 στρατηγὸς
503 683 877 742 πρωτοβεστιάριος
905 683 1029 728 νόσου
1060 686 1193 741 γέγονε
1223 683 1535 742 παρανάλωμα,
1574 685 1674 728 κάν-

197 758 345 796 τεῦθεν
365 754 403 795 οἱ
425 756 745 812 περιληφθέντες
776 754 905 809 μηδὲν
936 758 1017 797 τῶν
1052 756 1245 810 γεναίνων
1269 752 1495 810 πράξαντες
1521 752 1674 797 ὑπανε-

203 819 401 877 ζεύγνυον.
473 821 645 880 ὕστερον
664 825 708 866 δὲ
728 823 832 877 αὐτὴ
857 823 962 865 καθ’
987 821 1157 878 αὖτὴνὴ
1179 825 1403 876 βασίλισσα
1426 819 1590 877 συνάμα
1609 825 1671 881 τῷ

147 892 177 925 Β
202 889 320 947 ἀνδρὶ
354 890 606 951 Νικηφόρῳ,
653 889 788 942 δόλοις
820 889 1070 941 ὗπελθόντες
1094 894 1159 934 καὶ
1188 891 1324 947 ὅρκοις
1340 889 1670 944 ἐξαπατήσαντες
1683 904 1727 938 10

199 958 272 1002 τὸν
299 959 474 1014 Μιχαὴλ
506 958 560 1010 ὥς
591 961 778 1017 γαμβρὸν
809 961 873 1002 ἐπὶ
902 963 954 1016 τῇ
982 962 1165 1016 θυγατρί
1187 958 1402 1014 άξόμενοι,
1439 960 1543 1014 μηδ’
1571 959 1673 1002 αὐτὸ

198 1027 246 1070 τὸ
266 1028 541 1082 κεκωλυμένον
560 1029 602 1071 ἐκ
619 1029 758 1085 γε’νους
777 1026 1070 1084 ὑπονοήσαντα
1090 1026 1171 1072 ὑπὸ
1189 1035 1328 1084 χεῖρας
1347 1032 1574 1081 ποιοῦνται,
1608 1029 1677 1070 καὶ

198 1100 259 1154 τῷ
278 1101 454 1150 βασιλεῖ’,
493 1097 624 1152 συχνὰ
643 1102 725 1140 τῶν
745 1095 971 1153 χρημάτων
995 1094 1216 1149 λαβόντες,
1256 1097 1460 1151 πέμπουσι
1484 1097 1674 1151 δέσμιον·

201 1162 248 1206 ὃν
279 1163 300 1206 ὃ
332 1166 527 1218 βασιλεὺς
556 1165 636 1208 ὑπὸ
667 1173 865 1223 ᾳρουροΐς
895 1168 962 1208 καὶ
989 1165 1172 1208 ἀνέσεσιν
1197 1165 1299 1220 ἔχων
1329 1166 1470 1219 ἐτίμα,
1509 1167 1576 1208 καὶ
1600 1164 1675 1219 τὴν

201 1232 376 1286 ἀνεψιὰν
396 1233 471 1288 τὴν
494 1238 567 1277 τοῦ
593 1234 717 1277 Ἀσὰν
751 1234 962 1290 θυγατέρα
989 1236 1043 1284 εἷς
1059 1233 1190 1290 γάμον
1209 1234 1259 1289 δὴ
1281 1231 1501 1289 κατηγγύα.
1572 1232 1669 1276 ἀλλ’
1687 1243 1744 1280 15⁸

150 1298 180 1332 C
204 1302 351 1352 ἐκεῖνος
369 1301 563 1353 πολλάκις
581 1304 656 1358 μὲν
676 1304 903 1360 ἐπεχείρησε
929 1301 1112 1360 φεύγειν,
1150 1299 1395 1352 τοσαυτάκις
1423 1301 1472 1345 δέ
1487 1301 1527 1346 οἱ
1546 1302 1677 1356 ἔμπο-

201 1432 390 1476 extmctio,
413 1432 537 1478 quibus
561 1435 597 1467 et
618 1434 710 1468 fossa
734 1432 923 1479 praeducta
946 1432 1072 1479 duplex
1095 1436 1168 1476 est,
1201 1445 1291 1479 aqua
1312 1432 1449 1477 insuper
1472 1445 1492 1467 e
1515 1433 1599 1468 mari
1622 1433 1679 1468 vi-

201 1477 276 1512 cino
298 1478 333 1512 in
357 1484 536 1525 utramque
560 1480 728 1513 derivata.
775 1479 897 1524 quibus
919 1480 1154 1525 deproperatis
1185 1480 1228 1514 ad
1254 1479 1394 1513 tutelam
1417 1479 1552 1524 operis,
1584 1480 1679 1514 intra

201 1523 238 1556 id
261 1525 384 1558 vallum
409 1536 529 1559 secure
551 1526 616 1559 iam
641 1531 695 1559 est
716 1525 896 1559 solidorum
929 1538 948 1559 e
975 1537 1058 1560 saxo
1081 1525 1249 1559 moenium
1273 1536 1335 1571 per
1358 1524 1463 1559 otium
1485 1525 1678 1560 aedificatio

201 1574 332 1604 curata.
378 1570 412 1603 in
436 1571 489 1604 his
514 1571 573 1604 diu
603 1582 698 1605 suum
721 1571 906 1605 exercitum
929 1571 1214 1616 protovestiarius
1237 1575 1439 1617 occupatum
1465 1570 1601 1612 habuit,
1625 1571 1679 1604 ni-

201 1614 249 1648 hil
272 1615 448 1650 admodum
472 1616 603 1650 interea
627 1617 755 1660 negotii
780 1617 933 1651 hostibus
955 1618 1140 1651 facessens.
1197 1618 1279 1661 (27)
1303 1621 1474 1651 caeterum
1494 1617 1528 1650 in
1551 1616 1680 1651 Roma-

203 1671 321 1695 norum
345 1665 534 1696 castrorum
561 1662 684 1696 milites
716 1663 847 1706 longam
871 1663 931 1696 tali
957 1662 1031 1696 ioco
1056 1669 1092 1697 et
1119 1674 1223 1708 opere
1245 1663 1423 1696 trahentes
1444 1673 1571 1696 moram
1595 1673 1679 1707 gra-

202 1706 254 1740 vis
277 1706 431 1741 incubuit.
454 1708 626 1742 calamitas
649 1708 842 1754 pestilentis
864 1709 993 1750 morbi3
1025 1720 1092 1754 quo
1126 1708 1224 1743 multi
1246 1714 1326 1742 sunt
1349 1708 1449 1742 brevi
1480 1708 1594 1754 spatio
1616 1719 1680 1742 ne-

203 1751 285 1787 cati.
331 1753 388 1787 lue
420 1754 547 1799 quippe
579 1765 641 1800 per
670 1754 827 1798 contagia
858 1759 1061 1799 grassante,
1093 1766 1135 1788 ac
1169 1759 1329 1799 corrupto
1365 1753 1471 1799 magis
1505 1754 1680 1799 magisque

204 1798 291 1832 coeli
313 1802 426 1833 tractu
451 1811 587 1833 saevam
611 1805 758 1845 augente
779 1800 860 1841 vim,
883 1800 1109 1846 frequentatis
1130 1800 1165 1834 in
1188 1805 1357 1834 momenta.
1379 1800 1556 1834 funeribus
1578 1800 1679 1834 inex-

202 1845 298 1889 pleta
320 1845 472 1879 Libitina
506 1846 645 1880 feritate
679 1847 926 1887 bacchabatur,
958 1847 1060 1880 foeda
1090 1850 1207 1890 strage
1237 1846 1438 1880 cadaverum
1461 1846 1532 1880 late
1554 1850 1678 1880 cuncta

204 1894 435 1933 consternens,
459 1891 544 1926 adeo
567 1903 630 1925 nec
651 1891 733 1936 ipsis
755 1895 919 1938 parcente
941 1892 1151 1938 principibus
1173 1891 1289 1934 clade,
1318 1897 1358 1926 ut
1380 1891 1679 1937 protovestiarium

203 1946 339 1980 quoque
362 1939 481 1971 ducem
505 1937 578 1971 eius
603 1937 774 1972 exercitus
796 1949 988 1983 supremum
1012 1938 1119 1984 pestis
1141 1937 1349 1981 extinxerit;
1374 1949 1441 1983 quo
1464 1938 1599 1972 sublato
1621 1948 1680 1971 re-

206 1980 335 2026 liquiae
358 1982 542 2028 copiarum,
560 1983 652 2018 nulla
675 1995 714 2017 re
736 1988 836 2028 gesta
857 1986 952 2018 tanto
977 1989 1144 2029 apparatu
1167 1988 1203 2017 et
1227 1984 1462 2029 expectatione
1484 1983 1600 2028 digna,
1623 1983 1680 2017 in-

206 2027 316 2070 glorie
338 2032 564 2063 reverterunt.
611 2033 731 2074 postea
753 2034 866 2063 tamen
890 2029 966 2075 ipsa
989 2041 1051 2075 per
1083 2041 1121 2063 se
1143 2029 1283 2073 regina,
1318 2032 1520 2074 cooperante
1542 2041 1606 2075 pro
1628 2028 1682 2064 vi·

204 2072 260 2104 rili
284 2074 427 2117 coniuge
448 2074 555 2120 ipsius
580 2074 789 2121 Nicephom,
817 2075 903 2110 dolis
928 2087 1093 2120 aggressa
1116 2075 1316 2110 Michaelem
1340 2087 1438 2109 unam
1462 2075 1511 2109 illi
1533 2074 1681 2109 sallendo

205 2117 476 2153 efficacissimam
500 2121 632 2165 reperit
655 2121 861 2164 machinam,
894 2122 1082 2167 speciosum
1117 2125 1311 2156 ostentatae
1338 2121 1517 2155 affinitatis
1549 2131 1682 2155 nomen·

205 2162 264 2196 ubi
299 2164 387 2198 enim
419 2166 570 2211 promitti
598 2167 664 2200 sibi
689 2167 838 2201 Michael
867 2167 998 2201 audivit
1030 2168 1164 2212 nuptias
1189 2168 1304 2212 regiae
1326 2167 1470 2212 virginis
1494 2165 1682 2211 Nicephori

205 2209 370 2262 despotae
393 2214 427 2244 et
451 2212 567 2244 Annae
592 2212 731 2257 reginae
754 2214 870 2256 filiae,
906 2218 942 2247 et
964 2218 1032 2247 tam
1055 2213 1221 2258 splendidi
1245 2213 1456 2258 sponsionem
1479 2210 1683 2246 matrimonii

205 2259 384 2300 utriusque
407 2255 474 2290 sibi
500 2259 632 2301 puellae
664 2259 815 2303 parentis
845 2259 1044 2293 iuramentis
1073 2259 1295 2293 sanctissimis
1326 2258 1474 2300 firmari,
1505 2257 1608 2291 facile
1628 2267 1681 2290 ‘se

204 2303 417 2344 speratorum
440 2313 633 2336 socerorum
657 2305 819 2348 potestati
849 2305 1026 2350 permisit,
1059 2305 1252 2350 imprudens
1307 2304 1342 2338 ui
1373 2315 1438 2337 non
1469 2302 1682 2348 reputaverit

206 2357 307 2390 quam
332 2351 425 2380 esset
447 2347 644 2381 incredibile
668 2350 756 2383 velle
775 2361 895 2384 revera
919 2351 1078 2395 despotas
1103 2351 1269 2384 collocare
1304 2349 1473 2393 egitimam
1496 2347 1679 2383 haeredem

205 2391 301 2425 nothi
334 2392 427 2433 filio,
461 2404 524 2427 nec
548 2397 662 2427 vereri
685 2395 853 2429 maculare
878 2396 1002 2430 avitam
1033 2396 1242 2433 nobilitatem
1265 2395 1466 2429 admistione
1488 2393 1594 2439 spurii
1618 2405 1681 2438 ge-

206 2436 310 2471 neris.
356 2449 474 2472 verum
496 2439 626 2473 iuvenis
648 2441 831 2474 ambitione
858 2453 1022 2485 praeceps
1053 2453 1095 2475 ne
1119 2441 1311 2485 suspicione
1337 2439 1472 2484 quidem
1491 2440 1602 2485 prima
1624 2445 1680 2473 te-

206 2492 270 2516 nus
303 2487 373 2517 tam
406 2484 529 2518 iustum
562 2485 742 2519 admittens
775 2491 917 2528 metum,
958 2498 1060 2521 caeca
1093 2486 1221 2520 fiducia
1246 2486 1281 2519 in
1311 2485 1452 2530 laqueos
1484 2496 1523 2520 se
1559 2485 1679 2520 induit.

205 2527 291 2562 dans
314 2529 442 2574 quippe
473 2541 511 2564 se
543 2530 578 2564 in
613 2542 731 2564 manus
761 2531 990 2565 insidiantium
1022 2532 1304 2577 propinquorum,
1338 2530 1472 2565 vinctus
1509 2530 1619 2565 abiis
1643 2534 1680 2564 et

205 2574 327 2618 grandi
351 2581 404 2609 est
425 2576 623 2620 imperatori
646 2577 790 2622 pecunia
813 2578 993 2619 venditus,
1027 2578 1086 2622 qui
1111 2588 1186 2610 eum
1209 2577 1253 2610 ad
1277 2588 1314 2610 se
1338 2576 1520 2610 adductum
1542 2576 1577 2610 in
1600 2580 1679 2610 tuta

204 2619 353 2664 quidem,
376 2621 484 2655 libera
507 2627 618 2656 tamen
643 2623 796 2657 custodia
818 2622 945 2663 tenuit,
974 2623 1082 2657 variis
1103 2623 1212 2668 ipsum
1234 2621 1488 2656 remissionibus
1511 2625 1547 2656 et
1569 2621 1678 2666 signi-

202 2665 366 2701 ficatione
397 2667 535 2702 honoris
567 2667 708 2702 delinire
738 2669 900 2710 studens,
933 2668 1018 2702 adeo
1041 2674 1080 2702 ut
1111 2668 1214 2702 etiam
1238 2667 1367 2702 sororis
1389 2667 1551 2713 propriae
1573 2667 1679 2702 filiam

205 2721 248 2745 ex
279 2714 392 2747 Asane
423 2718 536 2748 natam
567 2713 601 2747 in
631 2713 877 2748 matrimonium
911 2713 979 2759 ipsi
1009 2714 1235 2759 promitteret.
1281 2714 1342 2748 sed
1374 2713 1538 2759 placando
1569 2712 1679 2748 feroci

204 2757 316 2792 animo
349 2758 475 2794 iniuria
504 2759 705 2805 proditionis
734 2759 872 2794 irritato
903 2760 1016 2794 nullae
1055 2760 1140 2794 satis
1172 2764 1234 2794 aut
1261 2759 1447 2794 blanditiae
1478 2763 1680 2805 praesentes

205 2806 267 2837 aut
290 2807 448 2840 ostensae
469 2805 506 2839 in
526 2809 702 2852 posterum
724 2805 859 2852 gratiae
881 2806 1034 2842 fuerunt.
1077 2805 1252 2841 involvens
1281 2816 1320 2840 se
1352 2805 1570 2841 irrevocabili
1598 2815 1681 2840 eon-
