1858 3126
307 130 384 176 DE
409 132 738 177 ANDRONICO
770 129 1141 176 PALAEOLOGO
1172 132 1219 177 1..
1239 129 1333 177 vn.
1456 130 1554 178 625

107 245 134 290 ὅ
157 249 319 303 κρατῶν
346 245 632 300 προσανετίθει
650 249 711 304 τῷ
727 242 934 302 ἡγουμένῳ
963 245 1031 286 καὶ
1061 244 1135 300 τὴν
1162 243 1269 302 παρ’
1297 242 1425 288 adro&
1451 261 1551 301 πρε-

106 316 248 367 σβείαν
269 314 371 369 πρὸς
386 310 715 369 Ἀμογαβάρους,
749 311 822 369 ἐφ’
852 306 886 371 ᾧ
914 312 1094 355 ἐθέλοιεν
1121 310 1342 369 χρημάτων
1363 310 1547 367 μεγάλων
1569 319 1601 354 Ι)

107 384 176 426 καὶ
201 387 323 436 τιμῆς
349 386 423 435 τῆς
449 378 733 436 προσηκούσης
761 381 826 422 καὶ
855 378 1153 435 κυβερνήσεως,
1185 379 1241 430 ὥς
1262 382 1329 423 καὶ
1348 380 1552 437 άναδοχῆς

107 449 327 500 ἀξιοῦσθαι
354 449 452 498 τοὺς
477 453 640 501 βασιλεῖ
665 446 865 490 δουλεύειν
890 448 1113 500 θέλοντας,
1160 446 1414 494 διαλύεσθαι.
1482 451 1552 492 καὶ

73 522 239 560 5ταῠτα
259 518 536 572 προσαναθεὶς
552 521 610 573 τῷ
630 515 743 575 ἅββᾷ
763 516 970 568 ἐκπέμπει·
1006 518 1072 558 καὶ
1090 521 1140 573 τῇ
1161 517 1311 569 μεταξὺ
1339 515 1552 572 διημερεύ-

107 601 167 628 σει
186 583 373 638 ἀνακωχὴ
392 580 457 638 ἦν,
496 585 531 626 εἰ
552 585 617 625 καὶ
636 583 736 626 ἄλλο
754 600 792 625 τι
810 581 1067 639 ἓσκευαγιῦγει
1086 585 1188 639 πρὸς
1207 583 1338 637 πόλιν,
1366 586 1432 627 καὶ
1448 583 1550 641 ὁση-

105 651 225 708 μέραι
255 651 355 700 λαός
385 653 452 693 καὶ
482 654 563 703 ζῶα
590 651 704 700 ἐντὸς
731 656 803 693 τοῦ
836 651 980 701 ἄστεος
1009 650 1287 706 ἐπληθύνετο,
1326 649 1381 702 ὦς
1409 655 1475 694 καὶ
1495 654 1545 695 τιὶ

105 719 271 775 περιττὰ
299 723 380 762 τῶν
411 716 522 771 ζώων
553 723 690 775 σφαγῇ
719 721 786 761 καὶ
816 720 1002 778 μακέλλῳ
1028 721 1236 765 δίδοσθαι.
1302 719 1399 762 ἀλλ’
1423 718 1445 763 ὃ
1475 722 1549 774 μέν

105 786 243 839 ἆββᾶς
259 784 446 839 ἐπιστάς,
483 787 549 828 καὶ
570 786 639 842 ἐφ’
665 784 834 841 ἡμέραις
854 786 905 830 τὰ
923 792 996 842 τῆς
1015 789 1230 843 πρεσβείας
1247 791 1543 844 μεταχειρίζων,
1570 803 1598 836 Ρ
1622 803 1688 837 435

52 865 97 900 10
108 854 226 897 οὐδέν
253 854 373 908 ἤνυσε
402 854 544 905 πλέον,
584 853 676 897 οὔτε
706 854 916 911 ἄπρακτος
940 853 1205 912 ὕποστρέφει,
1253 855 1385 898 πολλά
1412 873 1454 898 τε
1483 858 1550 899 καὶ

107 920 328 964 ἀτάσθαλα
347 922 416 964 καί
431 938 472 977 γε
489 922 546 976 μὴ
566 919 632 964 οἶά
651 921 694 964 τ’
723 922 773 964 ἂν
800 923 987 976 γενέσθαι
1010 923 1281 974 ἀπαιτοῦντος
1308 928 1382 966 τοῦ
1404 922 1550 979 Ῥομο-

106 988 277 1047 φόρτου.
311 987 500 1042 ἐβούλετο
517 988 595 1045 γὰρ
613 991 679 1031 καὶ
698 988 849 1040 τόπους
866 993 932 1033 καὶ
948 989 1120 1046 σώματα
1140 994 1205 1035 καὶ
1225 990 1402 1048 φρούρια
1419 991 1551 1046 ἀπεμ-

106 1062 243 1100 πολεῖν
266 1057 367 1112 πρὸς
391 1057 561 1110 βασιλέα
584 1056 767 1112 μεγάλων
783 1057 1028 1114 χρημάτων,
1062 1061 1134 1102 καί
1148 1078 1190 1116 γε
1212 1057 1460 1116 προσαπῄτει
1482 1062 1551 1103 καὶ

106 1125 182 1175 τὰς
196 1126 486 1181 μισθοφορίας.
540 1126 574 1167 εἲ
596 1125 641 1167 δ’
665 1121 759 1178 οὖν,
794 1126 921 1177 ἄλλας
935 1126 1075 1183 χώρας
1092 1126 1253 1171 σπεύδει
1274 1127 1454 1182 λαβόντα
1475 1146 1549 1170 κα-

52 1202 96 1237 15
107 1193 245 1247 τέχειν,
279 1194 346 1234 καὶ
362 1192 485 1235 ἄλλον
506 1191 797 1246 ἐπιβάλλεσθαι
818 1193 864 1238 ὃν
884 1194 935 1237 ἂν
952 1193 1119 1239 δύναιτο
1136 1195 1288 1252 τρόπον
1304 1194 1548 1247 ἀντιπάλων,

107 1263 174 1303 καὶ
193 1261 234 1310 ές
251 1260 366 1309 τέλος
389 1258 664 1314 διαμάχεσθαι
696 1262 915 1308 διετείνετο.
982 1268 1113 1305 ταῦτα
1130 1266 1196 1306 καὶ
1214 1262 1235 1307 ὅ
1253 1263 1358 1306 κατὰ
1375 1264 1423 1307 τὸ
1444 1262 1548 1307 Md·
1570 1267 1600 1302 B

198 1403 253 1436 10.
277 1398 384 1445 οὔτε]
408 1395 520 1436 ἄλλ’2
653 1400 705 1436 14.
730 1401 927 1438 eusticius?

105 1526 239 1559 etanter
257 1523 323 1558 sibi
345 1523 481 1569 suisque
504 1524 669 1570 capitibus
700 1524 868 1559 horrenda
889 1530 966 1560 sunt
988 1526 1179 1573 imprecati,
1213 1528 1242 1562 si
1265 1539 1362 1562 secus
1384 1529 1548 1563 facerent.

105 1574 175 1604 tum
205 1569 335 1603 demum
362 1569 545 1614 imperator
574 1570 780 1614 procinctum
810 1571 878 1605 iam
907 1572 951 1606 ad
981 1572 1048 1607 iter
1082 1585 1198 1607 versus
1220 1575 1449 1618 Amogabaros
1474 1575 1548 1608 Ge-

103 1625 261 1649 nuensem
283 1615 414 1649 Abbam
434 1626 530 1649 sunm
550 1627 692 1664 quoque.
706 1617 751 1650 ad
774 1616 907 1651 eosdem
927 1619 1077 1662 legatum
1098 1618 1265 1661 instituit,
1289 1620 1372 1654 dans
1395 1619 1430 1652 in
1452 1630 1550 1653 man-

105 1660 194 1695 datis
223 1664 263 1694 ut
292 1671 406 1694 eorum
437 1660 634 1705 primoribus
663 1673 684 1695 a
715 1673 753 1696 se
782 1662 924 1697 offerret
956 1664 1115 1708 pecunias
1138 1665 1315 1709 plurimas,
1349 1666 1492 1698 bonores
1514 1667 1551 1698 et

105 1707 339 1753 praefecturas
359 1706 521 1749 illustres,
548 1706 733 1741 affinitates
754 1707 835 1752 quin
855 1708 967 1750 etiam,
991 1714 1027 1743 et
1049 1709 1212 1755 quidquid
1235 1722 1256 1753 a
1278 1722 1316 1744 se
1337 1715 1457 1754 optare
1477 1721 1551 1743 ma-

105 1751 228 1785 ximum
258 1756 417 1796 possent,
449 1751 477 1785 si
499 1763 633 1785 snorum
656 1763 715 1786 eos
737 1753 795 1798 qui
818 1754 943 1788 vellent
963 1754 1157 1799 imperatori
1186 1755 1354 1795 militare,
1383 1762 1420 1787 ut
1443 1754 1549 1798 prius,

107 1797 310 1831 constitutae
339 1796 497 1840 pactione
520 1797 684 1831 mercedis
710 1797 745 1831 id
778 1799 884 1833 libere
907 1799 1055 1833 sinerent
1075 1801 1200 1834 facere.
1247 1801 1299 1834 his
1321 1799 1437 1832 Abbae
1459 1809 1550 1832 com-

107 1841 272 1874 mendatis
294 1852 368 1874 enm
389 1841 538 1875 dimittit.
585 1843 786 1888 interimque
805 1844 871 1877 sibi
893 1845 1036 1889 quadam
1053 1846 1288 1889 expectatione
1310 1854 1485 1878 successus
1507 1854 1550 1877 ex

108 1896 149 1918 eo
169 1889 319 1918 tractatu
342 1886 496 1930 prosperi
518 1887 690 1921 blandiens
714 1888 748 1921 in
773 1888 970 1933 quibusdam
1000 1890 1099 1934 quasi
1130 1901 1283 1923 curarum
1304 1888 1444 1923 induciis
1464 1900 1552 1932 pau-

107 1930 214 1974 lisper
234 1930 414 1974 acquievit,
437 1942 501 1963 non
525 1939 636 1965 tamen
660 1933 803 1977 placide,
829 1935 1044 1978 obstrepente
1067 1934 1184 1978 utique
1208 1934 1364 1968 continno
1388 1936 1423 1967 et
1444 1933 1550 1977 magis

107 1985 240 2019 semper
269 1974 441 2018 magisque
469 1975 724 2010 increbescente
754 1979 894 2012 tumultu
919 1980 1186 2012 concursantium
1209 1979 1341 2024 trepide
1361 1978 1397 2012 in
1418 1979 1547 2020 urbem,

106 2019 344 2064 Amogabarici
367 2019 444 2053 belli
465 2025 619 2062 terrore,
649 2021 848 2056 rusticorum
861 2048 871 2064 ,
893 2034 1015 2067 greges
1038 2030 1256 2069 armentaque
1278 2035 1363 2068 prae
1384 2035 1423 2058 se
1444 2035 1552 2068 agen-

105 2066 187 2099 tium
210 2076 281 2099 sna.
326 2063 414 2098 unde
449 2064 645 2099 animalibus
669 2072 704 2099 et
724 2067 824 2110 plebe
856 2068 951 2112 inopi
973 2072 1112 2102 cunctae
1133 2068 1200 2102 iam
1226 2068 1320 2103 urbis
1340 2068 1419 2103 viae
1440 2070 1551 2103 refer-

105 2117 164 2145 tae
194 2110 403 2144 visebantur.
446 2109 706 2164 minuendusque
737 2113 926 2146 necessario
947 2119 1037 2147 esset
1059 2114 1191 2157 pecoris
1213 2118 1310 2148 extra
1332 2125 1454 2160 pascua
1477 2125 1551 2148 ma-

106 2155 288 2190 crescentis
318 2165 496 2196 uumerus,
533 2155 663 2199 ingena
692 2156 873 2190 bestiarum
896 2157 966 2191 esui
989 2158 1131 2192 hnmano
1162 2163 1318 2203 aptarum
1339 2159 1550 2194 multitudine

103 2201 139 2235 in
162 2200 310 2234 macellis
330 2199 480 2245 quotidie
501 2201 686 2234 mactanda.
732 2206 769 2234 at
791 2203 903 2235 Abbas
932 2203 1042 2236 multis
1065 2203 1184 2237 diebus
1206 2204 1297 2248 apud
1318 2205 1549 2248 Amogabaros

105 2245 281 2280 commissa
301 2245 479 2280 tractando
502 2251 668 2285 moratus,
699 2246 788 2291 quod
810 2258 866 2281 res
888 2247 1019 2292 quidem
1042 2248 1202 2282 attineret
1222 2250 1448 2284 Gennensium
1469 2260 1549 2283 suo-

105 2302 199 2333 rum,
230 2302 297 2325 non
328 2291 401 2324 sine
430 2301 555 2335 operae
588 2290 696 2335 pretio
730 2292 851 2334 rediit,
884 2292 927 2325 de
952 2303 1037 2336 pace
1059 2299 1169 2327 autem
1192 2305 1264 2328 cum
1287 2295 1444 2329 Romanis
1463 2294 1550 2328 nihil

105 2347 243 2381 prorsus
267 2336 481 2381 impetravit.
509 2335 614 2369 multa
636 2336 785 2380 improba
808 2342 844 2370 et
865 2337 1059 2371 facultatem
1081 2339 1276 2384 modumque
1297 2351 1424 2374 omnem
1446 2351 1549 2374 exce-

106 2381 222 2415 dentia
250 2382 428 2425 flagitante
460 2381 667 2414 Romoforto.
713 2383 850 2426 petebat
878 2382 964 2416 enim
986 2387 1024 2416 ut
1045 2395 1088 2417 ex
1109 2395 1146 2418 se
1171 2396 1212 2418 ac
1234 2385 1324 2429 suis,
1354 2385 1547 2430 priusquam

107 2438 128 2461 e
147 2426 231 2460 locis
253 2427 456 2470 emigrarent
477 2437 566 2471 quae
588 2432 765 2468 tenerent,
788 2432 961 2461 numerata
982 2428 1125 2473 pecnnia
1145 2429 1327 2475 imperator
1346 2430 1468 2476 oppida
1490 2441 1549 2463 nr-

106 2471 168 2505 bes
197 2482 294 2505 arces
326 2470 495 2515 singulas,
528 2478 775 2517 praetereaque
804 2478 971 2517 quotquot
1004 2473 1145 2507 Romani
1178 2475 1310 2519 generis
1338 2475 1491 2520 captivos
1513 2474 1547 2507 in

108 2516 268 2549 custodiis
300 2519 497 2557 servarent,
530 2516 719 2551 redimeret.
764 2517 903 2552 iubebat
924 2517 1003 2551 item
1027 2519 1122 2552 reddi
1144 2519 1186 2553 ad
1209 2524 1363 2554 exactum
1384 2519 1548 2554 militibus

106 2561 273 2604 stipendia
302 2567 424 2595 cuncta
456 2565 549 2595 retro
577 2562 702 2597 debita.
749 2563 782 2596 ni
803 2563 886 2596 haec
908 2563 1049 2604 fierent,
1083 2564 1299 2600 denuntiabat
1319 2577 1378 2607 se,
1410 2569 1548 2609 praeter

107 2616 192 2649 quas
213 2606 279 2639 iam
301 2609 523 2650 occupassent
544 2607 645 2640 nrbes
667 2612 703 2641 et
724 2619 832 2649 arces,
864 2608 991 2652 reliqua
1012 2609 1141 2653 pariter
1162 2609 1235 2644 loca
1256 2611 1465 2647 subacturos,
1488 2619 1547 2641 ne-

108 2660 175 2692 que
195 2650 296 2684 ullum
318 2651 514 2684 hostilitatis
535 2651 570 2685 in
593 2652 762 2686 Romanos
785 2654 993 2687 exercendae
1026 2653 1204 2689 omissuros
1234 2667 1360 2699 gennS,
1395 2659 1497 2697 atque
1514 2653 1548 2686 in

107 2693 182 2726 istis
214 2696 387 2740 proposito
418 2700 455 2729 et
485 2701 606 2730 conatu
629 2697 775 2732 bellandi
798 2709 839 2732 ac
862 2698 1046 2743 praeliandi
1075 2705 1348 2744 perseveraturos
1370 2698 1413 2732 ad
1435 2702 1551 2732 extre-

108 2749 196 2772 mum
217 2739 494 2774 irrevocabiliter.
540 2741 660 2775 similia
681 2743 858 2787 respondit
882 2743 1042 2787 Madyto‚
1075 2744 1135 2778 ubi
1156 2749 1250 2786 erat,
1281 2745 1366 2779 alius
1390 2743 1456 2778 dux
1478 2742 1550 2777 La-

164 2791 338 2836 Georgius
366 2791 587 2834 Pachymeres
615 2793 666 2826 11.
1223 2793 1278 2833 40
