1820 3112
246 117 345 164 280
480 155 484 159 .
666 114 906 160 GEORGII
937 113 1291 160 PACHYMERIS

194 238 227 273 Ε
249 231 323 290 γὸς
357 229 557 287 Οὐγγρίας
586 224 734 285 κόρην,
774 228 882 272 κατὰ
898 228 1041 286 χρείαν
1061 235 1148 280 τοῖς
1166 233 1242 286 τῆς
1267 229 1446 288 Σερβίας
1463 226 1607 282 τόποις
1626 231 1716 276 ἐπι-

245 305 403 345 στᾶσαν
433 299 501 341 καὶ
526 297 579 340 τὰ
605 297 808 352 μοναχικὰ
827 297 1106 356 ἠμφιεσμένην
1137 302 1337 355 πορνικῶς
1355 303 1519 355 γνῶναι.
1587 300 1711 344 ταῦτ’

247 371 304 420 εἷς
319 367 364 411 (ἐν
385 363 641 422 συναγόμενα
662 364 848 423 αὐτάρκη
870 371 922 424 τῇ
944 365 1086 424 πράξει
1105 368 1414 422 προσίστασθαι
1431 369 1711 427 κατεφαίνετο.

244 436 267 481 ὅ
287 441 387 494 γοῦν
402 435 599 491 βασιλεὺς
616 435 684 478 διὰ
703 440 836 479 ταῦτα
848 468 863 489 ,
903 434 989 491 ἅμα
1009 437 1083 491 μὲν
1104 436 1157 479 τὰ
1176 436 1310 480 πολλὰ
1329 434 1571 494 θεραπεύων
1583 471 1597 491 ,
1622 436 1711 493 ἅμα

243 505 293 549 δέ
317 523 360 563 γε
386 506 454 549 καὶ
487 502 741 561 λογιζόμενος
773 503 829 555 ὥς
857 504 899 548 εἶ’
919 522 958 548 τι
992 507 1060 548 καὶ
1091 503 1446 563 παρασπονδοίηὸ
1473 503 1626 563 κρᾶλης
1647 508 1745 557 ἐπὶό

241 581 329 626 τοΐς
357 574 630 631 συγκειμένοις
659 573 772 633 αὐτῷ
800 591 843 616 τε
872 575 938 616 καὶ
961 578 1166 631 Τερτερῇ,
1206 574 1325 618 οὐδὲν
1351 575 1501 619 {uertat
1521 582 1644 630 μῖσος
1662 580 1714 633 τῇ

104 651 131 685 P
158 652 223 688 193
247 644 441 704 ἐκκλησίᾳ
471 643 530 698 μὴ
553 640 732 699 ἀνάγκην
754 640 904 701 ἐχούσῃ
930 643 1035 686 καθ’
1060 643 1171 699 ἱερὰς
1187 643 1350 694 τελετὰς
1368 643 1435 686 διὰ
1454 643 1526 699 τὴν
1547 643 1714 699 ἀμιξίαν

244 713 395 756 ἐκείνου
425 708 730 767 μιμνήσκεσθαι
741 745 754 764 ,
799 711 868 754 διὰ
900 716 1034 755 ταῦτα
1063 716 1239 770 θαρρῶν
1267 710 1329 763 οἷς
1358 713 1579 769 ἐλογίζετο,
1617 711 1712 756 οὔτ’

245 782 454 826 ἐκοινοῦτο
495 785 554 840 τῷ
588 777 823 838 πατριάρχῃ
859 780 934 837 τὴν
974 783 1123 838 πρᾶξιν
1149 783 1217 824 καὶ
1246 779 1359 831 ὅλαις
1395 779 1542 838 ὁρμαῖς
1575 778 1716 839 ἐχώρει

241 847 568 908 διαπραξόμενος
589 849 636 892 τὸ
657 847 939 906 συνάλλαγμα.
1009 848 1268 907 πατριάρχης
1288 850 1331 893 δ’
1363 845 1488 900 αὖθις
1509 848 1714 907 ὗβριοπα-
1727 860 1771 895 10

242 924 336 963 θῶν
366 919 467 969 ἴσως
490 916 876 975 ὗπερφρονούμενος
895 920 939 962 ἐν
966 918 1168 970 τοιούτοις
1197 917 1258 969 οἷς
1278 920 1345 962 καὶ
1363 923 1522 973 μᾶλλον
1544 918 1623 962 ἔδει
1640 923 1717 975 τῆς

191 991 221 1024 Β
246 987 377 1032 αὐτοῦ
404 985 590 1045 γνώμης,
627 989 760 1030 δοκῶν
789 988 834 1030 δὲ
860 988 932 1030 καί
959 1004 999 1030 τι
1027 988 1152 1044 λέγειν
1180 987 1294 1039 ἄξιον
1328 987 1385 1038 εἷς
1403 988 1448 1031 τὸ
1479 988 1546 1030 καὶ
1568 985 1715 1031 ἑαυτὸν

242 1054 445 1100 δεικνύναι
469 1063 647 1112 μετεῖναι
675 1061 760 1099 τῶν
788 1053 987 1100 τοιούτων
1015 1056 1090 1112 οὐχ
1124 1051 1275 1112 ἦττον,
1323 1057 1456 1100 καίτοι
1478 1073 1522 1112 γε
1543 1058 1612 1099 καὶ
1632 1061 1715 1100 τῶν

242 1127 393 1182 ἕνοχῶν
416 1125 522 1176 ἀνεὶς
541 1125 617 1180 τὴν
643 1129 718 1168 τοῦ
748 1123 881 1182 κράλη
907 1125 1066 1181 μητέρα
1085 1122 1323 1177 ἀξιώσασαν
1344 1123 1543 1182 πρότερον
1562 1124 1632 1182 ἐφ’
1654 1123 1716 1176 οἷς

242 1197 305 1238 ἐπὶ
336 1199 388 1252 τῇ
415 1199 490 1238 τοῦ
527 1198 709 1250 Τερτερῆ
740 1195 909 1249 ἐνείχετο
919 1226 932 1247 ,
966 1193 1111 1250 εὔλογα
1141 1194 1266 1250 λέγειν
1287 1192 1429 1237 ἐδόκει.
1501 1190 1557 1242 ὥς
1577 1194 1714 1237 τοίνυν
1727 1203 1771 1239 15

240 1263 434 1319 βασιλεὺς
449 1262 538 1321 ᾔδει
562 1264 619 1311 εἷς
643 1262 761 1306 τοῦτ’
785 1262 885 1306 ὄντα
905 1263 976 1306 τὸν
996 1261 1253 1320 πατριάρχην
1265 1295 1278 1316 ,
1316 1266 1468 1320 προῆγε
1489 1266 1637 1306 τοῦτον
1660 1264 1716 1313 εἷς

193 1337 223 1371 C
247 1333 509 1391 Σηλυβρίαν,
546 1331 672 1383 αὐτὸς
705 1330 749 1376 ἔν
775 1332 953 1394 Δριπείᾳ
981 1334 1048 1375 καὶ
1077 1332 1135 1375 ἔτι
1159 1330 1527 1390 παρακαθήμενος.
1594 1329 1650 1382 ὥς
1671 1332 1718 1375 δὲ

241 1441 380 1488 propria
402 1441 582 1484 tradenda,
607 1443 728 1488 utique
752 1445 822 1477 tam
843 1441 1017 1488 profligati
1034 1441 1175 1488 pudoris
1198 1441 1343 1486 homini,
1366 1444 1407 1476 ut
1429 1440 1585 1476 fratriam
1609 1452 1718 1485 suam,

241 1488 394 1533 germani
424 1489 477 1522 sui
510 1489 646 1522 maioris
668 1489 836 1534 Stephani
865 1500 1005 1523 uxorem
1029 1489 1238 1534 eandemque
1266 1499 1417 1523 sororem
1440 1487 1622 1522 defunctae
1643 1490 1718 1522 Au-

240 1539 362 1578 gustae
384 1534 502 1568 matris
528 1534 674 1577 Augusti
702 1535 844 1569 iunioris
877 1535 971 1578 (erat
1002 1534 1090 1568 enim
1122 1540 1268 1579 utraque
1299 1533 1372 1567 filia
1395 1533 1486 1578 regis
1507 1533 1716 1578 Unguhe),

241 1580 372 1614 nefarie
403 1580 618 1613 adulterasse
651 1580 837 1621 diceretur,
869 1592 910 1614 ac
944 1586 1125 1625 praeterea
1146 1591 1341 1624 germanam
1363 1580 1483 1613 harum
1504 1580 1642 1613 tertiam
1665 1580 1718 1613 vi-

241 1625 368 1660 sendae
393 1636 494 1659 causa
518 1625 644 1659 sororis
675 1625 710 1659 in
733 1626 889 1660 Serbiam
920 1627 1129 1671 profectam,
1161 1625 1242 1659 licet
1272 1625 1357 1659 haec
1377 1625 1562 1659 monachae
1585 1625 1717 1659 vestitu

239 1671 435 1716 religionem
460 1671 702 1716 profiteretur,
734 1672 869 1706 minime
892 1671 1087 1714 dubitasse,
1120 1671 1272 1706 humanis
1295 1671 1392 1705 simul
1419 1670 1612 1716 divinisque
1634 1682 1718 1717 pro-

241 1717 383 1752 culcatis
406 1717 549 1759 iuribus,
573 1718 817 1763 propinquam,
840 1717 1029 1762 hospitam,
1054 1729 1138 1762 rege
1160 1722 1380 1763 prognatam,
1403 1717 1466 1751 deo
1490 1728 1621 1751 sacram
1643 1716 1717 1751 vir-

240 1763 375 1809 ginem,
409 1767 530 1808 stupro
563 1767 617 1797 tot
651 1764 839 1799 nominibus
862 1763 1048 1798 execrabili
1071 1764 1234 1809 polluere.
1281 1763 1366 1797 haec
1390 1774 1465 1797 cum
1489 1774 1531 1796 ex
1554 1762 1630 1797 aliis
1657 1774 1720 1796 co·

240 1815 366 1855 gnorat
388 1809 596 1855 patriarcha,
619 1813 691 1843 tum
715 1822 758 1843 ex
780 1809 854 1854 ipsa
877 1809 980 1844 cralis
1003 1814 1132 1851 matre,
1155 1820 1244 1855 quae
1268 1808 1417 1850 conscia,
1440 1809 1479 1842 ut
1501 1809 1628 1851 aiebat,
1650 1808 1718 1843 im-

239 1855 507 1901 pedimentorum
533 1855 810 1901 insuperabiliter
841 1855 1045 1890 obstantium
1068 1867 1154 1890 novo
1179 1855 1251 1889 nati
1274 1855 1429 1900 coniugio
1454 1854 1545 1889 ultro
1572 1855 1618 1889 ad
1640 1866 1717 1890 eum

240 1906 406 1944 venerat,
439 1906 572 1936 oratum
597 1906 636 1935 ut
658 1914 747 1948 quae
770 1902 804 1936 in
826 1902 890 1936 hoc
913 1913 1040 1946 genere
1062 1906 1290 1947 pararentur,
1322 1906 1503 1936 conaretur
1527 1900 1564 1934 vi
1588 1912 1718 1936 summa

241 1948 410 1982 disiicere.
459 1947 541 1982 nihil
574 1947 690 1982 horum
713 1948 845 1983 latebat
878 1948 1138 1993 imperatorem:
1171 1953 1284 1982 tamen
1317 1947 1404 1982 idem
1431 1946 1598 1992 politicis,
1630 1958 1719 1993 quas

240 1993 413 2035 indicavi,
443 1994 634 2028 rationibus
665 1995 857 2041 obsequens
887 1994 1106 2040 perstandum
1138 1994 1174 2028 in
1205 1993 1344 2028 consilio
1376 1993 1539 2039 putabat;
1570 1997 1608 2027 et
1637 1993 1719 2039 quia

241 2051 308 2073 non
332 2040 514 2084 ignorabat
536 2043 745 2075 tentaturum
767 2040 995 2086 patriarcham
1018 2052 1181 2075 revocare
1203 2052 1241 2075 se
1264 2052 1286 2074 a
1308 2044 1443 2085 coepto,
1465 2044 1501 2073 et
1523 2050 1595 2073 rem
1615 2044 1719 2074 antea

243 2085 278 2119 ei
300 2087 544 2120 communicare
566 2086 748 2129 omiserat,
772 2091 808 2121 et
829 2091 912 2120 tunc
933 2098 976 2121 ne
1000 2086 1042 2121 de
1066 2086 1119 2120 his
1142 2097 1327 2121 sermonem
1351 2085 1445 2131 prior
1467 2084 1631 2129 inferret,
1664 2085 1721 2119 vi-

243 2135 319 2165 tare
338 2131 551 2166 occasionem
574 2132 676 2167 otiosi
699 2144 774 2167 cum
794 2145 834 2167 eo
858 2133 1016 2178 colloquii
1038 2133 1186 2167 volebat.
1235 2144 1276 2167 ac
1299 2136 1375 2166 erat
1397 2142 1503 2166 causa
1525 2142 1586 2165 cur
1607 2130 1719 2164 minus

242 2177 470 2212 necessarium
507 2177 715 2213 existimaret
747 2179 928 2213 convenire
968 2190 1043 2214 cum
1084 2179 1300 2224 praesidibus
1331 2178 1496 2213 ecclesiae
1533 2176 1578 2210 de
1611 2177 1718 2210 rebus

242 2222 341 2257 huius
364 2223 484 2266 cralis‚
507 2224 673 2268 dynastae
695 2224 855 2260 videlicet
877 2226 963 2260 ritus
985 2237 1006 2260 a
1031 2226 1167 2260 Graeco
1190 2224 1382 2271 peregrini3
1412 2234 1513 2268 quem
1534 2221 1612 2255 ideo
1633 2221 1717 2256 licet

242 2269 457 2313 contingeret
479 2270 555 2304 fieri
577 2282 737 2314 generum
760 2271 994 2316 imperatoris,
1028 2272 1062 2305 in
1086 2271 1194 2306 sacris
1223 2270 1344 2305 officiis
1366 2267 1584 2303 memoraturi
1605 2267 1718 2302 nomi-

241 2314 346 2349 natim
370 2314 594 2350 ecclesiastici
618 2328 683 2351 non
707 2319 833 2359 forent,
850 2329 892 2352 ex
915 2330 981 2363 quo
1005 2322 1083 2352 erat
1105 2327 1326 2362 consequens,
1348 2315 1380 2349 si
1401 2316 1493 2348 sorte
1514 2312 1570 2347 vel
1592 2325 1635 2348 ea
1655 2313 1716 2348 ille

242 2360 464 2395 commisisset
494 2362 547 2395 vel
579 2361 612 2395 in
644 2369 818 2408 posterum
849 2364 1077 2398 conscisceret
1111 2365 1155 2398 ob
1189 2374 1278 2408 quae
1301 2365 1488 2395 mereretur
1511 2359 1719 2394 anathemati

242 2405 388 2448 subiici,
418 2407 541 2441 nullam
564 2407 644 2442 inde
665 2409 732 2444 sibi
764 2410 837 2444 fore
860 2409 1070 2444 occasionem
1093 2407 1315 2443 erubescendi
1339 2418 1359 2440 e
1384 2405 1552 2440 coniuncti
1574 2405 1719 2440 hominis

241 2451 427 2496 ignominia
450 2453 492 2486 ob
516 2455 796 2498 praetereundam
818 2460 890 2489 tum
912 2455 1020 2499 ipsius
1042 2456 1076 2489 in
1092 2455 1198 2489 sacris
1213 2453 1426 2487 mentionem.
1471 2450 1597 2496 alioqui
1613 2463 1716 2496 porro

241 2497 409 2532 utilitates
433 2509 517 2543 quas
541 2511 560 2532 e
583 2501 721 2535 foedere
743 2512 818 2535 cum
842 2501 954 2535 Serbo
980 2504 1205 2546 proventuras
1228 2499 1427 2539 confideret,
1449 2499 1540 2531 mala
1560 2509 1649 2543 quae
1672 2509 1717 2532 ex

268 2548 486 2579 erseverante
507 2544 645 2579 dissidio
668 2551 847 2588 metueret,
869 2546 956 2581 tanti
980 2558 1055 2581 esse
1079 2547 1227 2581 ducebat
1248 2550 1288 2579 ut
1312 2543 1488 2578 momentis
1511 2549 1583 2578 tam
1603 2543 1716 2577 iustae

268 2589 323 2623 inc
346 2589 554 2633 formidinis,
587 2595 658 2625 tam
681 2594 813 2638 amplae
834 2592 926 2626 illinc
948 2592 1040 2638 spei,
1072 2592 1163 2626 nulla
1186 2589 1436 2636 cuiusquemodi
1458 2590 1658 2623 viderentur
1678 2588 1717 2623 in

243 2635 452 2670 contrarium
476 2636 611 2670 obiecta
634 2638 908 2683 praeponderare
936 2637 1146 2674 incommoda
1169 2637 1343 2671 deberent.
1393 2639 1486 2669 totus
1518 2647 1601 2680 ergo
1625 2635 1714 2669 fixus

244 2681 456 2716 Andronicus
478 2681 515 2716 in
537 2683 711 2727 proposito
737 2684 919 2719 affinitatis
943 2684 1254 2730 quomodocumque
1277 2693 1351 2718 cum
1375 2682 1486 2716 Serbo
1511 2681 1717 2715 contrahen-

243 2727 328 2770 dae,
353 2726 507 2773 satisque
529 2727 664 2762 aliunde
686 2741 813 2774 gnarus
836 2734 993 2776 paratum
1016 2730 1063 2764 ad
1085 2729 1284 2774 iurgandum
1307 2740 1349 2762 ea
1371 2727 1414 2761 de
1436 2739 1475 2761 re
1498 2739 1611 2762 secum
1634 2726 1717 2761 Dri-

241 2782 338 2818 peam
371 2773 556 2810 adventare
588 2774 840 2820 patriarcham,
880 2788 944 2823 per
975 2780 1090 2812 certos
1120 2776 1153 2810 ei
1182 2774 1303 2810 missos
1335 2773 1472 2809 obviam
1506 2772 1720 2819 significavit>
