1858 3126
256 164 287 214 4
296 165 355 213 14
677 166 913 211 GEORGH
947 167 1299 214 PACHYMERIS

256 281 358 337 ἔχων
388 283 462 335 τῆς
494 283 714 336 συμφορᾶς
742 280 889 336 πέμπει
921 281 1012 325 τινὰ
1041 285 1219 338 Σιοῧρον
1246 283 1608 342 στρατοπεδάρχην
1639 291 1724 330 τῶν

256 345 566 405 τζαγκρατόρων
608 349 898 405 τετιμημένον,
941 347 1105 405 συνάμα
1140 353 1222 394 τισὶ
1261 353 1328 393 καὶ
1358 361 1540 409 μερικαῒς
1567 351 1723 406 ἐξόδοις

251 416 500 474 χρημάτων,
548 417 619 474 ἐφ’
655 412 688 477 ᾧ
719 421 786 461 καὶ
820 419 970 470 ἄλλους
1013 421 1167 462 ἐκεῖθεν
1207 419 1310 475 πρὸς
1340 420 1387 462 τὸ
1421 421 1720 478 στρατεύεσθαι

256 484 474 530 ἶκανώσειε.
545 490 626 529 τῶν
659 488 704 530 δὲ
731 492 818 538 τοϊς
849 489 953 531 κατὰ
980 489 1054 543 τὴν
1086 490 1313 532 Κατοικίαν
1342 488 1481 545 μέρεσι
1511 491 1720 547 φανέντων

257 551 644 613 ἀνατεθαρσήκασιν
677 557 717 599 οἶ
746 557 862 610 λαοί,
901 559 968 600 καὶ
996 558 1186 614 ἐμφανεῖς
1211 553 1317 612 ἦσαν
1338 557 1385 601 τὸ
1407 558 1590 616 ἀσφαλὲς
1609 560 1753 602 {zui-5

258 628 402 677 ζοντες.
473 624 519 667 τὸ
552 623 594 667 δ’
625 619 675 680 ἦν
703 626 901 682 συμφορὰ
930 625 1092 677 τούτοις
1121 628 1188 669 καὶ
1215 626 1426 683 ὄλεθρος(
1473 629 1723 671 ἐπιτίθενται

255 694 334 751 γὰρ
354 694 595 749 παμπληθεὶ
612 695 759 744 νυκτὸς
782 693 876 738 ὡσεὶ
897 697 1210 750 πεντακισχίλιοι
1232 699 1312 738 τῶν
1337 694 1524 752 ἐχθρῶν,
1561 698 1629 740 καὶ
1647 696 1723 746 τὰς

204 770 236 805 D
261 763 361 819 πρὸς
386 762 433 805 τὸ
457 761 656 819 φρούριον
684 762 828 817 ὁδούς,
866 762 1068 814 λαθόντες
1090 769 1226 807 πᾶσαν
1248 764 1472 820 αἴσθησιν,
1510 783 1723 821 προκατα-

252 829 548 887 λαμβάνουσιν.
620 832 659 874 oi
678 834 701 874 δ
708 832 721 848 ’
744 831 1046 884 ἐπεισπεσόντες
1065 831 1265 889 ἑτέρωθεν
1285 831 1450 888 ἑτοίμην
1471 835 1632 878 ἐδίδουν
1646 836 1723 889 δῆ-

254 906 332 944 θεν
363 900 466 957 πρὸς
495 900 543 943 τὸ
577 898 776 957 φρούριον
803 902 877 957 τὴν
905 902 1039 959 φυγὴν
1069 903 1175 945 κατὰ
1199 900 1331 946 νώτου
1352 900 1589 960 φεύγουσιν·
1626 903 1722 947 οὐδὲ
1735 911 1778 945 10

255 970 334 1027 γὰρ
363 965 413 1025 ἦν
441 967 666 1012 ὑπιδέσθαι
695 971 770 1025 τὴν
800 978 966 1027 πεῖραν,
1011 970 1114 1014 ὅπου
1137 989 1178 1027 γε
1201 973 1268 1014 καὶ
1284 969 1560 1025 ὖπειδομένοις
1578 971 1653 1015 οὐκ
1672 967 1723 1027 ἦν

259 1038 378 1081 ἱκανιὶ
395 1039 497 1092 πρὸς
515 1039 561 1082 τὸ
581 1037 800 1091 σώζεσθαι.
836 1042 901 1082 καὶ
922 1038 1014 1083 τότε
1033 1041 1071 1083 οἵ
1087 1042 1161 1094 μὲν
1180 1038 1432 1090 ὑποστάντες
1450 1039 1721 1098 ἐσφάττοντο,

257 1106 404 1164 γύναια
423 1109 468 1150 δὲ
491 1109 557 1150 καὶ
573 1106 771 1165 παιδάρια
791 1113 957 1164 πλῆθος
977 1110 1124 1164 μυρίον
1140 1109 1243 1165 πρὸς
1260 1109 1307 1151 τὸ
1329 1107 1527 1166 φρούριον
1547 1107 1723 1166 φεύγον-

259 1195 311 1220 τα
336 1176 441 1234 ἄγρα
459 1172 510 1232 ἦν
530 1175 670 1232 ἑτοίμη
690 1185 775 1228 τοῖς
795 1181 1172 1234 προκαταλαβοῦσι.
1235 1179 1302 1220 καὶ
1322 1178 1436 1228 τέλος
1457 1178 1496 1220 οἳ
1516 1177 1616 1228 τέως
1635 1184 1722 1228 τοῖς

207 1253 240 1288 Ε
265 1245 404 1296 ἄλλοις
431 1244 757 1302 προσεπαμύνειν
785 1244 1126 1302 ἀποστελλόμενοι
1156 1248 1330 1304 δρασμῷ
1357 1250 1620 1301 μηχανῶνται
1645 1246 1720 1302 τὴν
1732 1250 1775 1287 15

258 1316 493 1371 σωτηρίαν,
540 1317 607 1357 καὶ
639 1315 746 1359 αὐτὰ
779 1313 1171 1371 προσαποβαλόντες
1197 1315 1250 1358 τὰ
1280 1315 1474 1368 βασιλικὰ
1499 1312 1721 1372 χρήματα·

255 1384 393 1427 ἔπειτα
421 1387 503 1440 πῦρ
536 1381 776 1434 ἐναύσαντες
799 1385 837 1427 οἱ
855 1383 998 1440 ἐχθροὶ
1017 1384 1070 1427 τὰ
1091 1385 1172 1426 ἐκεῖ
1193 1382 1321 1439 κάλλη
1343 1385 1399 1434 εἷς
1417 1383 1534 1434 τέλος
1550 1381 1721 1439 ἠμάθν-

255 1471 344 1496 ναν.
416 1450 508 1496 τότε
542 1455 609 1495 καὶ
630 1453 785 1507 Ἀτμάν
813 1451 1083 1511 ὑποστρέφων
1113 1453 1189 1495 σὺν
1213 1459 1297 1502 τοῖς
1322 1452 1433 1509 ἀμφ’
1455 1450 1605 1504 αὑτόν,
1639 1453 1723 1495 ἐπεὶ

258 1525 442 1575 συνῆσαν
477 1522 592 1578 σφίσι
622 1522 727 1565 κατὰ
756 1523 993 1577 συμμαχίαν
1024 1524 1091 1564 καὶ
1121 1525 1434 1576 Βηλοκωμῒται,
1471 1520 1722 1578 προσλαβὼν

257 1591 433 1640 ἐκείνους
457 1594 550 1647 κενῇ
572 1595 656 1634 τῶν
672 1591 845 1635 ἐποίκων
863 1588 1100 1649 Βηλοκώμῃ
1130 1588 1380 1646 προσβάλλει
1407 1591 1474 1632 καὶ
1494 1589 1600 1634 κατὰ
1617 1586 1776 1647 κρά-ΞΟ

352 1691 408 1726 11.
431 1686 627 1725 §nasicam
651 1689 691 1724 Ρ.

258 1780 300 1803 eo
334 1771 471 1814 proprie
502 1767 700 1803 conandum.
757 1767 846 1802 misit
878 1780 960 1813 ergo
996 1768 1160 1815 quendam
1190 1769 1346 1812 Siurum,
1389 1768 1587 1803 honoratum
1619 1765 1719 1801 titulo

257 1815 560 1861 stratopedarchae
592 1818 859 1857 tzancratorum,
891 1827 966 1849 cum
998 1815 1115 1861 paucis
1144 1815 1237 1856 aliis,
1267 1815 1469 1849 instructum
1492 1813 1636 1860 quadam
1659 1823 1722 1858 pe-

258 1861 378 1896 cuniae
408 1872 557 1903 summa,
589 1872 657 1907 qua
690 1864 844 1894 uteretur
878 1861 922 1895 ad
951 1861 1120 1907 stipendia
1150 1866 1186 1895 et
1215 1866 1472 1896 auctoramenta
1494 1859 1654 1900 militum,
1687 1857 1721 1892 si

258 1919 344 1952 quos
376 1907 445 1942 illic
476 1908 567 1941 forte
597 1906 743 1941 nancisci
772 1907 910 1941 idoneos
938 1907 997 1953 qui
1033 1908 1325 1942 conscriberentur
1356 1910 1483 1953 posset.
1529 1905 1562 1939 hi
1586 1915 1661 1938 cum
1682 1903 1720 1938 in

260 1954 444 1988 Catoeciae
469 1954 622 1998 partibus
645 1953 902 1998 apparuissent,
926 1961 1110 1988 erexerunt
1131 1953 1259 1988 animos
1282 1953 1419 2000 populi,
1444 1957 1480 1986 et
1502 1950 1600 1997 quasi
1621 1949 1720 1995 signo

259 2000 378 2033 salutis
403 2000 492 2034 elato
519 1999 705 2033 effecerunt
727 2004 767 2033 ut
789 1999 960 2034 confidere
992 1999 1158 2034 auderent
1178 1999 1274 2034 brevi
1302 1998 1546 2034 restituendam
1566 1996 1635 2031 illic
1655 2006 1722 2041 pu-

259 2045 380 2079 blicam
405 2058 475 2080 rem
498 2045 532 2079 in
556 2049 680 2080 statum
710 2045 874 2090 pristinae
906 2046 1112 2081 securitatis.
1157 2046 1217 2080 sed
1240 2046 1340 2091 longe
1362 2045 1438 2079 illos
1460 2042 1573 2089 opinio
1596 2039 1721 2076 fefellit

261 2103 342 2132 sua,
378 2104 416 2126 eo
450 2103 525 2126 mox
557 2091 633 2137 ipso
664 2092 753 2126 unde
781 2097 1007 2137 speraverant
1027 2092 1060 2126 in
1083 2093 1293 2127 occasionem
1323 2090 1407 2137 ipsis
1427 2101 1527 2125 verso
1546 2087 1641 2123 exitii
1661 2097 1721 2122 su-

262 2137 380 2181 premi.
427 2137 660 2172 animadverso
683 2138 809 2183 quippe
831 2138 971 2172 istorum
993 2144 1086 2173 motu
1109 2139 1224 2173 hostes
1247 2138 1404 2180 barbari,
1436 2148 1478 2171 ac
1498 2137 1721 2181 praeverten-

262 2183 340 2216 dum
373 2184 463 2227 rati,
496 2186 597 2217 noctu
620 2184 654 2217 in
676 2195 736 2218 eos
756 2184 927 2218 irruerunt
949 2196 1023 2219 cum
1045 2184 1203 2219 universo
1235 2185 1406 2226 exercitu,
1437 2183 1474 2216 in
1494 2192 1561 2227 quo
1583 2178 1722 2214 circiter

262 2228 413 2274 quinque
446 2229 545 2263 millia
579 2231 854 2264 numerabantur.
902 2231 1020 2265 horum
1051 2242 1132 2276 pars
1163 2233 1250 2266 clam
1274 2242 1315 2265 ac
1343 2230 1417 2264 sine
1437 2226 1504 2262 ullo
1525 2230 1718 2260 nostrorum

264 2286 364 2308 sensu
388 2275 511 2309 insedit
534 2275 608 2309 vias
631 2287 720 2320 quae
743 2277 786 2310 ad
811 2287 923 2310 arcem
946 2277 1134 2312 ducebant:
1159 2277 1216 2311 alii
1239 2289 1259 2310 e
1282 2274 1450 2310 contraria
1470 2275 1571 2318 parte
1592 2269 1718 2304 Roma-

263 2331 324 2353 nos
348 2320 460 2354 adorti
483 2321 716 2365 propellebant
739 2323 859 2366 fugere
882 2327 1018 2358 coactos
1041 2334 1152 2357 arcem
1175 2333 1311 2364 versus,
1332 2323 1366 2355 in
1387 2320 1462 2354 loca
1484 2316 1646 2351 videlicet
1665 2315 1719 2350 in-

261 2365 353 2400 sidiis
380 2378 516 2400 suorum
546 2373 815 2412 praeoccupata,
847 2368 937 2413 quod
960 2368 1152 2414 suspicandi
1183 2369 1275 2403 nulla
1295 2371 1371 2402 erat
1392 2362 1516 2398 nostris
1537 2361 1647 2403 ratio;
1681 2362 1725 2395 et‘

265 2411 319 2446 vel
349 2411 377 2445 si
409 2418 565 2453 nossent,
599 2412 643 2446 ad
674 2414 816 2447 salutem
847 2415 908 2448 tali
939 2414 1083 2448 articulo
1111 2425 1223 2448 rerum
1244 2415 1335 2447 foret
1355 2410 1483 2445 inutile.
1529 2419 1570 2442 ac
1593 2406 1719 2441 milites

262 2457 398 2502 quidem
431 2462 600 2502 quotquot
634 2457 722 2492 hosti
753 2459 880 2492 vultum
905 2471 970 2494 non
993 2460 1115 2502 ignave
1143 2460 1383 2500 obvertemnt,
1417 2455 1451 2489 in
1472 2453 1617 2498 vestigio
1639 2457 1719 2487 sunt

263 2503 375 2546 caesi,
411 2503 532 2547 vulgus
556 2507 667 2537 autem
691 2503 932 2539 innumerabile
954 2505 1129 2540 mulierum
1151 2515 1191 2538 ac
1217 2514 1397 2549 puerorum
1419 2500 1527 2535 effuso
1551 2510 1649 2534 cursu
1673 2498 1718 2533 ad

261 2561 372 2584 arcem
405 2549 538 2593 fugiens
568 2553 689 2593 parata
720 2550 848 2595 praeda
870 2550 1117 2585 subsidentibus
1139 2549 1208 2583 illic
1229 2549 1415 2583 latronibus
1437 2545 1594 2581 occurrit.
1638 2544 1719 2578 reli-

262 2595 321 2641 qui
352 2600 543 2630 nostrorum
573 2594 731 2636 militum,
768 2607 810 2629 ne
843 2596 962 2630 castris
993 2596 1124 2640 quidem
1150 2596 1311 2637 retentis,
1345 2605 1445 2629 cursu
1467 2603 1554 2636 vago
1576 2591 1718 2626 salutem

261 2641 460 2687 quaesiere,
495 2639 551 2686 qui
583 2640 752 2674 servaturi
785 2641 868 2675 alios
897 2641 1028 2675 scilicet
1049 2645 1232 2683 venerant,
1264 2640 1406 2685 pecunia
1427 2638 1529 2673 etiam
1551 2647 1650 2683 quam
1673 2636 1718 2670 ab

259 2688 466 2734 imperatore
491 2687 677 2721 attulerant
707 2686 841 2721 amissa.
886 2686 965 2720 inde
986 2687 1066 2731 igne
1088 2686 1212 2732 pulcris
1235 2687 1308 2721 eius
1328 2690 1459 2720 tractus
1482 2683 1643 2718 aedificiis
1664 2682 1718 2717 in-

259 2734 350 2769 iecto
383 2733 420 2768 in
451 2733 595 2767 cinerem
628 2732 768 2766 barbari
798 2734 975 2766 verterunt
1004 2732 1124 2766 omnia.
1172 2744 1214 2766 ex
1237 2733 1301 2767 hoc
1323 2733 1403 2766 belli
1425 2742 1583 2766 successu
1607 2729 1718 2771 victor

259 2783 439 2814 revertens
462 2780 582 2814 Atman
607 2790 682 2812 cum
704 2778 796 2819 suis,
819 2778 955 2822 cognito
978 2778 1205 2812 Belocomitas
1227 2779 1260 2813 in
1284 2778 1405 2813 castris
1427 2777 1535 2812 fuisse
1558 2774 1718 2810 Romanis

259 2838 349 2871 quae
371 2825 470 2861 modo
496 2824 718 2867 deleverant,
740 2824 949 2860 Belocomam
971 2824 1191 2870 aggrediendi
1211 2824 1276 2860 iam
1300 2825 1408 2871 ipsam
1431 2823 1558 2870 quippe
1579 2831 1718 2857 vacuam
