1898 3126
241 112 352 195 ⁵288
643 146 878 192 GEORGII
913 147 1264 193 PACHYMERIS

250 267 459 311 σποτικοΐς
477 256 740 318 παρασήμοις
769 261 845 316 τὴν
866 259 993 319 κόρην
1031 259 1193 318 ἐκόσμει
1220 265 1288 306 καὶ
1331 260 1496 322 νύμφην
1525 261 1723 320 ὠνόμαζε.

251 329 575 388 προσαπεδέχετο
597 330 643 372 δὲ
660 332 727 373 καὶ
749 328 776 386 ἢ
795 328 934 387 μήτηρ
952 329 1166 375 ἀκούσασα
1186 331 1233 375 τὸ
1252 330 1547 390 συνάλλαγμα,
1583 335 1651 377 καὶ
1671 338 1725 392 τῇ

249 402 442 455 βασιλικῇ
460 395 594 457 ψήφῳ
613 396 883 455 συγκάταινος
903 396 953 455 ἧν
963 434 976 454 ,
1013 400 1196 450 καὶτοὺς
1215 398 1374 457 γάμους
1402 402 1587 445 ἐλθοῦσα
1615 401 1724 446 ἕτοι-

249 465 388 523 μάζειν
406 467 533 523 ἤθελε
550 472 609 527 τῷ
627 469 758 513 παιδί.
829 468 927 512 ἀλλ’
959 470 1108 520 ἐκεῖνος
1136 468 1161 524 ἢ
1183 467 1429 524 πειθόμενος
1449 471 1518 513 καὶ
1534 470 1632 522 τοὺς
1647 469 1725 528 γά-

200 542 231 575 Ε
254 554 359 592 μους
382 536 565 588 ἀπαξιῶν
578 569 591 589 ,
628 535 654 592 ἢ
674 538 758 593 μὴν
777 539 844 581 καὶ
863 537 997 588 ἄλλως
1016 538 1192 582 ἐπελθὸν
1214 538 1351 598 αὐτῷ,
1388 536 1563 596 φθάσας
1588 538 1638 583 ἕκ
1659 548 1757 585 ‘tc-5

251 623 322 657 νος
343 610 427 649 τῶν
448 605 517 648 ἐπ’
544 607 730 657 ἐξουσίας
745 604 916 663 Ἰβήρων
940 608 1015 663 τὴν
1046 605 1371 662 συνοικήσουσαν
1401 606 1558 665 ἄγεται.
1626 607 1650 653 ὃ
1673 607 1724 664 δὴ

254 677 321 718 καὶ
342 675 496 730 μαθὼν
515 675 709 730 βασιλεὺς
730 676 859 726 πολὺς
879 672 929 731 ἦν
951 676 1048 727 τοὺς
1065 675 1218 732 νόμους
1246 677 1468 735 προτείνων
1495 678 1563 720 καὶ
1582 676 1630 721 τὸ
1648 681 1728 734 τῆς

255 745 511 802 ἔπιτροπείας
537 746 692 788 δίκαιον
725 743 1088 799 προβαλλόμενος·
1125 744 1181 796 ὥς
1208 745 1287 803 γὰρ
1310 745 1467 803 πατρὸς
1495 745 1564 789 ἐπ’
1587 747 1726 806 ἐκείνῳ

252 811 369 864 τάξιν
395 813 573 868 ἕπε’χων,
610 812 699 869 ἅμα
718 815 793 868 μὲν
815 816 882 857 καὶ
902 819 985 858 τῶν
1004 817 1219 870 διαθηκῶν
1249 814 1339 870 ἅμα
1371 816 1418 858 δὲ
1445 817 1512 859 καὶ
1539 819 1615 858 τοῦ
1648 814 1726 859 σὺν

112 887 141 923 P
166 888 232 924 199
255 887 307 941 τῇ
332 883 521 943 βασιλεία
546 881 630 926 ἀπὸ
659 888 734 926 τοῦ
764 883 904 938 γένους
935 884 1093 927 δικαίου
1117 882 1262 941 χάριν,
1295 881 1493 940 ἠβούλετο
1521 881 1725 928 διιστάναι
1736 894 1782 929 10

255 953 332 1008 τὴν
354 952 559 1008 συζυγίαν.
629 952 679 995 οὗ
708 952 791 1008 μὴν
811 953 856 996 δὲ
873 954 940 995 καὶ
958 955 1207 1004 δεσποτικῶς
1228 954 1271 1004 ἐξ
1299 950 1572 1011 ἐπιτάγματος
1591 952 1727 1004 ἄλλως

253 1020 380 1077 ἤθελε
398 1018 605 1077 πράττειν,
640 1020 740 1064 ἀλλ’
762 1021 838 1078 οὔχ
855 1015 980 1077 ἧττον
996 1024 1066 1065 καὶ
1083 1020 1224 1080 γνώμῃ
1246 1023 1312 1065 καὶ
1330 1019 1462 1082 ψήφῳ
1484 1026 1559 1078 τῆς
1580 1023 1727 1078 ἔκκλη-

256 1092 361 1141 σιάς.
432 1089 533 1134 ὅθεν
552 1091 620 1134 καὶ
649 1090 818 1146 πέμπων
838 1089 941 1147 πρός
959 1108 1002 1134 τε
1022 1089 1278 1148 πατριάρχην
1297 1093 1364 1134 καὶ
1383 1091 1458 1147 τὴν
1481 1093 1571 1148 περὶ
1597 1090 1726 1135 αὐτὸν

255 1159 455 1212 σύνοδον,
491 1158 538 1202 τό
563 1157 651 1214 ἅμα
667 1161 742 1215 μὲν
761 1161 964 1214 βασιλέως
984 1162 1051 1203 καὶ
1070 1160 1226 1216 πατρὸς
1247 1158 1334 1214 ἅμα
1355 1160 1400 1203 δὲ
1419 1161 1486 1203 καὶ
1503 1158 1724 1218 ἐπιτρόπου

255 1229 320 1271 ἐπὶ
354 1233 412 1288 τῷ
444 1229 522 1288 νέῳ
553 1229 776 1286 προτείνων
805 1230 989 1283 δίκαιον,
1027 1228 1181 1286 ἄκυρον
1203 1228 1285 1272 ἀπὸ
1315 1226 1454 1284 νόμων
1478 1229 1618 1286 ἐπείρα
1639 1231 1784 1273 det-15

254 1295 384 1341 κνύειν
415 1298 461 1341 τὸ
490 1298 764 1352 συνοικέσιον,
812 1300 880 1342 καὶ
912 1295 1091 1341 διαλύειν
1118 1298 1236 1354 ἠξίου
1256 1295 1312 1348 ὥς
1341 1297 1456 1356 παρὰ
1472 1299 1629 1355 βουλὴν
1648 1297 1726 1355 τὴν

204 1369 234 1404 Β
259 1366 387 1410 αὐτοῦ
407 1365 625 1417 συνεστώς.
694 1371 777 1411 τῶν
795 1371 894 1424 γοῦν
914 1365 1046 1424 λόγων
1075 1369 1299 1417 συνοδικῶς
1318 1368 1587 1423 κινουμένων,
1621 1368 1728 1418 τινὲς

256 1436 330 1490 μὲν
350 1440 432 1479 τῶν
453 1435 672 1492 ἀρχιερέων
693 1434 831 1491 νόμων
865 1435 1072 1493 ἀκριβείας
1091 1434 1262 1492 ἡμμένοι
1281 1438 1412 1492 δῆθεν
1436 1440 1488 1495 τῇ
1509 1441 1584 1480 τοῦ
1600 1441 1727 1491 βασι-

255 1504 358 1555 λέως
391 1501 559 1560 θελήσει
584 1504 766 1561 ἔγνωσαν
792 1503 995 1550 ἐνδιδόναι
1007 1538 1022 1559 ,
1070 1503 1091 1549 ὅ
1128 1505 1177 1549 δέ
1201 1523 1244 1562 γε
1262 1502 1520 1564 πατριάρχης
1543 1504 1724 1562 καὶμετ”ι

345 1659 381 1694 4.
404 1657 647 1706 πυθόμενοςῖ)

257 1799 357 1835 duxit
388 1803 429 1835 ut
459 1799 606 1845 puellam
644 1799 800 1835 dominae
838 1799 1027 1846 insignibus
1066 1802 1220 1836 ornatam
1255 1799 1367 1836 Alexii
1394 1801 1561 1836 L'azorum
1601 1799 1726 1836 domini

257 1858 415 1892 sponsam
439 1846 640 1892 appellaret.
686 1847 776 1881 haud
799 1858 904 1892 aegre
926 1858 1089 1890 assensa,
1111 1851 1290 1893 postquam
1312 1847 1432 1890 audiit,
1451 1847 1650 1893 imperatori
1669 1850 1735 1882 ta-

258 1895 305 1928 lia
329 1893 464 1939 paranti
493 1897 603 1927 mater
625 1892 736 1927 Alexii
767 1893 855 1928 adeo
889 1893 961 1927 eius
992 1895 1140 1939 probare
1172 1893 1439 1939 designationem
1462 1892 1621 1928 connubii
1652 1892 1727 1928 visa

259 1944 334 1982 est,
369 1944 409 1973 ut
431 1939 522 1973 ultro
545 1939 589 1974 ad
612 1939 718 1974 filium
749 1939 976 1985 parandarum
998 1951 1104 1975 causa.
1126 1940 1320 1985 nuptiarum
1341 1940 1466 1975 ituram
1488 1951 1572 1985 prae
1594 1950 1633 1974 se
1654 1940 1727 1974 fer-

259 1991 326 2021 ret.
371 1997 488 2020 verum
514 1986 571 2020 ille
603 1986 692 2021 haud
721 1985 757 2020 in
794 1987 859 2020 hoc
891 1985 1091 2030 morigerum
1115 1987 1280 2020 avunculo
1302 1998 1340 2020 se
1363 1997 1405 2021 ac
1427 1986 1528 2021 matri
1549 1984 1726 2031 praebuit=

259 2032 337 2067 sive
360 2033 445 2066 enim
469 2031 641 2067 dissuasus
664 2044 686 2067 a
710 2032 878 2078 quopiam,
902 2043 961 2067 seu
984 2038 1255 2078 praeoccupatus
1276 2044 1391 2067 amore
1412 2031 1586 2067 cuiusdam
1608 2043 1629 2066 e
1651 2030 1727 2076 pri-

260 2078 408 2112 moribus
422 2078 598 2112 Iberorum
621 2078 727 2121 filiae,
751 2091 826 2113 cum
846 2079 911 2114 hac
932 2078 975 2113 ad
999 2090 1037 2113 se
1059 2079 1207 2113 deducta
1229 2078 1297 2114 rite
1317 2078 1506 2124 coniugium
1527 2076 1728 2112 celebravit.

260 2135 327 2169 quo
351 2130 521 2168 comperto
545 2125 731 2171 imperator
751 2127 876 2160 multus
907 2130 982 2160 erat
1014 2125 1048 2159 in
1078 2125 1264 2169 allegandis
1293 2130 1412 2160 contra
1430 2125 1562 2169 legibus
1592 2126 1629 2158 et
1650 2122 1727 2157 iure

259 2169 390 2204 tutorio
412 2170 594 2214 iactando,
617 2171 707 2217 quod
730 2171 762 2206 ei
785 2171 1058 2216 consanguinitas
1077 2171 1196 2206 intima
1219 2177 1256 2206 et
1275 2171 1407 2216 patris,
1440 2180 1622 2215 germanae
1641 2179 1727 2203 suae

261 2215 349 2259 viri,
383 2216 497 2250 ultima
519 2218 674 2252 voluntas
703 2217 852 2262 legitime
881 2218 1023 2263 signatis
1049 2217 1245 2253 testamenti
1266 2217 1392 2252 tabulis
1413 2216 1574 2251 dedisset.
1618 2224 1726 2259 quare

262 2261 375 2295 aiebat
396 2261 514 2297 irritas
536 2263 620 2298 istas
642 2264 752 2299 videri
774 2264 901 2299 debere
924 2265 1079 2310 nuptias,
1110 2268 1146 2298 et
1175 2269 1214 2298 ut
1235 2263 1314 2298 falsi
1335 2263 1495 2306 coniuges
1515 2261 1560 2296 ab
1581 2259 1726 2294 invicem

260 2307 496 2342 dirimerentur
516 2311 756 2345 contendebat:
798 2322 862 2344 nec
888 2314 1000 2345 tamen
1023 2310 1059 2344 in
1083 2311 1147 2345 hoc
1167 2310 1241 2344 iure
1261 2309 1393 2354 imperii
1415 2311 1477 2342 aut
1505 2306 1540 2341 vi
1561 2305 1725 2354 secularis

260 2354 444 2398 potestatis
468 2354 530 2398 uti,
555 2357 645 2400 quod
667 2358 721 2391 fas
745 2368 811 2390 non
834 2362 935 2398 esset,
953 2356 1138 2391 inducebat
1160 2356 1196 2390 in
1219 2355 1374 2396 animum,
1395 2353 1456 2388 sed
1478 2352 1640 2387 studebat
1660 2353 1727 2387 hoe

260 2399 429 2434 sententia
451 2405 487 2434 et
521 2402 647 2437 calculo
669 2403 836 2437 ecclesiae
867 2402 1013 2437 decerni.
1059 2413 1167 2448 quare
1199 2401 1312 2435 missis
1342 2400 1387 2434 ad
1418 2398 1646 2445 patriarcham
1677 2403 1728 2441 et,

260 2457 350 2490 quae
373 2445 497 2480 circum
521 2446 626 2492 ipsum
652 2453 746 2491 erat,
771 2449 932 2493 synodum
957 2448 1063 2483 certis
1084 2447 1274 2482 hominibus
1297 2445 1356 2491 qui
1387 2450 1595 2490 exponerent
1616 2455 1728 2490 quan-

259 2498 331 2525 tum
355 2491 421 2525 sibi
443 2492 526 2526 iuris
550 2494 650 2528 daret
670 2494 705 2529 in
730 2506 806 2530 eum
826 2495 979 2529 iuvenem
1004 2495 1144 2539 primum
1166 2491 1385 2538 imperatoria
1405 2491 1556 2536 dignitas
1569 2516 1580 2535 ,
1602 2490 1726 2525 deinde

262 2538 534 2582 consanguinitas
567 2539 686 2575 intima
720 2545 756 2575 et
784 2540 948 2586 quaedam
979 2540 1164 2574 auctoritas
1193 2542 1356 2584 paterna,
1388 2539 1522 2583 qualem
1544 2536 1653 2572 tutori
1673 2536 1726 2571 le-

262 2594 323 2628 ges
345 2583 379 2618 in
402 2583 564 2629 pupillum
587 2586 764 2630 tribuunt,
795 2590 835 2620 ut
866 2585 926 2628 iis,
955 2590 1056 2631 prout
1078 2597 1142 2631 par
1163 2588 1258 2626 erat,
1292 2583 1515 2618 consideratis
1536 2585 1727 2618 statuerent

264 2640 396 2664 cassum
419 2633 456 2663 et
477 2629 661 2665 invalidum
683 2632 718 2666 id
741 2632 986 2668 matrimonium
1009 2642 1106 2673 esse,
1135 2631 1263 2677 quippe
1293 2634 1421 2665 temere
1453 2633 1658 2664 attentatum
1681 2629 1726 2663 ab

262 2675 396 2710 homine
417 2687 484 2710 non
506 2688 589 2711 suae
612 2677 655 2711 ad
679 2679 743 2713 hoc
764 2679 956 2723 potestatis,
977 2677 1066 2712 citra
1086 2688 1182 2711 suum
1204 2687 1389 2719 assensum,
1411 2688 1434 2710 a
1457 2687 1524 2721 quo
1547 2675 1726 2721 penderet.

264 2721 358 2756 hisce
380 2722 470 2756 ultro
493 2722 647 2768 citroque
668 2724 860 2767 ventilatis,
895 2729 932 2759 et
964 2723 1100 2769 negotio
1120 2723 1282 2767 synodice
1302 2727 1474 2763 tractato,
1496 2722 1632 2767 quidam
1653 2721 1746 2766 epi-v

264 2778 442 2813 scoporum
465 2768 656 2811 haerentes,
679 2773 718 2804 ut
739 2771 919 2815 putabant,
939 2781 1043 2806 verae
1063 2769 1175 2814 legum
1197 2768 1396 2812 sententiae,
1416 2768 1597 2814 postulatis
1618 2767 1729 2812 impe-
1766 2780 1775 2789 ¹

266 2814 390 2848 ratoris
419 2813 471 2849 uti
501 2814 622 2862 aequis
652 2816 864 2852 annuendum
893 2817 1088 2853 censebant.
1129 2819 1172 2850 at
1201 2815 1398 2862 patriarcha
1431 2818 1471 2849 et
1499 2814 1616 2860 plures
1649 2822 1727 2848 cum
