1858 3126
558 173 664 218 un.
694 171 729 218 1.
783 167 1148 217 GLOSSARIUM.
1481 168 1576 222 721

127 282 399 338 τετελεσμένον
426 282 692 336 μεμιασμένον
716 283 917 336 pollutum
945 288 984 322 et
1012 282 1319 323 contaminatum
1347 290 1485 335 sonat,
1511 285 1577 325 hic

129 341 261 381 voluit
280 341 445 380 innuere
466 341 638 390 ignotam
661 353 739 379 non
759 352 840 378 esse
860 339 946 378 sibi.

241 398 360 450 ςέρα
388 410 429 448 p,
451 398 532 438 894
551 409 589 437 v.
615 398 677 438 14.
733 396 900 448 ponitur
918 394 983 433 hic
1005 395 1162 434 Graecis
1179 395 1308 435 literis
1337 409 1481 436 nomen
1498 397 1578 436 La&

128 455 256 492 tinum
297 461 427 501 ten-a,
462 452 531 490 sed
559 465 649 490 cum
672 453 791 490 unico
821 467 844 503 ρ
870 454 1064 504 scriptum
1090 451 1193 504 τέρα.
1251 452 1411 492 videtur
1448 462 1578 494 autem

128 509 233 548 hanc
267 522 403 548 vocem
431 509 640 546 retinuisse
666 507 900 557 historicus,
927 508 1038 559 quod
1065 508 1242 559 vulgaris
1272 516 1373 548 esset
1388 509 1577 561 loquendi

130 566 257 604 forma
285 565 366 603 illis
397 564 662 614 temporibus,
693 570 739 602 ut
768 564 835 615 qui
866 564 1068 616 principes
1091 565 1295 615 regionum
1314 565 1362 603 ab
1378 566 1466 605 aliis
1483 581 1578 619 pos-

127 634 321 659 sessarum
351 621 413 658 ius
439 621 512 658 sibi
540 620 783 658 vindicantes
805 620 967 658 titulum
994 628 1216 668 sumerent,
1244 621 1294 659 ad
1312 621 1578 662 differentiam

127 677 415 730 possidentium
435 679 521 713 sine
538 684 646 714 terra
665 675 784 727 χωρὶς
802 676 916 728 τέρας
934 672 1006 728 ἥτ’
1030 671 1105 717 οὖν
1120 680 1194 731 γῆς
1210 677 1308 716 tales
1327 679 1578 730 appellaren-

124 740 208 772 tur.
264 738 360 784 puta
378 746 448 770 rex
469 733 830 784 Hierosolymorum
849 739 916 771 aut
930 733 1149 784 imperator
1166 735 1578 787 Constantinopoleos‚

127 789 256 840 qualis
271 788 339 826 hic
358 789 579 826 declaratus
595 803 616 826 a
638 802 737 840 papa
752 789 854 839 regis
871 789 995 827 Siculi
1014 790 1136 827 frater
1152 790 1321 838 dicitur,
1353 790 1441 829 iure
1468 792 1579 831 vide-

126 845 222 884 licet
237 844 360 883 dotali
379 858 400 883 e
418 845 499 882 filia
516 845 710 893 Balduini‚
742 845 807 896 qui
825 845 921 883 olim
937 845 1203 898 imperaverat
1217 847 1577 900 Constantinopoli,

127 901 171 939 in
190 914 380 951 sponsam
391 900 452 938 illi
470 900 603 938 iuncta
624 907 764 941 tracto.
823 900 894 940 sed
912 903 998 939 sine
1019 909 1129 940 terra
1142 931 1152 948 ‚
1181 901 1258 940 hoc
1278 909 1339 941 est
1357 904 1456 943 citra
1474 918 1579 957 pos-

129 957 342 996 sessionem
362 957 442 995 eius
461 956 640 1008 imperii,
671 958 719 995 ab
735 957 964 996 Andronico
982 958 1168 996 videlicet
1186 958 1351 999 detenti.

241 1010 625 1066 τζαγκρατόρες
651 1027 692 1065 p.
725 1014 808 1055 414
839 1026 877 1053 v.
910 1018 949 1057 2.
1006 1015 1128 1053 fuisse
1165 1028 1236 1066 per
1266 1014 1362 1053 haee
1395 1022 1578 1069 tempora

127 1068 232 1121 apud
263 1069 434 1107 Graecos
466 1069 708 1120 Byzantinos
737 1070 779 1107 in
802 1083 877 1108 usu
895 1070 1093 1121 frequenti
1111 1084 1225 1109 arcus
1244 1072 1434 1122 quosdam
1451 1087 1578 1124 pecu-

125 1124 234 1164 liaris
263 1125 411 1163 formae
438 1138 459 1162 a
488 1126 636 1163 Latinis
660 1132 862 1178 acceptae,
893 1140 993 1177 quae
1011 1124 1179 1181 τζαγγρά
1194 1127 1260 1167 vel
1275 1126 1490 1182 τζαγγρούς
1507 1143 1579 1168 vo-

126 1181 289 1230 cabant,
317 1180 571 1231 intelligimus
589 1195 676 1220 cum
699 1195 748 1220 ex
768 1181 855 1220 aliis
876 1182 972 1222 locis
987 1183 1227 1234 scriptorum
1251 1184 1333 1222 eius
1353 1185 1460 1235 aevi,
1490 1192 1578 1224 tum

128 1250 179 1276 ex
195 1236 272 1275 hoc
293 1237 552 1275 cantacuzeni
577 1238 604 1277 1.
626 1242 647 1280 1
672 1252 704 1276 c.
724 1241 778 1280 36
794 1241 940 1306 ¹p-108
959 1239 1020 1281 ed.
1041 1241 1154 1291 1³ng
1184 1243 1265 1280 τοῖν
1286 1240 1329 1282 ἐκ
1348 1237 1472 1290 τόξων
1494 1247 1578 1282 Λα-

129 1295 294 1334 τινικῶν
319 1292 541 1346 λεγομένων
558 1295 758 1347 τζαγγρῶν
779 1293 978 1344 αφιὲντων
996 1295 1103 1347 βέλη.
1159 1295 1387 1335 huiusmodi
1408 1298 1578 1337 arcubus

128 1348 198 1400 qui
215 1355 438 1397 uterentur,
466 1348 744 1403 τζαγκράτορες
759 1350 1000 1402 Pachymere
1021 1358 1179 1390 auctore
1199 1352 1464 1404 vocabantur,
1495 1355 1578 1407 opi-

126 1418 223 1454 nor,
255 1401 337 1445 ἆπό
355 1407 429 1445 τοῦ
443 1409 602 1457 κρατεῖν
617 1404 666 1446 ‘ta'
683 1402 849 1459 τζαγγρά
868 1421 895 1444 α
910 1421 1036 1445 mana
1054 1407 1232 1446 tenendis
1250 1412 1434 1461 tzangris·
1454 1412 1579 1448 Lati-

126 1474 203 1499 nae
221 1461 383 1512 formae
406 1461 595 1500 arcubus.
652 1462 707 1500 sic
735 1462 853 1500 etiam
874 1462 952 1501 hoc
974 1464 1212 1503 vocabulum
1233 1472 1346 1504 antea
1365 1466 1579 1519 scripserat

126 1517 283 1556 Nicetes
314 1517 355 1555 in
384 1517 562 1556 manuele
587 1518 788 1557 Comneno
819 1519 845 1556 l.
870 1523 897 1560 2
923 1519 983 1558 his
1013 1521 1144 1559 verbis
1171 1535 1193 1559 a
1220 1521 1392 1560 Mem-sio
1419 1523 1576 1561 relatis:

125 1568 377 1627 φραξάμενοί
391 1588 452 1622 τε,
482 1572 538 1622 ὥς
558 1570 685 1627 εἶχον,
714 1572 762 1614 τὰ
779 1575 884 1627 τείχη
898 1573 1076 1625 τοξόταις
1092 1576 1160 1617 καὶ
1178 1575 1471 1631 τζαγγροὶτορσι.
1508 1579 1578 1618 Ni-

126 1635 231 1668 cetas
257 1629 362 1668 idem
388 1629 429 1667 in
449 1630 588 1668 Alexio
606 1631 634 1673 1,
656 1634 681 1672 3
706 1631 851 1680 milites
876 1631 1049 1671 eiusdem
1072 1633 1226 1684 generis
1252 1632 1577 1688 τζαγγροτοξότας

124 1691 254 1725 vocat.
310 1685 464 1723 eosdem
495 1700 616 1738 porro
646 1687 853 1738 proprium
873 1687 1056 1728 habuisse
1075 1689 1438 1742 στρατοπεδάρχην,
1471 1690 1577 1729 sicut

124 1740 191 1780 hic
212 1741 326 1780 docet
344 1741 619 1793 Pacbymeres,
650 1743 876 1793 confirmat,
906 1745 966 1783 bis
999 1747 1080 1784 eius
1110 1743 1451 1798 στρατοπεδάρχου
1468 1760 1577 1784 men-

125 1798 272 1836 tionem
306 1799 452 1835 faciens
460 1828 471 1847 ,
509 1799 692 1837 Codinus.
749 1800 819 1838 scd
855 1802 1066 1853 utrobique
1101 1802 1290 1840 mendum
1325 1807 1384 1839 est
1423 1801 1577 1840 librarii

126 1851 396 1906 τζαγγατόρων
410 1868 484 1905 pro
500 1852 815 1907 τζαγγρατόρων,
844 1856 900 1894 ait
916 1857 1130 1906 Meursius,
1158 1858 1280 1895 immo
1298 1871 1373 1909 pro
1389 1859 1578 1912 τζαγκραὸ

125 1905 276 1959 τόρων,
303 1909 520 1949 scribentis.
575 1911 616 1947 in
639 1924 735 1948 voce
750 1911 823 1948 hac
840 1912 1134 1963 interpretanda
1152 1927 1233 1950 non
1254 1912 1372 1951 debui
1391 1913 1576 1952 adhibere

127 1965 304 2014 arquitae
326 1969 392 2000 aut
412 1964 599 2014 sagittarii
622 1966 838 2015 vocabula,
868 1981 968 2018 quae
991 1968 1230 2020 peculiarem
1253 1970 1418 2007 formam
1439 1983 1574 2008 armo·
1598 1977 1627 2010 P
1648 1978 1715 2014 512

123 2032 216 2058 rum
235 2018 352 2056 huius
370 2019 525 2057 ordinis·
539 2033 618 2058 non
635 2022 914 2072 exprimerent.
970 2024 1117 2062 retinui
1145 2037 1237 2075 ergo
1259 2031 1460 2076 tamquam
1478 2039 1576 2078 pro-

125 2075 260 2128 prium
280 2074 398 2124 vulgo
416 2081 512 2112 tunc
529 2076 712 2114 usitatum
732 2090 888 2116 nomen.

236 2145 290 2184 τρ
302 2131 352 2182 ιβ
362 2131 411 2170 αἰ
438 2144 478 2182 p.
496 2131 574 2172 641
595 2144 631 2169 v.
653 2135 718 2173 16.
766 2139 860 2170 nota
881 2139 940 2171 est
955 2133 1128 2183 vulgaris
1146 2141 1317 2186 potestas
1332 2136 1441 2174 vocis
1460 2135 1576 2189 τριβή

127 2186 299 2238 duplex:
328 2200 418 2224 nam
446 2193 485 2225 et
514 2200 630 2225 usum
665 2189 943 2227 exercitatione
974 2197 1132 2240 partum
1157 2197 1195 2228 et
1216 2205 1365 2230 moram
1387 2199 1456 2231 aut
1474 2206 1574 2231 cun-

127 2243 338 2281 ctationem
362 2242 468 2293 apud
494 2249 672 2281 auctores
694 2244 873 2282 classicos
896 2252 1030 2294 sonat3
1061 2246 1171 2296 quod
1194 2253 1409 2298 utrumque
1438 2248 1574 2287 brevi-

126 2304 190 2336 ter
207 2297 425 2350 Hesychius
443 2299 655 2350 expressit,
684 2300 779 2338 dum
796 2297 912 2353 τριβή
931 2301 1097 2352 explicat
1116 2300 1297 2355 διατριβὴ
1318 2300 1348 2355 ἢ
1365 2300 1578 2358 βραδύτης.

128 2354 197 2393 sed
224 2354 290 2392 hic
318 2361 452 2392 noster
468 2355 613 2407 plurali
633 2369 797 2394 numero
818 2370 954 2395 vocem
979 2356 1080 2395 hanc
1098 2365 1265 2411 usurpat
1289 2360 1504 2411 peculiari,
1532 2363 1575 2400 ni

129 2410 266 2459 fallor,
295 2410 481 2460 notione,
511 2425 584 2463 pro
607 2412 787 2450 induciis.
842 2413 1036 2451 sententia
1066 2414 1210 2466 quippe
1234 2415 1312 2453 loci
1336 2415 1431 2455 haec
1462 2418 1574 2456 vide·

128 2472 195 2504 tur
211 2478 311 2514 esse,
340 2467 615 2518 imperatorem
638 2474 768 2506 totum
791 2467 983 2507 intentum
1002 2468 1198 2519 hostibus,
1226 2485 1249 2508 a
1271 2472 1408 2523 quibus
1430 2486 1452 2510 e
1473 2487 1574 2526 pro-

122 2522 278 2573 ‹pinquo
298 2523 502 2561 molestius
519 2524 752 2573 urgebatur,
780 2525 1059 2576 reprimendis,
1088 2525 1264 2565 inducias
1283 2529 1442 2566 interim
1461 2530 1575 2567 velut

131 2578 314 2628 quasdam
334 2580 568 2618 concessisse
589 2580 715 2618 Persis
735 2594 806 2632 per
824 2588 973 2619 tractus
992 2581 1146 2632 imperii
1164 2582 1384 2623 Orientales
1398 2587 1572 2634 grassan-

129 2633 236 2670 tibus
248 2662 259 2679 ‚
286 2634 385 2671 nihil
407 2642 545 2674 contra
567 2649 632 2674 eos
648 2636 844 2675 moliendo
858 2669 868 2686 ‚
899 2637 1027 2687 quoad
1046 2637 1149 2675 malo
1169 2638 1352 2678 viciniori
1368 2645 1406 2677 et
1423 2639 1464 2677 in
1483 2640 1572 2677 sinu

130 2688 258 2739 posito
276 2688 466 2744 ἐγκολπίῳ
488 2692 723 2731 mederetur.
780 2693 962 2745 suspicor
980 2706 1072 2743 ergo
1091 2693 1134 2730 in
1154 2707 1229 2733 usu
1246 2695 1434 2747 populari
1451 2696 1572 2733 Grae-

131 2756 271 2782 corum
294 2745 602 2796 Byzantium-um
630 2749 750 2786 fuisse
777 2749 1014 2787 vocabulum
1043 2750 1175 2801 τριβαί
1203 2751 1254 2788 ad
1272 2751 1572 2801 significandum

130 2799 238 2849 quod
268 2799 406 2838 Latini·
422 2801 613 2840 inducias
644 2804 841 2843 dixerunt.
899 2811 1245 2857 argumentumque
1275 2807 1359 2845 eius
1389 2820 1502 2846 sumo
1522 2814 1574 2846 ex

185 2859 359 2904 Georgius
386 2860 610 2906 pachymeres
638 2864 689 2897 11.
1246 2861 1301 2904 46
