1858 3126
384 152 459 195 DE
489 149 817 194 ANDRONICO
847 150 1223 196 PALAEOLOGO
1254 152 1301 196 L.
1333 153 1387 194 V.
1538 151 1633 198 401

177 263 386 315 κάκείνους
411 265 468 314 εἷς
495 263 571 318 τὴν
602 261 748 316 ὁμοίαν
773 264 910 317 ἐνῆγεν
938 261 1140 319 ἔκπληξιν.
1207 266 1309 315 τέως
1334 269 1489 319 μαθεῖν
1508 265 1637 320 ἠβού-

178 339 298 378 λοντο
327 333 372 376 τί
395 331 445 375 ἂν
472 333 538 374 καὶ
565 331 625 385 εἴη
651 335 790 375 τοῦτο.
859 333 927 372 καὶ
947 334 1170 383 πέμπονται
1188 335 1262 387 μὲν
1281 335 1349 377 καὶ
1366 333 1484 378 ἄλλοι
1507 352 1635 377 κατα-

177 398 474 457 σκοπῆσοντες,
510 399 629 442 οὐδὲν
651 401 696 442 δὲ
715 398 835 441 πλέον
854 402 928 441 τοῦ
948 402 1229 454 πραττομένου
1250 404 1411 453 ἐκείνοις
1432 401 1633 445 ‹immad-
1662 409 1693 442 D

175 487 312 514 πτετο.
385 469 460 512 σὺν
484 472 649 517 πολλοῖς
670 468 716 510 δὲ
735 473 820 517 τοῖς
837 466 977 516 ἄλλοις
997 466 1215 521 ἀπέρχεται
1233 473 1297 514 καὶ
1318 469 1339 514 ὃ
1362 475 1436 514 τοῦ
1458 488 1636 527 καστρο-

144 537 363 597 5φύλακος
390 533 592 594 ἀδελφός,
630 534 677 578 ὃν
703 537 771 578 καὶ
802 536 1149 592 ἔκκεκωφευμένον
1178 537 1223 578 ἐκ
1249 544 1406 591 γενετῆς
1429 540 1469 582 οἱ
1488 537 1636 589 πάντες

176 607 342 666 ᾔδεσαν.
412 607 482 648 καὶ
509 612 595 655 τοῖς
623 604 698 659 μὲν
727 608 802 647 τοῦ
831 602 1043 658 συνήθους
1069 603 1191 647 πλέον
1219 604 1295 647 οὐκ
1322 599 1374 659 ἦν
1394 606 1636 659 μανθάνειν,

176 681 238 735 τῷ
268 676 314 718 δὲ
340 674 388 717 τὸ
416 673 664 727 θαυμαστὸν
683 673 807 715 ἐκεῖνο
828 674 895 715 καὶ
914 670 1151 727 ἀπόρρητον
1170 673 1313 727 θέαμα
1329 670 1636 719 ἔκκαλῦπτεται.

178 746 246 788 καὶ
273 742 300 799 ἦ
326 743 461 792 πίστις
495 741 724 799 προσετέθη
754 745 813 799 τῷ
841 740 940 783 κατ’
966 741 1094 784 αὐτὸν
1117 739 1325 795 θαύματι·
1361 738 1479 797 ὁγὰρ
1503 747 1637 785 λαλῶν

178 815 223 864 ἔξ
248 813 383 855 ἔννεοῦ
411 812 479 854 καὶ
504 814 646 867 κωφοῦ
677 807 821 852 πιστόν
852 827 895 852 τε
922 811 989 852 καὶ
1019 809 1318 865 ἀναντίρρητον
1349 808 1372 853 ὅ
1397 828 1436 853 τι
1456 809 1507 853 ἂν
1531 810 1635 854 εἴποι
1659 826 1686 860 Ρ
1710 832 1777 865 979

123 882 374 930 1οκαθίστα.
443 878 583 933 βλέπει
614 873 686 921 οὖν
719 879 866 927 ἐκεῖνος
894 878 1133 933 προσμένων
1153 878 1202 921 οὗ
1222 876 1422 932 λαμπάδα
1453 876 1638 934 ἡμμένην

177 948 275 993 ἀλλ’
297 948 430 1002 ἄνδρα
446 950 669 1001 βασιλικῶς
688 947 958 1000 ἐσταλμένον,
989 947 1063 996 τὰς
1088 948 1162 1000 μὲν
1187 947 1326 990 αὐτῶν
1346 947 1535 1003 φυλακὰς
1551 946 1639 992 οἷον

176 1018 497 1069 ἓξουθενοῦντα,
531 1014 657 1058 αὐτὸν
686 1015 732 1057 δὲ
761 1014 838 1070 τὴν
870 1019 945 1070 τῆς
978 1019 1165 1072 φυλακῆς
1193 1015 1413 1071 ἐπιτροπὴν
1441 1016 1543 1071 ἔχειν
1570 1017 1639 1060 λε’-

174 1103 316 1142 γοντα.
383 1085 452 1126 καὶ
484 1082 571 1138 ἅμα
605 1080 772 1126 εἰπόντα
803 1081 860 1133 ὥς
888 1083 991 1139 πρὸς
1014 1082 1219 1126 ἀκούοντα
1241 1085 1386 1140 λέγειν·
1424 1085 1591 1142 καὶγὰρ
1615 1084 1636 1128 ὅ

177 1153 316 1210 κωφὸς
348 1151 471 1207 ἤκουε
511 1153 758 1208 παραυτίκα.
830 1150 1104 1208 προστάσσειν
1134 1154 1179 1195 δὲ
1209 1153 1282 1207 τὴν
1311 1152 1453 1209 φωνὴν
1483 1153 1639 1211 μεγάλῃ

123 1233 166 1268 15
178 1226 294 1281 φωνῇ
322 1228 408 1271 τοῖς
433 1218 606 1276 φύλαξιν
634 1221 884 1277 ἐπαγγέλλειν
913 1220 1185 1277 ἐγρηγορότας
1205 1219 1260 1270 ὥς
1279 1220 1335 1264 ἕνι
1353 1219 1534 1275 μάλιστα
1562 1228 1636 1278 τῆς
1660 1239 1688 1272 Β

176 1291 382 1346 σωτηρίας
408 1288 702 1343 ἐπιμελεῖσθαι.
771 1291 838 1331 καὶ
860 1293 1010 1341 θαῦμα
1033 1291 1266 1346 παραυτίκα
1289 1289 1558 1345 ἐπηκολούθει
1581 1296 1639 1350 τῷ

176 1357 388 1413 θαύματι·
426 1355 447 1399 ὃ
467 1357 546 1413 γὰρ
568 1354 729 1400 ἀκούων
750 1356 821 1413 ἐφ’
844 1355 867 1400 ὅ
893 1375 931 1399 τι
950 1356 1098 1413 πράξοι
1124 1358 1204 1413 ἤδη
1232 1360 1299 1400 καὶ
1326 1363 1474 1415 φωνῶν
1494 1358 1639 1413 ἠκούε-

175 1445 250 1480 το,
283 1427 351 1469 καὶ
373 1425 518 1476 ἔδειξεν
539 1426 684 1475 ἐκεῖνος
705 1429 842 1468 λαλῶν
862 1443 903 1468 τε
926 1424 1071 1482 λόγους
1097 1425 1281 1477 πιστούς.
1350 1430 1565 1481 προσπαίει
1596 1430 1640 1470 de*

175 1500 322 1549 πᾶσιν,
360 1492 457 1550 ὅπερ
490 1495 556 1536 καὶ
586 1493 742 1550 ἀληθὲς
770 1489 844 1549 ἦν,
882 1492 907 1549 ἦ
932 1499 1007 1538 τοῦ
1026 1496 1227 1548 βασιλέως
1250 1496 1400 1538 ἐκείνου
1428 1500 1503 1538 τοῦ
1526 1495 1640 1551 ἐλεή-

267 1605 323 1639 18.
345 1602 410 1647 τε]
434 1600 552 1643 totis?

174 1693 266 1730 baud
294 1698 390 1728 ratus
421 1693 693 1728 contemnendam
717 1693 891 1728 advocatis
926 1694 1123 1729 ductoribus
1146 1694 1298 1730 ordinum
1322 1695 1492 1740 primariis
1515 1695 1640 1741 indigi-

173 1746 248 1783 tat,
279 1751 407 1785 eosque
437 1740 475 1774 in
506 1752 621 1785 parem
653 1751 766 1775 secum
796 1740 1051 1775 admirationem
1082 1741 1261 1775 manifeste
1296 1747 1473 1775 cernentes
1498 1741 1637 1776 inducit.

174 1787 292 1833 placet
318 1786 451 1820 cunctis
480 1786 563 1820 dare
590 1798 727 1830 operam
757 1792 795 1820 ut
819 1788 883 1821 hoc
905 1787 984 1832 quid
1009 1788 1056 1821 sit
1079 1787 1266 1821 addiscant.
1313 1788 1494 1821 mittuntur
1516 1789 1560 1821 ab
1584 1788 1638 1822 his

174 1833 236 1878 qui
265 1832 448 1866 comminus
471 1832 672 1866 accedentes
694 1832 738 1865 ad
760 1832 799 1866 id
821 1833 930 1867 lumen
954 1834 1093 1879 propius
1120 1834 1297 1878 explorent
1320 1845 1360 1866 ac
1384 1837 1556 1876 comperta
1579 1845 1637 1867 re·

175 1879 303 1912 ferant.
347 1877 406 1911 isti
427 1878 507 1912 nibil
529 1878 605 1923 plus
629 1878 836 1912 admovendo
860 1890 899 1913 se
921 1890 1028 1924 prope
1051 1890 1151 1924 quam
1174 1879 1290 1923 procul
1311 1878 1471 1912 intuendo
1494 1879 1638 1923 detege-

176 1924 280 1964 bant,
306 1922 410 1956 solam
434 1927 470 1957 et
493 1923 560 1968 ipsi
583 1924 769 1968 lampadem
793 1924 972 1966 videntes,
997 1925 1108 1970 quoad
1132 1935 1206 1957 cum
1230 1924 1344 1957 multis
1367 1935 1408 1957 eo
1431 1924 1555 1958 missus
1577 1936 1638 1959 ac-

177 1969 287 2003 currit
314 1969 423 2002 frater
453 1968 603 2002 custodis
637 1970 747 2012 arcis,
780 1981 880 2015 quem
912 1976 1040 2004 mutum
1069 1976 1106 2004 et
1137 1969 1274 2002 surdum
1298 1980 1340 2002 ex
1364 1974 1486 2003 ventre
1517 1970 1639 2004 matris

176 2024 293 2048 omnes
322 2018 455 2047 norant.
501 2019 605 2058 atque
624 2014 723 2048 huius
745 2015 923 2049 comitibus
944 2015 1028 2049 nibil
1059 2026 1162 2059 supra
1185 2015 1279 2059 prius
1303 2014 1423 2049 missos
1445 2016 1637 2061 conspicari

176 2058 336 2102 contigit:
370 2058 430 2092 uni
460 2065 552 2092 muto
583 2058 654 2102 illi,
686 2061 920 2104 mysteriorum
950 2060 1048 2105 quasi
1082 2059 1192 2094 valvis
1221 2060 1405 2103 reseratis,
1436 2072 1559 2095 novum
1583 2068 1638 2096 est

174 2104 405 2151 spectaculum
438 2104 609 2147 oblatum,
641 2110 677 2138 et
698 2105 785 2139 fides
808 2106 881 2140 viso
906 2118 967 2152 per
989 2105 1184 2140 miraculum
1208 2105 1244 2139 in
1266 2109 1394 2151 epopta
1419 2108 1634 2143 manifestum

176 2150 347 2185 constitit:
381 2150 457 2196 quia
486 2150 572 2184 enim
595 2156 688 2184 muto
709 2150 863 2195 loquenti
886 2152 1027 2186 credere
1047 2151 1139 2196 quod
1170 2151 1365 2186 affirmabat
1390 2155 1637 2188 cunctaretur?

175 2197 234 2231 hic
255 2196 362 2240 igitur
383 2208 403 2230 e
425 2196 534 2230 vicino
560 2200 711 2230 attentus
733 2208 931 2240 permanens
964 2197 1056 2230 clare
1086 2197 1182 2230 videt
1209 2208 1274 2231 uon
1297 2199 1487 2242 lampadem
1510 2200 1636 2234 arden-

174 2246 244 2277 tem
267 2243 329 2277 aed
351 2241 461 2276 virum
483 2241 710 2287 imperatoriis
734 2248 887 2276 ornatum
918 2242 1126 2286 insignibus,
1158 2242 1218 2288 qui
1241 2254 1324 2288 prae
1345 2255 1384 2277 se
1405 2245 1519 2279 ferens
1541 2245 1635 2280 diffi-

174 2288 258 2322 dere
286 2300 325 2322 ae
352 2287 528 2322 custodum
551 2287 657 2321 castri
682 2288 831 2322 excubiis
855 2291 894 2321 ut
915 2287 1201 2322 insufficientibus
1223 2296 1260 2322 et
1284 2290 1443 2334 languide
1473 2291 1635 2333 remissis,

174 2346 252 2369 aeae
274 2335 387 2368 aiebat
409 2333 519 2379 ipsum
541 2333 636 2368 urbis
661 2333 728 2368 sibi
752 2334 898 2368 tuendae
920 2345 1035 2368 curam
1058 2345 1242 2369 assumere.
1286 2347 1375 2380 quae
1406 2336 1547 2382 loquens
1570 2349 1634 2372 ai·-

173 2380 332 2414 diebatur
361 2391 383 2414 a
416 2379 510 2425 prius
538 2380 661 2420 aurdo;
694 2379 868 2425 eidemque
889 2380 1050 2414 hactenus
1072 2379 1175 2414 etiam
1197 2385 1289 2414 muto
1310 2381 1499 2426 imperabat
1520 2388 1559 2416 ut
1583 2383 1635 2416 lo-

174 2431 361 2471 queretur,
393 2431 430 2460 et
456 2426 590 2471 quidem
621 2437 707 2460 voce
735 2431 915 2470 contenta,
948 2425 1131 2460 admonens
1154 2426 1394 2471 praesidiarioa
1416 2429 1633 2463 excubitores

174 2471 276 2505 etiam
299 2476 403 2516 atque
426 2471 528 2506 etiam
550 2471 687 2516 vigilias
711 2471 908 2514 intendere,
941 2471 1133 2516 acriterque
1157 2473 1351 2517 prospicere
1372 2473 1474 2508 saluti
1496 2475 1634 2520 pericli-

173 2517 280 2551 tantia
298 2517 457 2551 civitatis.
499 2523 536 2552 et
559 2529 639 2552 ecce
662 2517 856 2552 miraculum
879 2517 1037 2552 miraculo
1062 2517 1227 2552 additum:
1251 2518 1310 2564 qui
1332 2519 1418 2554 enim
1443 2521 1540 2554 modo
1564 2521 1632 2564 pri-

174 2573 262 2596 mum
294 2563 449 2597 audierat
478 2563 542 2597 sibi
572 2564 856 2609 praecipientem,
893 2576 980 2598 nune
1013 2563 1143 2605 etiam,
1179 2565 1257 2598 dum
1279 2564 1382 2599 inssi·
1404 2566 1630 2610 obtemperat,

174 2618 309 2654 semper
330 2610 474 2643 antebac
497 2614 608 2644 mutua
630 2609 748 2654 incipit
770 2610 883 2654 loqui,
914 2610 1073 2654 clareque
1103 2609 1332 2654 praesidiariis
1354 2623 1430 2645 cum
1453 2622 1475 2644 a
1497 2623 1535 2645 se
1556 2610 1631 2644 visa

176 2658 247 2686 tum
269 2654 355 2699 ipsis
378 2655 535 2689 mandata
557 2657 776 2700 pronuntiat,
798 2656 899 2690 fidem
923 2655 1024 2690 facile
1048 2655 1193 2700 prodigii
1217 2655 1357 2701 pignore
1378 2657 1499 2690 idoneo
1522 2656 1631 2701 impe-

173 2703 283 2733 trans.
326 2700 447 2734 nemini
466 2712 568 2746 porro
593 2701 645 2735 hia
665 2703 890 2746 praesentium
914 2701 1051 2735 dubium
1074 2700 1159 2743 fuit,
1181 2701 1217 2735 id
1239 2702 1330 2747 quod
1353 2714 1391 2736 re
1414 2702 1491 2747 ipsa
1512 2713 1629 2735 verum

176 2749 273 2786 erat,
341 2745 376 2779 in
398 2757 460 2791 per
480 2746 547 2780 ista
568 2747 800 2781 declararetur
822 2748 982 2782 Ioannem
1002 2747 1094 2780 illum
1116 2747 1193 2781 olim
1212 2747 1473 2793 imperatorem,
1505 2759 1631 2791 cogno-

174 2796 287 2823 mento
336 2796 503 2833 atatzam,
524 2792 684 2837 optimum
706 2793 890 2839 principem
912 2800 949 2828 et
971 2793 1267 2838 eleemosynarium
1291 2805 1311 2827 a
1335 2792 1572 2837 largitionibus
1595 2793 1629 2828 in

229 2842 403 2887 Georgius
432 2844 656 2888 Pachymerea
686 2845 735 2878 Π.
1301 2843 1355 2882 26
