1858 3126
217 169 318 216 430
643 169 880 215 GEORGII
914 171 1265 218 PACHYMERIS

180 329 181 333 ,
215 282 342 334 αὐτὸς
361 282 462 340 ὑπὲρ
484 282 610 326 ἄλλον
631 285 688 335 εἷς
709 280 832 342 χάριν
856 282 944 339 ἅμα
977 293 1064 336 τοῖς
1093 287 1212 338 zoloae
1229 285 1560 344 διασωσάμενος,
1599 291 1686 334 ἓτε·

73 355 101 389 Ρ
124 356 191 392 298
211 355 390 408 χνίτευεν
419 350 652 409 ἀποφυγήν.
733 355 776 397 ἓν
810 351 945 414 τούτῳ
977 357 1022 398 δὲ
1052 357 1125 398 καί
1150 373 1212 406 τις
1237 359 1322 400 τῶν
1351 358 1394 407 ἐς
1419 359 1687 415 γραμματέας

212 421 350 480 ἐκείνῳ
385 419 640 476 τελούντων,
687 422 771 466 ἐπεὶ
799 425 865 466 καὶ
895 423 1008 483 αὐτῷ
1041 422 1170 468 ἐδόκει
1194 430 1269 468 τοῦ
1297 426 1540 482 κεκτημένου
1560 427 1684 472 ἀλλο-

210 495 450 545 τριοῦσθαι,
487 490 607 534 ἔνθεν
623 492 698 546 μὲν
719 486 841 542 οὗτος
859 492 979 537 ἔνθεν
1003 493 1051 536 δ’
1073 495 1222 545 ἐκεῖνος
1239 494 1314 550 τὴν
1334 491 1452 538 πόλιν
1471 500 1685 551 καταλαμ-

210 557 400 614 βάνουσι.
470 560 568 603 ἀλλ’
599 558 621 604 ὅ
650 562 724 615 μὲν
755 563 838 604 ἐπεὶ
866 561 985 605 οὐδὲν
1017 560 1127 620 ἑώρα
1149 563 1344 607 ἀκίνδυνα
1365 562 1500 624 ἑαυτῷ
1519 563 1587 608 διὰ
1611 565 1719 620 τὴν5

210 633 285 685 τῆς
306 630 447 685 ἐνοχῆς
469 627 701 687 παράλυσιν
726 632 793 673 καὶ
825 630 898 686 τὴν
928 632 969 681 ἒς
985 632 1159 685 βασιλέα
1184 631 1451 690 προσφυγήν,
1485 631 1690 690 πατριάρ-

207 715 288 753 χου
319 697 588 756 προσφεύγει·
626 697 647 742 ὅ
677 700 722 743 δὲ
749 700 1015 757 γραμματεύς
1049 702 1215 752 ἐπιστὰς
1232 702 1312 758 πρὸ
1339 700 1512 756 τούτου,
1548 704 1615 745 καὶ
1635 701 1688 746 τοὶ

212 767 339 810 πιστὰ
364 770 607 825 προσδοκῶν
639 767 740 824 ἔχειν
761 769 804 812 ἔκ
825 786 934 820 τινος
960 767 1205 827 γράμματος
1224 775 1298 815 τοῦ
1315 769 1395 815 ἀπὸ
1414 775 1489 815 τοῦ
1508 769 1687 828 μεγάλου

213 835 385 890 ὅουκός,
423 835 479 887 ὥς
495 839 624 892 δῆθεν
647 837 751 895 πρὸς
776 838 849 881 τὸν
877 841 1103 882 κανικλειόυ
1133 842 1360 895 δηλοῦντος
1387 839 1462 896 τὴν
1489 838 1686 884 ἀπόλυσιν

164 914 194 947 Β
219 903 276 956 ὥς
294 904 500 960 ἑκούσιος,
538 907 670 950 ἐλπίσι
684 914 887 963 χρησταῖς
905 907 1093 965 ᾐωρεῖτο.
1144 907 1264 965 λόγος
1287 909 1332 952 ‹5’
1353 904 1405 965 ἦν
1425 909 1689 967 ἀμφοτέρους
1700 923 1743 958 10

216 972 497 1026 συνελθόντας
520 976 623 1033 πρὸς
649 974 907 1033 πατριάρχην
934 977 1232 1033 ἀπολογεῖσθαι
1263 978 1332 1021 διὰ
1354 976 1505 1022 τούτου
1527 982 1587 1037 τῷ
1605 983 1689 1033 βα-

216 1049 323 1088 σιλεῖ
348 1044 424 1100 τὴν
450 1046 494 1088 ἐκ
516 1049 592 1088 τοῦ
623 1043 802 1102 μεγάλου
836 1046 984 1096 δουκὸς
1023 1045 1283 1103 ἀναχώρησιν
1293 1080 1306 1100 ,
1360 1047 1413 1090 τὰ
1443 1047 1576 1090 πολλὰ
1605 1051 1688 1091 τῶν

214 1114 350 1172 ἐκείνῳ
390 1114 682 1171 πραττομένων
732 1113 994 1168 ἀταμιεύτοις
1039 1117 1289 1173 παρρησιάις
1328 1115 1689 1170 καθαπτομένους.

215 1181 244 1225 ἃ
274 1185 341 1225 καὶ
374 1182 647 1239 ἀγγελθέντα,
696 1183 773 1239 οὐχ
803 1182 915 1234 ὅπως
960 1185 1000 1227 οἳ
1030 1185 1212 1241 λέγοντες
1238 1173 1426 1238 ἔπειθον,
1482 1184 1590 1227 ἀλλὰ
1619 1185 1689 1227 καὶ

215 1253 493 1307 δυσμεναίνειν
523 1250 684 1303 ἑαυτοῖς
712 1252 784 1296 τὸν
810 1257 1043 1309 κρατοῦντα
1070 1254 1257 1297 ἐποίουν·
1291 1252 1485 1308 βασιλεὺς
1511 1253 1589 1310 γὰρ
1610 1271 1687 1296 κα-
1699 1266 1742 1302 15

214 1321 328 1374 κιάς,
367 1320 442 1364 οὐκ
463 1321 665 1378 ἀληθείας
685 1321 737 1365 τὰ
758 1319 952 1379 λεγόμενα
972 1323 1135 1381 κρίνων,
1171 1325 1239 1366 καὶ
1259 1321 1554 1379 ὑπεκκαύματα
1570 1319 1687 1380 φθό-

210 1465 271 1500 bat
293 1466 428 1511 agendi.
476 1465 627 1500 officium
661 1466 790 1513 quippe
821 1465 1024 1502 deductoris‘
1049 1467 1115 1502 sibi
1148 1479 1222 1502 cnm
1255 1467 1428 1514 praetoria
1463 1476 1527 1501 sua
1550 1465 1688 1501 cohorte

210 1523 408 1553 assumens,
443 1512 698 1546 Cannaburium
734 1513 1059 1558 Constantinopolim
1096 1514 1266 1559 perduxit.
1325 1526 1392 1560 quo
1424 1512 1498 1558 ipso
1534 1517 1690 1558 tempore

210 1558 348 1603 quidam
371 1558 408 1591 in
432 1558 580 1592 eiusdem
598 1558 769 1602 Nostongi
791 1559 992 1604 provinciali
1014 1560 1177 1594 comitatu
1199 1560 1333 1594 scribae
1347 1558 1568 1593 ministerium
1589 1568 1690 1591 exer-

209 1615 300 1644 cens,
325 1615 400 1638 cum
423 1604 632 1637 decrevisset
655 1605 769 1638 nescio
793 1616 861 1649 qua
883 1617 923 1639 re
947 1605 1098 1639 offensus
1121 1607 1165 1640 ab
1189 1606 1283 1642 exosi
1306 1605 1374 1640 sibi
1396 1603 1520 1638 domini
1543 1603 1685 1638 servitio

210 1650 389 1691 recedere,
403 1654 439 1684 et
460 1649 536 1695 ipse
558 1649 625 1683 iter
647 1651 766 1684 urbem
788 1661 911 1684 versus
935 1651 1020 1685 clam
1044 1651 1200 1697 arripuit.
1245 1651 1364 1696 itaque
1387 1651 1485 1684 ambo
1507 1649 1583 1695 pari
1605 1659 1687 1683 con-

212 1696 309 1741 silio,
331 1696 413 1730 licet
443 1696 584 1730 invicem
607 1695 736 1740 ignari..
758 1696 896 1730 furtivis
918 1697 1189 1741 profectionibus
1213 1695 1541 1740 Constantinopolim
1563 1707 1689 1741 perve-

213 1754 310 1776 nere.
345 1741 404 1777 ubi
428 1741 626 1786 Nostongus
649 1742 803 1788 inspecto
826 1754 940 1776 rerum
963 1748 1074 1785 statu,
1099 1755 1174 1776 cum
1197 1743 1334 1777 minime
1359 1746 1518 1788 speraret
1539 1742 1689 1786 probare

213 1800 253 1823 se
276 1787 478 1833 imperatori
502 1799 622 1834 posse,
647 1788 835 1823 manifestis
857 1788 892 1822 in
915 1790 1070 1823 favorem
1103 1789 1217 1833 magni
1240 1788 1336 1823 ducis
1361 1792 1610 1833 praeoccupato
1633 1788 1689 1821 af-

211 1835 381 1876 fectibus,
424 1846 511 1881 quas
540 1846 643 1869 veras
676 1835 845 1869 habuerat
877 1846 1000 1870 causas
1040 1847 1060 1869 e
1101 1835 1277 1880 provincia
1314 1834 1445 1869 iniussu
1477 1832 1689 1877 discedendi,

213 1881 305 1916 haud
329 1885 438 1916 tutum
462 1881 528 1916 sibi
550 1880 686 1926 putavit
709 1882 904 1926 confugere,
929 1881 980 1914 uti
1002 1881 1249 1924 destinaverat,
1271 1882 1317 1916 ad
1339 1881 1462 1926 ipsum,
1487 1884 1523 1914 et
1545 1879 1689 1914 audien-

212 1929 263 1963 tia
286 1928 459 1974 poscenda
482 1927 556 1962 eius
580 1927 741 1973 potestati
772 1939 810 1961 se
833 1927 1043 1972 permittere.
1089 1938 1196 1973 quare
1218 1928 1263 1962 ad
1295 1927 1521 1973 patriarcham
1544 1937 1583 1960 se
1604 1937 1689 1960 con-

214 1975 298 2015 fert,
323 1974 410 2018 asyli
432 1974 508 2007 iure
532 1984 672 2008 securus
702 1973 770 2007 illic
792 1975 945 2016 futurus,
978 1978 1015 2008 et
1041 1974 1157 2008 eodem
1185 1974 1307 2008 idoneo
1328 1971 1609 2007 reconciliationis
1631 1982 1709 2005 ser

215 2023 356 2065 questro
381 2019 424 2054 ad
450 2022 635 2065 Augustum
659 2031 792 2054 usurus.
837 2020 971 2062 scriba,
1004 2020 1063 2065 qui
1086 2021 1178 2065 prior
1200 2020 1235 2054 in
1258 2021 1396 2060 urbem,
1419 2019 1612 2064 expeditius
1633 2017 1690 2052 via.

215 2077 362 2108 emensa,
387 2072 604 2112 pervenerat,
627 2066 774 2101 lactatus
797 2077 858 2111 spe
881 2067 970 2100 inani
994 2066 1177 2107 cuiusdam,
1203 2077 1305 2112 quam
1328 2065 1504 2107 attulerat,
1525 2068 1690 2109 acceptae

214 2124 237 2146 a
261 2123 381 2158 magno
406 2112 492 2146 duce
516 2113 559 2147 ad
583 2112 723 2147 caniclei
746 2114 958 2159 praefectum
980 2112 1169 2158 epistolae,
1195 2124 1265 2158 qua
1288 2123 1364 2146 cum
1386 2110 1552 2146 declarari
1575 2109 1691 2144 credi-

213 2158 323 2192 disset
347 2170 384 2192 se
404 2158 574 2203 legitimas
597 2160 777 2193 habentem
809 2170 930 2193 causas
963 2159 1162 2193 abnuendae
1191 2158 1364 2193 ulterioris
1393 2168 1509 2192 morae
1530 2156 1567 2190 in
1591 2156 1692 2189 obse-

214 2205 293 2249 quio
318 2204 497 2249 Nostongi‚
522 2217 543 2238 a
568 2216 635 2250 quo
658 2205 805 2250 indignis
828 2205 934 2239 modis
958 2210 1187 2242 tractaretur,
1211 2204 1415 2239 auctoritate
1437 2201 1601 2248 superiori
1625 2201 1691 2234 du-

213 2250 264 2284 cis
289 2250 402 2294 magni
427 2262 447 2284 a
470 2251 633 2285 famulatu
656 2253 769 2296 magni
794 2251 1049 2285 hetaeriarchae
1073 2251 1141 2286 rite
1162 2250 1268 2285 fuisse
1290 2250 1490 2289 absolutum,
1508 2251 1689 2293 postquam

214 2307 256 2330 ea
280 2296 415 2329 reddita
438 2296 585 2342 epistola
609 2298 797 2342 promoveri
821 2309 864 2332 ea
887 2297 947 2332 via
970 2297 1141 2342 negotium
1164 2308 1231 2331 non
1254 2296 1360 2331 sensit
1382 2306 1498 2335 suum,
1533 2292 1608 2331 sive
1629 2291 1689 2326 5118

213 2342 450 2387 perfunctoria
483 2343 726 2378 commendatio
761 2343 901 2384 fuisset,
933 2343 1006 2378 sive
1039 2343 1194 2389 quamvis
1227 2345 1411 2382 accurata,
1445 2349 1563 2384 parum
1595 2337 1689 2383 apud

213 2389 426 2434 praefectum
450 2389 598 2422 canicleo
622 2391 773 2431 valeret,
799 2390 877 2423 vela
899 2390 1083 2423 secundum
1106 2399 1223 2423 auram
1245 2390 1382 2421 vertere
1403 2384 1546 2425 statuit,
1569 2395 1689 2417 recon-

213 2433 398 2478 ciliataque
422 2445 496 2467 cum
520 2434 698 2479 Nostongo
721 2436 835 2479 gratia
857 2435 1023 2469 societate
1046 2447 1121 2468 cum
1145 2446 1185 2468 eo
1206 2432 1352 2466 ineunda
1373 2430 1524 2473 consilii,
1557 2429 1602 2464 ad
1626 2440 1689 2474 pa-

213 2480 398 2514 triarcham
435 2485 470 2513 et
502 2480 577 2524 ipse
610 2481 783 2525 confugit,
817 2491 933 2525 parem
967 2491 1050 2525 prae
1075 2492 1114 2514 se
1141 2481 1256 2513 ferens
1279 2476 1489 2512 aversionem
1522 2487 1544 2510 a
1566 2486 1688 2519 magno
1750 2486 1757 2489 ‘

214 2527 313 2560 duce.
361 2525 411 2560 ibi
444 2530 589 2570 uterque
623 2527 781 2560 concordi
814 2531 939 2559 conatu
970 2526 1173 2560 studuerunt
1200 2525 1363 2558 infamare
1386 2522 1477 2567 apud
1500 2522 1687 2566 Augustum

213 2572 328 2617 magni
351 2570 448 2605 ducis
471 2575 568 2612 acta,
604 2572 752 2617 querelis
775 2576 894 2605 contra
917 2571 991 2604 eius
1014 2582 1151 2605 avaram
1181 2573 1395 2615 arrogantem
1420 2573 1456 2603 et
1477 2567 1687 2611 tyrannicam

215 2617 495 2663 gubernationem
517 2617 632 2652 liberis
655 2618 745 2662 apud
767 2616 997 2662 patriarcham
1024 2615 1243 2662 deponendis,
1270 2626 1354 2660 quas
1375 2615 1432 2649 ille
1457 2614 1616 2648 videlicet
1642 2612 1688 2647 ad

212 2665 453 2711 imperatorem
476 2663 640 2705 deferret,
665 2668 701 2697 et
723 2675 786 2708 pro
810 2674 851 2696 ea
874 2674 942 2707 qua
965 2662 1113 2707 pollebat
1136 2661 1226 2707 apud
1249 2661 1358 2706 ipsum
1380 2660 1511 2705 gratia,
1535 2658 1688 2693 creditas

213 2712 278 2746 sibi
308 2710 540 2756 probatasque
568 2709 791 2755 persuaderet
819 2708 928 2742 iustas
962 2719 1050 2742 esse.
1098 2708 1158 2742 sed
1193 2718 1354 2742 successu
1389 2719 1431 2741 ea
1464 2717 1522 2740 res
1554 2705 1686 2740 caruit=

214 2757 341 2791 auditis
374 2756 463 2790 enim
491 2756 678 2801 imperator
709 2767 731 2790 a
763 2754 959 2801 patriarcha
991 2765 1081 2799 quae
1111 2753 1310 2798 Nostongus
1342 2757 1378 2787 et
1409 2752 1482 2787 eius
1515 2752 1629 2786 scriba
1650 2750 1688 2785 in

213 2814 336 2847 magno
360 2803 445 2837 duce
468 2802 656 2848 culparent,
677 2802 763 2836 adeo
786 2806 853 2835 non
876 2806 931 2834 est
954 2811 1136 2845 persuasus
1162 2805 1201 2833 ut
1223 2799 1308 2834 iram
1331 2799 1445 2845 potius
1469 2809 1535 2832 non
1557 2796 1689 2831 medio-

215 2861 307 2884 crem
330 2849 367 2883 in
391 2854 607 2885 accusatores
630 2848 851 2889 ostenderet,
874 2847 936 2881 hos
958 2846 1115 2882 iudicans
1137 2846 1224 2882 falso
1248 2849 1284 2880 et
1306 2857 1413 2892 prava
1433 2844 1612 2880 voluntate
1632 2842 1687 2876 in·
