1858 3126
323 148 398 192 DE
431 144 759 190 ANDRONICO
786 141 1161 187 PALAEOLOGO
1198 142 1244 186 L.
1263 141 1359 185 VII.
1462 140 1558 186 605

110 263 276 319 μακρὰν
293 256 702 315 ὖπαναβιβασάμενοί
708 275 751 301 τε
769 258 836 300 καὶ
854 252 1183 313 προσαράξαντες
1202 254 1246 298 ἐκ
1261 258 1335 298 τοῦ
1347 250 1558 312 αἷφνηδὸν,
1581 261 1611 295 Β

108 331 159 375 τὸ
178 332 253 386 μέν
271 328 494 384 μηχάνημα
511 331 764 378 κατασπῶσι,
788 322 945 373 πάντας
963 325 1007 366 δὲ
1028 324 1126 374 τοὺς
1146 324 1228 366 ἐκεῖ·
1239 322 1560 379 μεταχειριζομέ-

109 416 208 450 νους
225 403 371 457 φθορᾷ
388 396 709 453 προσεπέλασαν.
779 394 847 436 καὶ
870 391 978 435 οὕτω
996 393 1071 445 μὲν
1097 390 1339 447 ἀπογνόντες
1354 395 1429 446 τῆς
1451 390 1561 433 ἄπα-

110 466 345 516 ναστάσεως
364 465 582 516 ἅπτονται,
612 463 686 506 οὐκ
715 461 875 517 ὀλίγους
892 460 1047 514 ἄνδρας
1065 459 1247 514 ἀρεΐκοὺς
1272 457 1560 512 ἀποβαλόντες.

78 535 299 578 ὅκάκεῖθεν
329 530 568 588 Παμφύλου
597 535 837 586 πειρῶνται,
883 528 1000 571 κάκεῖ
1023 528 1075 571 τὰ
1108 527 1230 581 ὅμοια
1250 526 1475 583 δράσαντες
1492 529 1560 569 καὶ

109 600 315 652 παθόντες
343 602 407 644 ἐπὶ
434 600 506 655 τὴν
540 601 722 642 Καλλίου
749 600 996 651 βαδίζουσιν.
1063 597 1360 649 Διδυμοτείχου
1382 598 1448 638 καὶ
1467 597 1558 639 λίαν

108 670 356 725 ἀπέσχοντο·
393 671 460 711 καὶ
492 668 569 724 γὰρ
600 666 622 710 ὁ
648 666 839 720 βασιλεὺς
869 663 1044 720 Μιχαὴλ
1071 664 1227 707 ἐκεῖθεν
1252 662 1460 722 ἐξώρμησε
1487 665 1556 707 καὶ

106 741 197 796 περὶ
215 738 290 791 τὴν
309 735 489 792 Μόρραν
507 736 691 793 διέτριβε.

243 807 323 852 20.
392 807 501 861 Πρὶν
533 804 578 846 δ’
614 802 764 853 αὐτοὺς
790 803 872 845 ἐκεῖ
904 804 1187 857 παραγγεῖλαι,
1229 797 1311 843 {nei
1342 800 1408 842 καὶ
1436 799 1482 841 αἱ
1508 798 1552 842 ἓιι
1575 811 1606 846 c

55 884 98 917 10
110 878 150 917 Γ
145 873 310 924 εννοῦας
338 878 430 927 νῆες
455 874 498 916 ἐκ
519 874 823 928 Τραπεζοῦντος
852 871 919 912 καὶ
951 873 1034 912 τῶν
1064 868 1150 911 ἅνω
1171 866 1305 911 τόπων
1326 865 1556 923 κατάρασαι

107 944 332 998 προσέσχον
361 946 411 998 τῇ
431 942 742 984 Κωνσταντι’νου
762 941 827 981 καὶ
847 938 926 993 ἤδη
949 937 1016 979 ἐπ’
1038 937 1151 980 οἴκου
1174 936 1339 990 ἔμελλον
1362 936 1554 979 ἀποπλεῖν

108 1011 236 1070 (οῦδὲ
261 1010 338 1067 γὰρ
371 1008 497 1052 ἐδόκει
529 1013 587 1066 τῷ
617 1012 782 1062 βασιλεῖ
804 1005 1094 1062 παρακατέχειν
1124 1010 1236 1061 σφᾶς
1264 1005 1369 1047 κατὰ
1388 1022 1554 1059 συμμα-

102 1081 220 1135 χίαν·
258 1077 397 1127 αὐτοῖς
428 1078 501 1131 μὲν
531 1076 609 1132 γὰρ
642 1076 716 1119 οὐκ
745 1072 795 1132 ἦν
821 1075 925 1117 κατὰ
947 1078 1020 1129 γῆν
1045 1078 1253 1127 πολεμεῖν,
1277 1071 1555 1128 Ἀμογάβαροι

107 1148 152 1190 δὲ
181 1147 376 1193 κατέθεον
409 1145 484 1200 τὴν
514 1143 771 1200 μεσόγειον),
806 1144 906 1193 τέως
931 1142 976 1185 δ’
1007 1141 1104 1197 ὅπερ
1130 1137 1181 1195 ἦν
1212 1141 1352 1191 αὐτοῖς
1380 1141 1555 1184 δυνατὸν

54 1220 95 1255 15
107 1217 174 1259 καὶ
194 1219 252 1273 τῷ
271 1218 436 1269 βασιλεῖ
444 1211 644 1268 χρήσιμον
661 1214 944 1268 κατεφαίνετο,
975 1211 1147 1263 βασιλέα
1168 1227 1210 1252 τε
1229 1210 1368 1265 ἠξίουν
1385 1208 1483 1264 ὅπερ
1506 1209 1558 1252 ἂν

105 1281 295 1337 βοῦλοιτο
325 1280 604 1338 προστάττειν.
674 1279 695 1323 ὁ
726 1282 770 1322 δὲ
799 1282 842 1322 ἐκ
867 1276 1051 1334 παρόδου
1069 1285 1283 1333 προσσχεῖν
1303 1282 1355 1336 τῇ
1372 1279 1555 1321 Καλλίου
1580 1284 1609 1318 Ρ
1630 1285 1698 1320 423

106 1352 353 1407 προσέταττε
371 1351 438 1391 καὶ
459 1356 600 1405 πεῖραν
616 1347 817 1404 προσάξαι
829 1381 841 1399 ,
878 1347 1050 1390 κάκεῖνοι
1070 1345 1295 1403 ὖφίσταντο
1306 1378 1319 1399 ,
1356 1344 1470 1401 παρά
1492 1363 1555 1389 τι-

106 1436 188 1463 νων
219 1415 508 1475 εὐαριθμήτων
541 1417 853 1474 φυλασσομένῃ,
889 1416 961 1458 καί
975 1432 1014 1458 τι
1034 1422 1236 1471 γενναῖον,
1274 1417 1309 1458 εἰ
1326 1416 1553 1470 δυνηθεῖεν,

196 1537 247 1571 16.
279 1540 356 1582 post
387 1535 627 1580 προστάττειν
654 1535 821 1582 posuerim
852 1546 940 1580 quae
969 1535 1054 1570 infra
1088 1546 1154 1570 non
1184 1547 1245 1569 suo
1279 1534 1354 1570 loco
1385 1536 1555 1580 leguntur,

191 1581 355 1618 κάκεῖνοι
376 1581 591 1628 ὑφίσταντο.
730 1584 783 1618 17.
806 1582 869 1616 καὶ
891 1585 969 1616 ante
992 1584 1123 1627 πεῖραν
1145 1581 1275 1618 deerat.

103 1687 308 1731 cunctosque
337 1684 373 1719 in
404 1697 446 1720 ea
474 1689 629 1731 repertos
659 1683 837 1724 obterunt,
869 1682 952 1717 alios
974 1694 1109 1727 quoque
1130 1682 1326 1724 universos,
1349 1682 1407 1727 qui
1429 1682 1554 1717 circum

101 1742 222 1774 magno
244 1730 391 1776 undique
412 1742 549 1766 numero
572 1730 793 1774 satagebant,
824 1728 901 1774 pari
935 1728 1030 1762 ruina
1053 1729 1272 1762 involventes.
1320 1729 1384 1761 isto
1408 1729 1554 1771 Amoga·

102 1776 178 1810 bari
200 1787 357 1810 successu
379 1777 524 1822 denique
546 1776 698 1822 persuasi
727 1774 816 1809 haud
846 1785 980 1808 suarum
1014 1786 1089 1808 esse
1119 1775 1239 1807 virium
1273 1773 1551 1817 expugnationem

102 1821 198 1855 urbis
218 1821 318 1864 talis,
341 1822 451 1856 soluta
480 1822 558 1856 inde
580 1821 755 1855 obsidione
777 1820 922 1862 abeunt,
954 1830 1018 1852 non
1043 1819 1158 1864 paucis
1174 1819 1257 1852 viris
1281 1818 1424 1852 fortibus
1447 1819 1552 1854 amis-

104 1867 161 1900 sis.
205 1866 285 1899 inde
306 1867 451 1911 profecti
472 1867 689 1912 pamphylum
713 1870 858 1899 tentant.
905 1864 965 1898 sed
987 1865 1043 1898 hic
1066 1876 1200 1909 quoque
1230 1867 1308 1908 post
1330 1869 1407 1896 acta
1430 1864 1550 1898 similia

102 1910 199 1956 paria
220 1911 339 1955 passi,
363 1912 550 1956 Callipolim
581 1913 648 1946 iter
678 1911 874 1950 intendunt,
905 1921 948 1943 ne
981 1910 1088 1954 prima
1110 1910 1242 1954 quidem
1263 1908 1365 1942 vicini
1388 1909 1550 1953 Didymo-

101 1956 184 1990 tichi
205 1956 642 2000 oppugnandi-cogitatione
665 1956 825 1989 admissa:
855 1955 948 1988 illinc
979 1955 1063 1988 enim
1095 1955 1247 1999 erupisse
1270 1965 1343 1987 cum
1366 1965 1464 1989 manu
1487 1966 1550 1989 va-

101 2002 171 2035 lida
193 2001 236 2035 ad
261 2013 339 2042 eos,
360 2002 388 2035 si
411 2013 451 2035 eo
473 2002 566 2034 viam
588 2006 806 2041 attentarent,
829 2000 1023 2045 priusquam
1047 2000 1225 2033 admovere
1246 2010 1284 2032 se
1298 2004 1447 2044 possent,
1470 2012 1550 2035 cae·

101 2047 229 2081 dendos
261 2046 460 2080 Michaelem
489 2048 676 2090 Augustum
707 2048 927 2090 acceperant,
955 2045 1020 2078 hac
1050 2044 1125 2089 ipsa
1159 2044 1395 2090 expectatione
1424 2045 1548 2081 circum

99 2092 272 2127 Morrham
291 2092 528 2126 considentem.

190 2139 247 2172 20.
294 2137 491 2182 Priusquam
526 2139 637 2170 autem
666 2134 868 2179 Amogabari
900 2134 1088 2179 Callipolim
1110 2134 1352 2177 revertissent,
1387 2137 1550 2182 appulere

101 2183 424 2228 Constantinopolim
448 2182 588 2216 reduces
612 2193 632 2215 e
657 2182 875 2226 Trapezunte
896 2191 938 2213 ac
959 2179 1042 2213 locis
1069 2179 1298 2224 superioribus
1320 2183 1549 2216 Genuensimn

99 2240 225 2270 naves,
253 2240 337 2274 quas
361 2240 401 2263 eo
424 2229 594 2273 profectas
617 2226 772 2260 diximus.
818 2226 884 2259 hae
906 2236 980 2258 cum
1003 2225 1068 2258 iam
1092 2231 1206 2259 essent
1226 2226 1260 2260 in
1283 2228 1458 2272 procinctu
1481 2228 1550 2262 sol-

100 2274 203 2308 vendi
225 2275 353 2308 domum
378 2284 513 2314 versus,
535 2272 690 2318 quoniam
713 2272 896 2316 imperator
918 2270 1154 2310 terrestribus,
1178 2283 1242 2305 nou
1258 2273 1433 2308 maritimis
1447 2285 1549 2318 egens

100 2319 255 2363 auxiliis,
286 2319 404 2364 utique
426 2319 590 2353 adversus
613 2318 839 2361 Amogabaros
863 2315 1107 2350 mediterranea
1129 2321 1305 2351 vastantes
1326 2320 1549 2360 (Genuenses

100 2369 211 2398 autem
234 2366 440 2399 exscendere
464 2377 504 2398 ac
526 2363 648 2397 bellum
682 2368 775 2396 terra
797 2373 918 2406 gerere
940 2371 978 2395 se
1002 2362 1170 2405 negabant
1194 2363 1344 2407 posse),
1377 2376 1435 2399 eas
1458 2364 1550 2399 deti-

99 2421 182 2444 nere
203 2410 247 2444 ad
270 2410 335 2445 sibi
359 2410 567 2444 militandum
589 2420 656 2442 non
679 2407 778 2442 duxit
810 2418 936 2451 operae
965 2409 1129 2452 pretium,
1161 2407 1263 2442 duces
1295 2421 1408 2444 earum
1430 2414 1549 2455 Augu-

100 2459 188 2490 stum
220 2456 255 2489 in
287 2456 443 2500 digressu
475 2455 683 2496 salutantes,
715 2454 745 2487 ei
769 2464 806 2486 se
829 2452 980 2486 officiose
1002 2463 1094 2497 prom
1120 2457 1174 2487 tos
1203 2454 1396 2490 obtuleruut
1420 2456 1463 2490 ad
1486 2467 1549 2490 na·

99 2501 267 2542 vandam,
301 2501 333 2535 si
362 2513 460 2546 quam
494 2501 648 2541 iuberet,
679 2499 855 2533 militarem
888 2509 1036 2542 operam.
1080 2498 1136 2532 ile
1157 2500 1306 2534 ostendit
1325 2507 1458 2545 gratum
1482 2500 1546 2535 sibi

98 2545 266 2589 facturos,
298 2546 327 2580 si
359 2547 552 2591 priusquam
585 2545 663 2579 vela
694 2546 847 2578 facerent
874 2543 908 2576 in
934 2542 1088 2584 Italiam,
1122 2543 1231 2578 obiter
1261 2545 1480 2580 admoverent
1509 2557 1548 2580 sc

100 2590 274 2636 Callipoli‚
307 2595 343 2625 et
371 2603 459 2635 quae
482 2591 550 2625 illic
571 2602 610 2624 se
632 2591 773 2624 ofl'erret
796 2589 844 2622 rei
867 2589 952 2622 bene
974 2588 1141 2632 gerendae
1168 2590 1317 2634 occasio,
1348 2595 1543 2636 captarent:

100 2634 166 2667 sibi
187 2637 272 2670 enim
295 2636 444 2670 nuntiari
462 2647 589 2682 paucos
611 2636 661 2670 ibi
683 2634 923 2680 praesidiarios
946 2634 1103 2676 relictos,
1127 2639 1164 2668 et
1184 2636 1330 2670 fortasse
1343 2648 1408 2670 non
1422 2647 1543 2680 magno

100 2684 222 2713 conatu
252 2682 328 2726 capi
357 2693 467 2715 arcem
498 2682 588 2716 illam
620 2692 732 2726 posse-
777 2680 808 2714 si
842 2678 924 2725 quid
957 2679 1027 2713 tale
1055 2681 1263 2724 reperiretur
1285 2686 1322 2716 ot
1343 2682 1426 2726 ipsis
1448 2681 1545 2715 brevi

100 2728 251 2768 tempore
279 2726 410 2760 facinus
444 2727 547 2761 edere
579 2726 712 2772 aliquod
736 2724 949 2759 memorabile
967 2724 1194 2770 contingeret,
1226 2730 1295 2760 tum
1318 2738 1400 2760 sane
1422 2737 1544 2769 magna

99 2770 190 2815 apud
219 2781 258 2805 se
284 2771 422 2816 gratia,
454 2771 531 2817 pari
562 2771 629 2807 sibi
656 2770 741 2818 ipsis
771 2770 903 2816 gloria,
934 2770 1078 2816 exiguae
1106 2782 1220 2808 morae
1240 2772 1341 2807 facile
1359 2771 1543 2818 reparabili
