1858 3126
351 135 427 178 DE
459 133 791 178 ANDRONICO
826 132 1201 178 PALAEOLOGO
1236 134 1284 178 L.
1319 134 1397 179 IV.
1501 135 1601 181 3⁶27

133 243 340 293 κλαόντων
360 246 496 305 ὥσπερ
515 246 595 290 ἀπὸ
617 243 837 303 θαλάσσης
854 248 910 297 εἷς
929 243 1152 291 θάλασσαν
1169 247 1242 303 τὴν
1261 246 1467 304 ἀνατολὴν
1487 247 1597 292 ἅπα-

134 334 227 364 σαν.
271 318 339 360 καὶ
357 316 538 371 ἀλλαχοῦ
557 316 632 370 μέν
653 315 769 360 ἄλλοι
789 316 969 358 κίνδυνοι
990 322 1076 366 τοῖς
1094 314 1370 374 ταλαιπώροις
1383 315 1597 373 Ῥωμαίοις

132 382 495 443 περιειστήκεισαν,
524 383 576 428 τὰ
595 385 640 428 δὲ
654 384 758 427 κατὰ
777 386 1041 428 Μεσοθινίαν
1061 389 1199 428 πᾶσαν
1220 387 1287 428 καὶ
1307 385 1596 443 ἀπανέστησαν

133 453 360 511 σφαλέντος
388 453 440 498 τὰ
464 450 621 510 μεγάλα
649 457 724 496 τοῦ
752 454 808 504 εἷς
837 450 1014 510 ἡγεμόνα
1041 451 1198 497 τούτων
1221 454 1448 510 ταχθέντος
1466 458 1597 500 Μου-

98 533 120 569 5
134 521 322 576 ζάλωνος.

271 591 351 636 25.
418 588 568 646 Μηνὸς
587 589 665 646 γὰρ
682 587 1030 645 Ἀνθεστηριῶνος
1052 589 1215 647 εἰκοστῇ
1236 591 1302 633 καὶ
1325 588 1482 649 ἕβδόμῃ
1504 594 1598 649 περί
1618 603 1650 638 D
1670 638 1683 643 ,

133 675 214 702 που
243 659 316 703 τὸν
344 658 493 715 Βαφέα
528 659 687 715 (χῶρος
710 656 754 700 δ’
777 652 899 707 οὗτος
918 659 1009 714 περὶ
1033 658 1108 713 τὴν
1131 659 1384 715 θαυμαστὴν
1408 659 1597 717 Νικομή-

76 745 84 757 ·
133 727 271 786 δειαν)
303 726 454 782 Ἀτμὰν
488 724 651 782 συνάμα
678 732 763 776 τοῖς
793 725 902 783 ἀμφ’
941 725 1068 769 αὐτὸν
1099 728 1155 777 εἷς
1181 725 1374 782 χιλιάδας
1404 730 1597 780 πλείστας

132 795 401 851 ποσουμένοις
430 795 595 845 ἐπιστὰς
627 794 803 852 αἴφνης,
837 799 996 849 μᾶλλον
1028 795 1104 850 μὲν
1127 790 1200 839 οἷν
1230 821 1289 828 —-
1319 796 1414 839 ἀλλ’
1442 796 1597 854 ἀναλη-

76 865 252 910 1οπτέον
271 865 343 908 τὸν
362 861 482 921 λόγον
504 863 700 921 ἀρχῆθεν.
750 861 870 918 Ἆλῆς
888 863 966 920 γὰρ
982 861 1199 921 Ἀμούριος
1219 865 1295 908 σὺν
1315 864 1482 926 ἀδελφῷ
1502 869 1597 910 Να-

129 934 311 993 στρατίῳ
331 937 389 992 τῷ
410 933 523 990 παρὰ
538 932 752 986 Ῥωμαίοις
772 934 833 975 ἐπὶ
849 930 1015 990 χρόνοις
1042 931 1316 990 ὁμηρεύσαντι
1327 967 1341 987 ,
1378 935 1476 985 τούς
1506 937 1596 993 περὶ
1620 946 1648 980 Ρ
1672 948 1738 982 226

128 1001 205 1057 τὴν
234 998 494 1057 Καστᾶμονα
526 1002 695 1059 Πέρσας
725 998 1162 1058 προσεταιρισάμενος,
1204 1001 1432 1057 Ῥωμαίους
1461 1009 1595 1055 κακῶς

127 1070 263 1114 ἐποίει.
331 1071 400 1113 καὶ
433 1069 533 1121 τέως
565 1071 660 1127 περί
685 1087 763 1113 που
794 1069 867 1113 τὸν
895 1067 1061 1113 Πόντον
1092 1072 1159 1113 καὶ
1198 1072 1397 1128 ἐνδοτέρω
1405 1105 1419 1124 ,
1467 1073 1594 1129 πέραν

128 1136 394 1196 Σαγγάρεως,
431 1139 482 1182 τὰ
516 1143 590 1195 τῆς
623 1138 874 1196 ἇλαστορίας
903 1136 1221 1194 ἐπιδεικνύμενος
1251 1144 1303 1197 τῇ
1333 1139 1440 1184 καθ’
1463 1139 1591 1184 αὖτόν

75 1215 116 1251 15
128 1206 332 1268 ἀσφαλείᾳ
353 1207 536 1263 ἀπείχετο
561 1211 643 1251 τῶν
665 1208 841 1261 ἕπίταδε,
865 1205 1043 1264 ὠγκιόθη
1062 1209 1107 1250 δὲ
1126 1208 1178 1251 τὰ
1204 1212 1374 1252 πλεῖστα
1392 1209 1436 1252 ἐκ
1455 1210 1593 1254 πλείο-

127 1293 198 1326 νος
221 1277 287 1320 καὶ
313 1280 396 1320 τῶν
422 1274 627 1334 ἡμετέρων
656 1273 1072 1334 καθυπερηφανεύετο
1097 1277 1138 1328 ἐξ
1162 1275 1259 1320 ὅτου
1282 1277 1353 1320 τὸν
1380 1282 1455 1321 τοῦ
1472 1277 1590 1331 Ἀζα-

126 1345 216 1400 τίνη
241 1344 421 1388 σουλτὰν
446 1345 535 1389 υἱὸν
564 1345 635 1388 τὸν
668 1345 817 1400 Μελὴκ
846 1344 1031 1402 Μασοῦρ
1063 1343 1272 1389 ἀπεκτόνει
1300 1350 1586 1403 προπολεμῶν,

128 1411 173 1463 ὃς
201 1412 253 1468 δὴ
284 1417 344 1472 τῷ
374 1415 500 1470 πατρὶ
529 1413 830 1470 συμπροφέρων
856 1412 925 1470 ἐφ’
960 1413 1099 1457 ἱκανὸν
1127 1413 1202 1470 τὴν
1229 1412 1387 1470 πλάνην
1404 1414 1511 1459 κατὰ
1534 1415 1587 1459 τὰ
1610 1425 1638 1459 Β

125 1479 296 1537 βόρεια,
331 1482 373 1532 ἐξ
396 1479 570 1538 ὅτουπερ
590 1484 737 1532 ἐκεῖνος
756 1482 943 1525 Λῖνοθεν
962 1480 1181 1535 ἀπελύετο,
1218 1483 1363 1534 καθὼς
1383 1486 1449 1526 καὶ
1472 1482 1590 1541 φθά-

70 1556 274 1600 2οσαντες
294 1549 456 1604 εἴπομεν
464 1584 478 1603 ,
515 1552 558 1601 ἐξ
577 1547 808 1607 ἀνθρώπων
830 1550 979 1593 ἐκείνου
1000 1553 1096 1608 τῇδε
1119 1549 1330 1608 γεγονότος
1350 1557 1590 1609 περαιοῦται

125 1618 197 1661 τὸν
215 1617 406 1670 Εὔξεινον
415 1651 430 1672 ,
465 1621 531 1661 καὶ
556 1620 747 1677 Θυμαίνῃ
775 1616 1015 1676 προσσχών,
1050 1618 1265 1677 μακρόθεν
1287 1621 1359 1664 τὸν
1386 1619 1587 1679 Τοχάρων

125 1683 283 1740 Κᾶνιν,
320 1685 375 1737 ὥς
410 1687 528 1731 αὐτοὶ
562 1694 707 1744 φαῖεν,
738 1685 936 1745 Ἀργάνην
966 1686 1114 1746 δώροις
1143 1687 1489 1744 ὑποποιούμενος,
1522 1692 1587 1732 ἐν-

125 1862 283 1898 barbaris
303 1863 380 1898 istis
403 1866 526 1898 cuncta
545 1863 618 1898 late
638 1863 888 1906 inundantibus,
913 1867 949 1899 et
967 1864 1143 1899 Orientem
1165 1864 1231 1899 iam
1255 1867 1362 1898 totum
1387 1875 1408 1898 a
1430 1864 1518 1899 mari
1540 1865 1588 1898 ad

126 1918 219 1942 mare
240 1919 309 1944 una
330 1910 456 1944 circum
477 1909 637 1954 indagine
661 1911 935 1955 comprehensum
969 1910 1174 1944 tenentibus.
1219 1910 1281 1944 sed
1304 1914 1341 1944 et
1363 1910 1430 1944 alia
1452 1910 1585 1944 aliunde

126 1953 277 1999 pericula
314 1954 446 1988 miseris
485 1955 647 1989 Romanis
678 1956 906 1990 imminebant.
953 1959 990 1989 et
1019 1956 1226 1990 Mesothinia
1257 1955 1394 2001 quidem
1426 1957 1585 1991 universa

126 1998 268 2044 periisse
290 1999 443 2033 funditus
466 2000 704 2044 nuntiabatur,
727 2002 907 2036 Muzalone
929 2001 990 2047 qui
1013 2001 1045 2035 ei
1067 2002 1263 2046 praefectus
1286 2002 1420 2045 fuerat,
1449 2002 1582 2047 gravis-

125 2044 210 2079 sima
230 2043 414 2079 offensione
433 2045 514 2078 belli
535 2050 719 2089 prostrato.
1049 2078 1056 2082 .

216 2090 273 2125 25.
318 2089 450 2124 Mensis
471 2089 636 2135 siquidem
658 2091 735 2125 Iulii
756 2091 812 2125 die
834 2091 997 2125 vicesima
1018 2091 1163 2135 septima
1186 2091 1278 2126 circa
1301 2091 1474 2136 Bapheum
1505 2094 1582 2136 (lo-

126 2145 186 2170 cus
208 2135 266 2170 hic
287 2147 395 2182 prope
414 2135 574 2179 inclytam
596 2136 855 2181 Nicomediam)
886 2138 1007 2171 Atman
1040 2148 1114 2170 cum
1146 2137 1215 2171 suis
1238 2138 1415 2172 multorum
1442 2138 1579 2173 millium

125 2192 297 2216 numerum
320 2181 534 2226 explentibus
552 2181 737 2227 improviso
760 2193 928 2227 apparens
951 2186 988 2216 et
1010 2182 1123 2216 subito
1146 2182 1278 2218 irruens
1301 2203 1366 2219 -.
1417 2184 1477 2218 sed
1508 2197 1581 2219 me-

123 2226 190 2261 lius
222 2227 329 2262 fuerit
358 2239 430 2262 rem
460 2226 632 2273 aliquanto
659 2228 839 2273 repetitam
861 2227 962 2262 altius
985 2239 1007 2262 a
1033 2227 1105 2262 suis
1126 2233 1218 2263 retro
1243 2230 1368 2263 ducere
1390 2229 1579 2276 principiis.

123 2272 232 2307 Hales
255 2273 412 2308 Amurius
433 2284 508 2307 cum
531 2274 638 2308 fratre
651 2273 852 2315 Nasu-atio,
874 2273 932 2319 qui
956 2273 1015 2307 diu
1038 2273 1128 2318 apud
1143 2274 1312 2309 Romanos
1333 2276 1432 2310 obses
1454 2277 1580 2319 suerat,

91 2348 96 2351 .
123 2317 239 2354 Persis
270 2319 328 2366 qui
350 2319 544 2354 Castamoni
569 2319 737 2364 parebant
758 2319 793 2353 in
814 2330 910 2353 suam
943 2318 1140 2354 societatem
1160 2321 1279 2355 tractis
1300 2322 1469 2356 Romanos
1490 2322 1579 2356 infe-

124 2364 248 2411 stabat.
294 2365 356 2400 sed
379 2364 523 2411 quodam
545 2367 697 2411 tempore
718 2365 922 2400 moderatius
945 2376 1047 2411 quam
1093 2369 1210 2400 osten:
1234 2366 1319 2401 satis
1341 2368 1427 2402 enim
1450 2368 1579 2402 habens

123 2409 219 2444 initio
242 2410 436 2456 regionibus
464 2410 556 2445 circa
578 2411 722 2446 Pontum
745 2419 782 2445 et
802 2411 1018 2445 interioribus
1050 2421 1072 2444 u
1086 2414 1140 2445 tra
1162 2412 1338 2457 Sangarim
1361 2413 1578 2448 licentissime

122 2454 306 2499 insultare,
328 2456 488 2492 ferociam
510 2456 579 2491 illic
602 2457 809 2492 securissime
830 2460 1005 2491 ostentans
1026 2466 1142 2499 suam,
1164 2458 1356 2494 abstinebat
1376 2459 1466 2493 omni
1489 2460 1576 2493 cite-

124 2499 216 2535 riore
239 2513 358 2537 versus
389 2502 508 2538 urbem
537 2506 663 2538 tractu.
709 2504 848 2539 inflatus
870 2505 983 2537 tamen
1006 2502 1128 2536 deinde
1150 2507 1204 2538 est
1223 2504 1441 2539 insolentiore
1470 2505 1578 2539 confi-

125 2544 251 2588 dentia,
273 2559 397 2594 resque
417 2551 551 2583 nostras
577 2549 850 2594 arrogantissime
871 2548 1038 2595 despexit,
1061 2559 1104 2582 ex
1125 2560 1192 2595 quo
1211 2550 1324 2585 Melec
1345 2551 1466 2585 Masur
1487 2552 1578 2584 Asa-

124 2589 188 2624 tini
210 2592 362 2628 Sultanis
382 2594 487 2629 filium
509 2594 598 2629 bello
620 2595 747 2630 victum
769 2595 952 2629 interfecit.
998 2593 1029 2628 is
1052 2594 1164 2629 Melec
1179 2596 1271 2642 patri
1287 2596 1344 2630 diu
1360 2597 1470 2630 socius
1485 2595 1578 2640 longi

125 2646 189 2680 per
215 2638 368 2674 boreales
393 2644 524 2674 tractus
555 2640 700 2684 erroris,
734 2645 913 2687 postquam
934 2640 992 2674 ille
1014 2650 1057 2673 ex
1079 2642 1176 2676 Aeno
1206 2653 1287 2676 arce
1316 2642 1403 2676 liber
1435 2641 1577 2675 emissus

128 2684 200 2724 est,
230 2688 332 2728 prout
353 2685 507 2732 superius
529 2686 740 2722 narravimus
753 2713 764 2729 ,
789 2698 828 2721 eo
852 2685 998 2731 denique
1020 2690 1152 2722 mortuo
1173 2687 1303 2722 traiicit
1325 2687 1516 2728 Euxinum,
1540 2690 1577 2720 et

126 2725 356 2770 Thymeenam
376 2731 549 2777 appulsus,
571 2732 650 2767 inde
672 2732 790 2778 procul
812 2733 1044 2767 Tocharorum
1066 2732 1232 2779 principe,
1254 2745 1353 2779 quem
1374 2732 1441 2778 ipsi
1464 2732 1576 2766 Kanin

127 2777 252 2809 vocant
279 2775 380 2821 (huie
410 2782 492 2813 tunc
521 2777 694 2825 proprium
716 2779 782 2814 fuit
803 2779 957 2824 Arganes
986 2779 1154 2825 nomen),
1189 2779 1284 2815 donis
1319 2778 1457 2814 delinito
1478 2788 1519 2813 ac
1541 2777 1577 2812 in
