1858 3126
138 1759 167 1794 P
191 1757 258 1794 511

271 162 371 210 720
671 158 982 204 OBSERVAT.
1010 159 1322 206 PACH-YMER.

384 283 447 321 σφ
461 269 546 311 ενδ
559 264 674 310 <ivai
703 283 742 322 p.
765 271 819 311 66
839 283 879 309 v.
896 273 938 312 7.
994 269 1183 310 videntur
1211 270 1277 310 hic
1298 271 1375 310 dici
1397 271 1616 325 σφενδόναι
1633 272 1731 312 laei-

270 329 358 368 niae
386 325 602 380 pendentes
624 339 645 364 e
673 326 876 378 pontificio
894 326 1025 377 galero
1045 328 1228 366 funiculis
1250 328 1390 367 Sericis
1409 329 1451 368 in
1473 329 1618 369 fundae
1641 343 1731 369 mo-

273 385 367 424 dum
388 383 584 436 perplexis
603 383 708 422 inter
723 395 824 432 sese,
855 396 965 422 more
982 384 1100 422 etiam
1120 383 1238 423 hodie
1257 385 1574 428 Latinisusitato.

386 454 447 492 σφ
459 456 480 494 ρ
491 440 600 493 αγίς
622 454 660 492 p·
682 440 737 482 42
753 453 791 482 V.
813 443 876 482 16.
910 452 978 491 ego
995 439 1061 478 hic
1078 443 1277 495 σφραγῖδα
1294 441 1601 480 benedictionem
1616 442 1732 482 verti.

270 498 446 537 intellexi
465 497 569 535 enim
587 497 740 549 signum
759 497 886 535 crucis
905 510 1024 535 manu
1044 511 1270 550 expressum
1288 513 1310 536 a
1330 498 1553 551 patriarcha
1572 498 1734 550 losepho

272 569 390 608 super
406 555 539 598 istum,
573 554 622 601 de
642 567 720 604 quo
741 553 806 591 hic
823 554 963 604 agitur,
994 554 1224 605 Georgium,
1253 569 1332 593 una
1350 556 1607 608 pronuntiata
1627 560 1735 593 certa

272 613 487 650 verborum
509 611 702 659 formula,
733 623 810 659 qua
841 610 874 648 is
906 610 1052 648 electus
1078 612 1128 649 ad
1157 612 1330 650 osticium
1362 612 1477 663 primi
1505 611 1735 650 ecclesiastis

270 669 467 708 Palatinae
487 668 684 706 concionis
719 666 818 714 (hoc
844 667 947 705 enim
968 674 1083 706 sonat
1108 664 1552 721 πρωτοαποστολᾶριος)
1580 670 1656 707 rite
1683 667 1735 706 ad

271 725 515 776 fungendum
539 724 581 762 id
601 724 859 761 ministerium
882 724 1022 762 missus
1043 725 1190 766 suisset.
1249 726 1341 776 quia
1362 738 1457 764 vcro
1476 726 1595 764 talem
1612 725 1736 763 bene-

273 782 486 821 dictionem
504 780 673 831 episcopi
697 794 775 817 non
803 781 1040 831 impendunt
1066 782 1139 819 nisi
1164 782 1237 819 sibi
1258 782 1454 835 probatis,
1486 788 1526 820 et
1553 782 1601 820 de
1631 795 1735 832 quo-

271 853 361 878 rum
382 845 489 876 recta
511 837 602 886 fide,
633 837 841 875 sufficienti
860 837 1094 886 eruditione,
1124 839 1256 890 probis
1277 839 1451 877 moribus
1471 839 1568 877 certi
1591 839 1734 887 forent,

271 896 365 934 hinc
381 895 541 932 rebatur
557 893 808 932 Andronicus
831 891 941 932 hunc
961 894 1168 946 Georgium
1196 902 1353 946 gratum
1377 901 1416 933 et
1439 895 1735 934 commendam-⁹

270 953 347 991 lem
365 951 494 990 visum
515 950 563 988 iri
587 950 737 1001 losephi
755 951 941 998 sectariis,
964 964 1079 1001 quem
1099 952 1233 1002 utique
1253 951 1449 1004 losephuS,
1477 952 1547 1004 ipsi
1566 952 1618 990 ad
1637 965 1736 990 con·-

271 1009 425 1046 cionem
450 1008 607 1047 dicturo
635 1008 733 1044 bene
763 1008 983 1059 precando,
1013 1008 1161 1046 bonum
1186 1009 1349 1047 doctum
1372 1008 1639 1047 orthodoxum
1662 1008 1736 1046 de-

273 1066 470 1103 clarasset.
525 1064 590 1102 hic
611 1064 737 1102 obiter
759 1064 1090 1115 praemuniendus
1109 1065 1235 1103 lector
1253 1072 1330 1114 est,
1361 1078 1410 1103 ne
1431 1065 1648 1116 decipiatur
1673 1065 1736 1103 le-

272 1135 365 1173 gens
393 1121 500 1174 apud
520 1121 734 1159 Meursium
756 1121 1003 1159 vocationem
1027 1121 1079 1159 ad
1108 1121 1422 1174 patriarchatum
1450 1123 1650 1175 σφραγῖδα
1672 1121 1735 1159 di-

273 1185 390 1220 ctam.
451 1192 570 1229 quam
593 1183 633 1215 et
654 1177 851 1229 duplicem
868 1178 1088 1227 ariolantur,
1113 1176 1260 1231 μικροὶν
1277 1178 1346 1219 καὶ
1371 1175 1545 1231 μεγάλην
1571 1189 1736 1229 parvam

273 1242 314 1274 et
331 1249 522 1287 magnam,
552 1234 663 1286 quasi
683 1235 794 1285 prior
812 1233 1040 1287 designatio
1059 1235 1122 1283 sit,
1152 1235 1347 1286 posterior
1363 1236 1630 1287 confirmatio.
1662 1236 1737 1286 λῆ-

272 1308 343 1346 ρος
368 1289 507 1340 πολύς.
566 1305 638 1330 nec
661 1291 876 1339 coffinum,
907 1304 1024 1341 quem
1043 1292 1180 1330 asserti
1203 1291 1373 1330 fundum
1393 1291 1553 1340 laudat,
1580 1290 1738 1329 intelle-

271 1350 346 1388 xit.
403 1350 435 1388 is
457 1348 559 1387 enim
581 1348 680 1386 nihil
706 1348 793 1387 vult
812 1348 920 1386 aliud
937 1349 1010 1386 nisi
1035 1349 1258 1400 episcopos,
1287 1348 1355 1399 qui
1374 1348 1562 1386 ordinant
1580 1353 1620 1386 et
1638 1360 1738 1386 con-

271 1412 428 1444 secrant
447 1405 728 1458 patriarcham,
758 1404 869 1443 illum
889 1405 932 1442 in
954 1418 995 1442 ea
1018 1405 1221 1444 functione
1239 1405 1299 1443 bis
1319 1417 1434 1444 cruce
1451 1405 1614 1456 signare,
1635 1417 1738 1455 qua-

270 1476 363 1501 rum
399 1462 719 1501 benedictionum
753 1462 861 1513 prior
886 1476 1044 1512 parva,
1082 1463 1278 1514 posterior
1308 1476 1461 1513 magna
1490 1460 1740 1500 consueverit

271 1519 418 1559 vocari.
475 1519 708 1556 dicebantur
729 1518 885 1555 caedem
909 1519 1199 1558 benedictiones
1219 1514 1453 1571 μηνύματα,
1482 1523 1528 1557 ut
1550 1517 1738 1556 observa-

272 1575 334 1614 vit
355 1574 460 1612 idem
482 1574 673 1612 Mem-sius
695 1575 818 1613 verbo
835 1571 1018 1627 μήνυματ
1047 1589 1139 1613 nam
1156 1570 1321 1626 μήνυμα
1337 1577 1502 1626 signum
1520 1578 1579 1611 est
1597 1578 1636 1611 et
1653 1569 1738 1613 κατ’

273 1628 418 1684 ἕξοχήν
437 1632 606 1682 signum
622 1632 756 1667 cruci-s·
779 1644 899 1668 manu
915 1631 1183 1669 benedicendo
1207 1631 1430 1669 formatum.
1487 1625 1652 1682 μήνυμα
1674 1630 1736 1666 εἰ·
1778 1626 1784 1631 ’
1836 1675 1846 1682 ι

271 1702 402 1740 gnum
422 1688 590 1735 dicitur,
619 1700 702 1724 non
721 1693 872 1735 autem,
901 1693 948 1725 ut
965 1688 997 1725 is
1012 1687 1067 1725 ibi
1085 1686 1266 1735 somniat,
1294 1687 1463 1726 vocatio.

395 1742 455 1785 τὰ
484 1742 828 1795 τετελεσμένα
858 1757 898 1794 p.
918 1747 974 1786 77
994 1757 1033 1782 v.
1058 1746 1124 1786 13.
1183 1743 1281 1794 quid
1309 1743 1362 1780 sit
1387 1742 1451 1780 hic
1471 1736 1738 1792 ἐπαληθεύειν

282 1805 367 1850 τοῖς
394 1799 703 1853 τετελεσμένοις,
734 1799 975 1838 comminisci
996 1801 1166 1838 multum
1186 1800 1362 1849 cogitans
1385 1798 1493 1837 aliud
1518 1811 1598 1835 non
1621 1797 1737 1849 potui

279 1872 397 1911 quam
426 1857 535 1910 quod
561 1856 860 1908 interpretando
890 1856 1086 1908 expressi,
1111 1856 1317 1906 contigisse
1339 1862 1437 1893 tunc
1458 1853 1645 1893 nimirum
1661 1852 1738 1890 ali-

279 1915 376 1968 quid
402 1928 481 1966 quo
501 1928 608 1953 sacra
628 1913 804 1965 symbola
826 1913 1041 1951 consecrati
1062 1919 1101 1951 et
1119 1912 1250 1951 verbis
1272 1910 1618 1950 sacramentalibus
1638 1921 1738 1948 mu·-

278 1972 352 2011 tati
372 1971 414 2009 in
437 1971 580 2009 Christi
599 1983 743 2023 corpus
766 1970 881 2022 panis
905 1970 979 2008 alia
1002 1970 1115 2008 etiam
1137 1969 1299 2008 notione
1323 1982 1437 2021 quam
1458 1968 1526 2006 illa
1550 1966 1593 2005 in
1611 1965 1740 2004 eccle·-

280 2029 350 2066 siis
378 2028 523 2066 usitata
550 2034 656 2066 recte
684 2027 819 2065 vocari
850 2023 898 2066 τοὶ
929 2025 1174 2079 τετελεσμένα
1198 2026 1427 2078 potuerint,
1456 2035 1596 2075 nempe
1629 2020 1739 2074 quod

277 2084 391 2122 finita
413 2091 451 2123 et
470 2084 703 2122 alteratione
731 2083 991 2122 accidentium
1013 2097 1063 2121 ex
1084 2083 1214 2136 specie
1232 2082 1275 2120 in
1295 2095 1438 2121 novam
1458 2081 1625 2130 formam
1643 2091 1739 2116 cor·

278 2146 397 2192 rupta
427 2140 587 2178 fuerint.
645 2137 687 2181 τὸ
715 2144 839 2180 τελεῖν
864 2139 1048 2179 videlicet
1074 2153 1155 2178 non
1182 2139 1309 2178 solum
1333 2152 1383 2176 ex
1403 2150 1481 2176 usu
1508 2141 1620 2175 sonat
1637 2147 1737 2186 pen-

278 2211 395 2248 agere
408 2197 595 2249 perficere
610 2197 861 2248 sacrificare,
891 2196 960 2235 sed
984 2196 1102 2235 etiam
1125 2209 1176 2234 ex
1193 2195 1344 2247 origine
1356 2195 1484 2246 finire
1501 2203 1736 2230 consumere.

278 2254 384 2291 unde
404 2254 602 2305 passivum
621 2250 669 2292 τεὶ
686 2251 956 2304 τετελεσμένα,
987 2266 1086 2304 quae
1107 2252 1219 2291 velut
1237 2251 1398 2304 propria
1414 2247 1628 2302 appellatio
1644 2258 1737 2297 spe-

278 2309 412 2346 ciebus
442 2309 708 2348 eucharisticis
738 2324 759 2348 e
793 2309 984 2348 sacrificio
1014 2309 1178 2348 servatis
1198 2321 1306 2347 more
1329 2307 1568 2344 Graecorum
1586 2301 1738 2340 tribue-

278 2365 418 2414 batur,
449 2366 526 2403 alio
559 2379 679 2403 sensu
707 2371 791 2404 tum
821 2365 1035 2407 convenire
1064 2364 1122 2402 sic
1149 2363 1383 2417 putrefactis
1411 2368 1449 2400 et
1464 2363 1507 2398 in
1522 2359 1736 2397 informem

280 2421 452 2474 speciem
480 2421 769 2470 transfiguratis
790 2421 979 2473 symbolis
999 2420 1144 2459 Christi
1164 2419 1340 2471 corporis
1364 2416 1512 2469 potuit,
1543 2420 1736 2466 quatenus

279 2477 468 2520 nimirum
498 2491 547 2514 ex
573 2477 730 2524 nativa,
763 2483 810 2514 ut
842 2477 952 2526 dixi,
981 2476 1263 2528 significatione
1279 2473 1421 2514 radicis
1443 2471 1550 2510 unde
1568 2470 1737 2510 verbum

279 2533 390 2572 istud
420 2533 611 2584 germinat
628 2563 639 2582 ,
668 2539 781 2570 sonat
808 2539 1010 2584 praeterea
1039 2539 1278 2583 consumpta
1301 2535 1516 2580 corrupta,
1545 2540 1594 2565 ex
1611 2526 1738 2579 priori

282 2590 408 2630 desita
426 2590 503 2627 iam
526 2590 651 2627 forma
672 2588 715 2626 in
738 2602 881 2627 novam
902 2588 1016 2626 aliam
1036 2587 1255 2626 demutata.
1311 2585 1407 2623 haec
1427 2590 1639 2635 utcumque
1657 2581 1737 2621 dici

279 2646 552 2686 verisimiliter
566 2651 770 2697 poterant:
798 2651 896 2696 puto
914 2650 1045 2682 tamen
1067 2643 1173 2681 aliud
1194 2641 1470 2694 Pachymerem
1484 2670 1496 2689 ,
1523 2641 1618 2678 dum
1639 2638 1753 2677 haec-

282 2703 494 2753 scriberet,
522 2707 729 2754 spectasse.
786 2701 847 2738 sui
874 2700 1057 2739 videlicet
1081 2697 1267 2751 Hesychii
1300 2711 1468 2746 memor,
1501 2695 1607 2747 quod
1627 2696 1669 2734 in
1688 2708 1734 2733 eo

281 2759 441 2810 legisset
465 2757 734 2809 τετελεσμένον
753 2753 796 2798 τό
818 2753 907 2797 οἷον
925 2760 1087 2810 πρᾶγμα
1113 2757 1350 2805 τελεσθῆναι
1369 2752 1495 2807 ἤγουν
1516 2752 1738 2805 πληρωθῆ-

283 2831 373 2862 ναι,
413 2812 442 2869 ἢ
471 2815 540 2857 καὶ
563 2812 850 2868 μεμιασμένον,
887 2827 1017 2852 raram
1045 2812 1129 2851 illic
1155 2812 1369 2851 indicatam
1395 2809 1619 2858 notionem,
1659 2818 1736 2858 qua
