1858 3126
306 188 313 195 ·
362 131 438 174 DE
472 131 806 175 ANDROMCO
845 132 1222 179 PALAEOLOGO
1259 136 1305 180 L.
1325 137 1402 180 IV.
1508 138 1606 183 309

136 243 268 289 δίδου.
337 244 515 295 πολλοὺς
544 245 590 287 δὲ
622 247 690 288 καὶ
718 245 817 296 τοὺς
844 246 1052 303 κρείττους
1083 245 1413 304 προσετοιμάσας
1442 254 1500 309 τῷ
1528 251 1610 293 υἱεῖ

135 307 377 369 συνεξώρμα
395 314 463 356 καὶ
483 317 666 367 βασιλεῖ’·
699 313 837 371 ἐδέησε
855 315 935 371 γὰρ
955 318 1023 358 καὶ
1038 318 1243 370 βασιλέως
1263 319 1501 369 ἐπιστασίας
1519 326 1605 370 τοῖς

134 379 233 425 κατ’
258 380 465 436 ἀνατολὴν
482 380 731 439 πράγμασιν.
802 382 898 426 ἀλλ’
924 384 963 427 οἶ
980 385 1056 439 μὲν
1073 384 1437 442 προιξεληλακότες
1459 386 1528 430 ἐπ’
1554 387 1604 430 ἇ-

133 453 311 506 νατολῆς
340 448 397 500 ὥς
419 449 500 506 ἤδη
529 453 596 494 καὶ
623 449 751 506 μόνον
768 451 840 496 τὸν
859 452 965 495 κατὰ
984 453 1059 508 τὴν
1081 456 1268 498 Καλλίου
1292 453 1421 512 πόρον
1442 457 1604 513 ἐπεραι-

100 522 256 562 5οὕντο
268 551 283 571 ,
313 518 442 569 εὐθὺς
470 520 648 576 ἐχρῶντο
679 527 765 570 τοῖς
789 519 927 565 αὐτῶν
944 520 1094 577 ἤθεσι,
1125 524 1194 566 καὶ
1214 528 1297 567 τῶν
1324 522 1508 580 ἀγόντων
1526 543 1603 568 κα-

132 590 449 644 τολιγωροῖντες
465 586 623 644 μεγάλα
642 590 848 632 &ermom
870 590 976 633 κακὰ
989 588 1239 645 Ῥωμαίους,
1276 597 1439 650 λῃστῶν
1465 592 1598 637 ε’πιόν-

131 671 198 705 τες
224 653 401 713 τρόπον,
439 663 525 707 τοῖς
552 658 626 712 μὲν
657 662 899 713 παροικοῦσι
931 659 1006 710 τὰς
1030 658 1174 715 χώρας
1205 661 1330 704 κακὸν
1361 659 1598 722 ἀπρόοπτον
1623 670 1649 704 P
1674 671 1743 705 213

130 721 416 780 ἐφιστάμενοι,
454 732 541 775 τοῖς
568 726 614 769 δὲ
640 731 871 770 συναντῶσι
899 728 1030 772 δεινὸν
1058 727 1283 785 ἇπάντημα
1301 728 1599 787 γνωριζόμενοι,

129 789 192 842 οἷς
216 793 262 836 δὲ
289 794 359 836 καὶ
387 791 682 849 συνεσκῆνουν,
715 796 897 850 χαλεπὸν
921 794 1141 853 γειτόνημα
1164 797 1302 852 ὄντες,
1342 797 1403 850 οἷς
1423 805 1600 855 βοηθεῖν

75 873 119 907 10
130 859 441 905 ἀπεστέλλοντο.
509 861 693 920 εὑρόντες
719 865 764 906 δὲ
787 862 931 921 χώρας
956 868 1160 910 παντοίων
1180 866 1428 923 πληθούσας
1444 873 1596 924 καλῶν,

128 927 382 973 ἔνευπάθουν
411 931 574 983 ἐκείνοις
603 929 865 989 ἁρπάζοντες.
934 933 1054 989 μόλις
1080 935 1123 978 δ’
1150 935 1459 990 ἀποσωθέντες,
1494 943 1597 981 πολ-

127 1001 212 1041 λῶν
234 997 501 1052 ἀποναμὲνων
523 1005 606 1044 τῶν
629 1003 837 1058 δυσχερῶν
857 1000 918 1053 οἷς
941 1003 984 1046 τ’
1004 1001 1286 1060 ἕπεστάτησαν
1307 1004 1368 1055 οἷς
1386 1023 1429 1048 τε
1447 1005 1596 1062 συνήν-

126 1083 282 1122 τησαν,
318 1067 542 1124 ἐμέμνηντο
576 1070 644 1112 καὶ
678 1075 761 1113 τῶν
794 1071 1086 1128 συγκειμένων,
1121 1074 1227 1128 πλὴν
1260 1073 1336 1129 οὔχ
1365 1072 1421 1124 ὥς
1450 1074 1596 1126 ἔδοξαν

125 1133 392 1193 ἀπεφᾶνησαν
402 1169 416 1189 ,
453 1137 548 1180 ἀλλ’
571 1136 860 1196 ὑπερηφάνουν
885 1142 961 1194 μέν
983 1139 1213 1197 ἡγεμόνων,
1249 1141 1352 1186 καθ’
1375 1141 1527 1194 αὖτοῦς
1550 1145 1596 1188 de*

71 1216 114 1251 15
129 1202 209 1247 ὅσα
221 1206 288 1248 καὶ
300 1203 510 1262 βάρβαροι
529 1206 813 1262 συνιστάμενοι
831 1206 1045 1263 Ῥωμαίοις
1064 1211 1183 1253 πλέον
1204 1210 1227 1266 ἢ
1249 1213 1455 1266 πολεμιόις
1473 1209 1592 1269 ἐπῇε-
1619 1219 1645 1252 Β

124 1287 216 1316 σαν.
286 1274 410 1317 ἐνίοτε
431 1276 476 1318 δὲ
496 1277 563 1318 καὶ
582 1277 965 1334 δουλαγωγηθὲντες
990 1280 1034 1321 ἐκ
1058 1277 1235 1336 μεγάλης
1258 1282 1325 1323 καὶ
1344 1286 1591 1338 προμηθοῦς

122 1454 177 1485 tos
199 1452 311 1485 autem
336 1463 461 1498 eosque
492 1452 692 1488 lectissimos
715 1457 750 1488 et
773 1457 952 1500 praestare
985 1456 1114 1491 cunctis
1146 1457 1237 1492 visos
1260 1457 1350 1504 apud
1374 1470 1414 1493 se
1437 1459 1589 1503 retinuit,

122 1508 305 1532 reservans
327 1498 363 1532 in
387 1498 634 1543 expeditionem
665 1511 764 1546 qnam
796 1499 942 1546 parabat
964 1502 1001 1536 in
1024 1515 1084 1536 eas
1108 1508 1224 1548 partes
1247 1504 1425 1539 Michaelis
1447 1505 1590 1540 iunioris

121 1543 283 1588 Augusti=
318 1555 394 1578 narn
425 1546 651 1589 praesentiam
682 1547 897 1590 imperatoris
925 1549 1107 1583 exercitum
1131 1561 1193 1594 per
1217 1561 1255 1583 se
1277 1551 1449 1586 <luctantis
1475 1557 1587 1586 status

119 1598 284 1634 praesens
316 1590 539 1624 Orientalium
568 1590 682 1626 rerum
710 1591 872 1637 flagitare
894 1593 1086 1630 videbatur.
1134 1600 1306 1630 caeterum
1333 1597 1357 1630 ii
1381 1609 1466 1642 quos
1485 1609 1587 1642 prae-

119 1634 239 1670 missos
259 1634 296 1669 in
310 1635 486 1670 Orientem
507 1637 677 1680 diximus,
704 1638 771 1672 cito
796 1651 907 1673 mores
930 1640 1094 1675 barbaros
1117 1641 1304 1686 nudarunt,
1329 1643 1445 1677 statim
1470 1645 1542 1678 fere
1565 1656 1585 1678 a

119 1680 204 1715 freti
225 1681 269 1715 ad
297 1682 486 1727 Callipolim
508 1683 656 1718 traiectu
677 1685 804 1730 spretis
828 1685 948 1720 ducum
972 1687 1160 1728 mandatis,
1197 1688 1284 1722 mala
1307 1689 1497 1723 Romaniae
1520 1701 1583 1734 po-

119 1726 209 1771 pulis
247 1737 371 1771 magna
410 1727 607 1763 inferentes.
654 1730 723 1764 ritu
756 1731 884 1776 quippe
914 1733 1082 1767 latronum
1111 1733 1331 1768 licentissime
1362 1735 1582 1769 incursabant

118 1776 259 1815 meta,
291 1773 422 1808 miseris
454 1775 601 1818 colonis,
636 1788 697 1821 per
720 1788 806 1821 quas
828 1779 1041 1818 transibant,
1072 1779 1246 1824 regionum
1280 1780 1496 1825 improvisum
1519 1792 1581 1825 ap-

117 1822 295 1862 portantes
323 1819 560 1863 infortunium,
591 1821 702 1856 obviis
733 1823 866 1857 tristem
896 1835 1092 1868 occursum,
1123 1825 1160 1859 in
1192 1825 1382 1870 propinquo
1414 1837 1496 1860 vero
1521 1826 1581 1860 de·

118 1863 277 1906 gentibus
307 1876 446 1908 gravem
477 1867 702 1913 undequaque
731 1868 959 1914 infestamque
984 1870 1152 1905 viciniam.
1199 1871 1284 1904 adeo
1307 1871 1398 1905 nullo
1422 1877 1579 1916 respectu

118 1907 292 1943 sodalium
322 1910 496 1944 foederum
529 1913 641 1957 palam
669 1914 759 1948 omni
787 1914 919 1948 hostilis
950 1917 1173 1959 grassationis
1200 1916 1408 1950 immanitate
1430 1917 1580 1960 agebant

119 1953 289 1995 ferebant,
312 1955 436 1999 quibus
459 1956 683 2001 opitulaturos
705 1971 744 1992 se
765 1960 882 1994 venire
903 1960 1110 1997 simularant.
1140 1961 1301 1995 irritabat
1323 1961 1454 1995 scilicet
1475 1974 1579 2008 prae-

119 2009 200 2032 sens
223 1998 323 2044 copia
345 2001 567 2045 rapacitatem
589 2003 783 2047 avidorum,
805 2007 952 2040 transitu
974 2019 1036 2052 per
1059 2007 1188 2051 opimas
1211 2011 1340 2048 terras,
1375 2007 1472 2042 villas
1495 2019 1577 2054 pas-

120 2043 187 2078 sim
209 2043 391 2090 domosque
413 2046 507 2080 vario
529 2048 708 2092 spoliorum
731 2053 767 2083 et
814 2051 939 2086 raedae
963 2063 1090 2096 genere
1110 2054 1258 2086 refertas
1280 2053 1507 2097 cernentium,
1539 2054 1575 2088 in

118 2100 209 2134 quae
232 2090 356 2124 laxatis
378 2091 555 2136 cupiditati
576 2093 717 2128 habenis
739 2106 760 2128 n
809 2107 830 2130 a
853 2096 937 2130 iuris
963 2097 1130 2142 aequique
1160 2098 1364 2132 verecundia
1386 2098 1574 2142 irruebant,

115 2137 361 2189 extorquentes
381 2148 470 2182 quae
490 2138 685 2184 placerent,
718 2144 755 2174 et
783 2145 957 2186 raptorum
981 2142 1320 2187 intemperantissimo
1343 2145 1450 2178 abusu
1472 2145 1575 2189 gulae

114 2191 159 2215 ac
179 2181 312 2216 libidini
339 2182 487 2219 litantes.
531 2196 599 2218 non
620 2185 770 2229 negarim
793 2191 905 2221 tamen
928 2199 986 2222 eos
1008 2199 1103 2227 novo,
1121 2188 1296 2234 primulum
1316 2189 1353 2224 in
1374 2190 1572 2226 Romaniam

114 2227 272 2280 appulsu,
294 2228 426 2262 recenti
446 2231 606 2264 memoria
627 2230 834 2265 miseriarum
855 2233 978 2276 quibus
1002 2237 1116 2267 essent
1136 2234 1235 2269 modo
1256 2234 1409 2280 plurimis
1432 2241 1468 2271 et
1490 2249 1573 2282 gra-

113 2272 258 2307 vissimis
279 2273 450 2317 defuncti,
474 2276 600 2320 partim
621 2276 848 2321 ingruentium
867 2278 904 2311 in
928 2278 1112 2314 familiares
1134 2279 1227 2324 prius
1249 2293 1362 2315 eornm
1384 2282 1486 2317 sedes
1508 2283 1570 2317 do-

113 2317 303 2364 miciliaque
336 2331 357 2354 a
388 2320 492 2366 Noga
523 2322 625 2366 data,
657 2322 782 2368 partim
810 2322 847 2357 in
876 2325 980 2368 fuga,
1010 2336 1079 2370 qua
1103 2324 1183 2360 inde
1208 2327 1337 2361 extrusi
1359 2339 1422 2372 per
1444 2329 1570 2363 infesta

113 2374 219 2407 aegre
239 2365 329 2400 salvi
349 2366 425 2400 loca
445 2367 653 2403 transierant
665 2394 676 2412 ,
710 2368 819 2403 donec
848 2373 958 2404 tutum
979 2370 1014 2404 in
1035 2371 1251 2416 imperatoris
1280 2373 1491 2417 protectione
1514 2386 1570 2408 re·

115 2413 250 2454 ceptum
275 2411 489 2457 reperirent,
521 2414 666 2459 quadam
699 2414 797 2449 brevi
822 2415 1022 2450 constrictos
1053 2417 1258 2452 verecundia
1288 2419 1464 2464 hospitalis
1487 2420 1570 2455 fidei

113 2453 205 2488 visos
227 2466 303 2490 esse
323 2462 497 2502 pactorum
519 2460 716 2494 meminisse.
761 2460 823 2494 sed
855 2461 922 2495 cito
945 2461 990 2496 ad
1011 2462 1179 2497 feritatem
1201 2463 1403 2507 redeuntes,
1436 2466 1567 2511 opinio-

115 2509 191 2534 nem
211 2502 397 2537 modestiae
417 2504 566 2550 ipsorum
588 2512 626 2540 et
645 2505 803 2540 fiduciam
826 2507 939 2540 auxilii
961 2519 1003 2542 ex
1026 2508 1127 2552 ipsis,
1149 2508 1223 2544 dira
1240 2509 1437 2545 iniuriarum
1459 2523 1566 2556 expe-

114 2543 257 2589 rientia,
287 2549 423 2593 populis
454 2562 493 2586 se
521 2551 683 2598 deceptos
715 2552 940 2587 sentientibus
961 2559 1192 2589 excusserunt.
1237 2555 1354 2590 statim
1376 2557 1462 2591 enim
1486 2556 1566 2590 con'-

114 2591 291 2626 tumadter
319 2594 355 2628 in
383 2594 543 2632 ductores
573 2597 849 2641 insurrexerunt3
882 2603 919 2633 et
951 2599 1059 2644 magis
1091 2611 1254 2635 memores
1283 2603 1464 2636 communis
1485 2601 1563 2635 olim

114 2644 225 2686 secum
246 2638 418 2676 barbariei
440 2653 515 2677 cum
534 2643 650 2678 Persis
671 2655 772 2689 quam
794 2647 992 2679 contractae
1013 2656 1121 2690 nuper
1141 2646 1316 2682 societatis
1338 2659 1413 2682 cum
1436 2649 1564 2681 Roma-

114 2690 188 2722 1¹¹⁸,
217 2683 352 2728 lupius
375 2687 578 2733 saeviusque
608 2689 644 2724 in
675 2695 811 2724 nostros
842 2701 941 2735 quam
963 2690 1000 2724 in
1022 2691 1138 2725 hostes
1157 2695 1192 2727 vi
1215 2697 1252 2727 et
1273 2693 1377 2727 armis
1398 2693 1451 2726 usi
1473 2695 1564 2726 sunt.

115 2725 183 2759 ruit
209 2729 321 2763 tamen
343 2742 416 2766 mm
437 2734 568 2779 maguis
586 2746 719 2780 perque
741 2735 874 2770 blandis
904 2735 1036 2771 inducti
1056 2736 1279 2773 delinimentis
1302 2738 1346 2773 ad
1368 2738 1566 2783 conspiran-

113 2769 191 2806 dum
222 2783 297 2808 cum
324 2775 502 2822 Romanis,
535 2781 711 2816 coniuncta
741 2781 866 2817 nostris
888 2793 1013 2828 opera,
1047 2793 1251 2832 communem
1272 2783 1316 2819 de
1336 2784 1434 2820 hoste
1456 2783 1563 2818 victo-
