1858 3126
307 161 384 204 DE
419 159 746 205 ANDRONICO
818 158 1191 204 PALAEOLOGO
1226 160 1271 203 L.
1302 160 1379 204 lv.
1471 160 1567 207 363

242 275 340 337 35.Ι
391 276 658 319 Διαλαλεῖται
684 274 820 318 τοίνυν
847 276 1005 331 πρωίας
1030 278 1111 326 πᾶς
1137 273 1241 331 ἀνὴρ
1263 271 1394 332 ἱερός,
1431 272 1568 331 ἆρχιε-
1592 281 1619 316 Ρ
1643 281 1710 317 249

107 343 199 400 ρεῦς
222 345 290 387 καὶ
314 347 462 400 κλῆρος
481 345 547 386 καὶ
562 347 754 398 μοναχῶν
774 343 813 386 οἶ
833 340 1064 399 κράτιστοι,
1103 345 1168 386 καὶ
1188 345 1243 393 εἷς
1264 342 1400 398 κοινὴν
1421 341 1443 386 ὃ
1466 361 1569 396 κρα-

106 415 190 455 τῶν
218 412 291 455 τὸν
321 410 441 469 λόγον
470 414 599 463 τιθεὶς
630 411 724 465 μετ’
745 412 970 466 ἐπιμελείας
988 409 1124 466 πάσης
1143 409 1436 455 διεπυνθάνετο
1455 413 1499 454 τί
1517 410 1568 454 ἃν

107 482 174 523 καὶ
189 482 328 537 δοκοίη
359 478 520 532 τούτοις
544 478 566 524 ὃ
598 479 779 535 μοναχός
804 479 936 539 (οῦπω
959 480 1038 536 γὰρ
1067 479 1173 536 ἔλεγε
1191 478 1393 541 τοῦνομα)
1412 479 1458 530 ὃς
1479 482 1570 536 περὶ

74 546 306 595 5τοιούτων
336 546 511 606 φθάσας
538 546 761 605 ἐδήλωσεν,
805 547 914 592 οὕτω
944 565 1032 598 πως
1063 546 1430 603 διαμηνυσάμενος.
1502 550 1570 591 καὶ

106 623 192 668 τοῖς
212 618 288 673 μὲν
312 616 444 667 οὕτως
473 624 561 668 τοῖς
589 617 632 660 δ’
665 618 844 671 ἐκείνως,
882 618 964 661 ἐπεὶ
993 615 1068 660 οὐκ
1087 611 1138 672 ἦν
1158 617 1304 660 εἰδέναι
1332 616 1379 659 τὸ
1404 613 1569 672 πρόσω-

106 702 209 739 πον,
249 683 378 729 ἐδόκει
408 686 461 729 τὰ
490 687 581 742 περὶ
614 683 774 730 τούτων
802 689 1019 742 ξυμβῆναι.
1097 685 1202 740 πλὴν
1233 683 1255 728 ὅ
1289 703 1328 728 τι
1358 701 1419 734 τις
1447 685 1564 738 εἷ’ποι,
1589 697 1619 731 Β

107 753 221 798 οῦπω
239 771 281 810 γε
302 753 408 811 ἔλεγε
415 787 428 806 ,
464 756 532 798 καὶ
554 756 752 810 διηπίστει
776 752 911 814 ἑαυτῷ
943 754 1122 810 λέγοντι,
1167 754 1224 809 μὴ
1257 753 1357 809 ἔχων
1386 752 1468 811 ὅπῃ
1489 758 1567 811 στῇ

105 823 174 865 καὶ
202 822 455 879 ἀπερείσεται
481 823 584 880 πρὸς
610 821 822 879 ἀλήθειαν.
895 823 935 866 οἱ
959 823 1034 878 μέν
1060 823 1138 880 γὰρ
1167 823 1350 878 μοναχὸν
1386 826 1445 881 τῷ
1467 822 1568 872 τέως

51 899 96 934 10
107 891 180 934 τὸν
210 889 374 935 dudum
400 889 685 947 μανθάνοντες
719 893 840 935 θείαν
870 891 917 934 τὸ
944 895 1113 948 πρᾶγμα
1136 889 1362 947 πρόρρησιν
1403 888 1567 945 ὡμολό-

103 976 203 1015 γουν
212 992 227 1013 ,
263 962 298 1003 εἲ
314 960 415 1010 τέως
434 958 651 1017 προδήλως
670 962 736 1003 καὶ
758 959 813 1011 ὥς
832 958 1002 1015 ἢκοῦετο
1026 960 1188 1003 εἴπειεν·
1223 962 1260 1002 εἴ
1275 957 1354 1016 γάρ
1373 977 1463 1002 τινα
1482 964 1565 1003 τῶν

103 1031 179 1083 τῆς
195 1027 348 1084 σαρκὸς
365 1031 540 1082 δεσμίων
564 1029 611 1073 τὸ
630 1033 747 1072 θεῖον
766 1027 1034 1087 χαρισμάτων
1065 1028 1202 1079 ἀξιοῦν
1225 1026 1418 1082 βούλοιτο
1433 1061 1447 1081 ,
1483 1045 1563 1083 μο-

102 1096 228 1151 ναχὸν
257 1095 362 1154 ὖπὲρ
393 1096 544 1148 ἄλλους
570 1097 621 1141 ἃν
649 1097 833 1148 ἀξιῶσαι.
906 1098 945 1141 οἱ
972 1098 1104 1140 δὲκαὶ
1128 1098 1312 1140 ἐναντίου
1331 1094 1562 1151 πνεύματος
1584 1110 1615 1144 c

102 1162 333 1208 ἀπεκάλουν
354 1165 552 1222 ἐνέργημα
566 1200 579 1219 ,
615 1167 858 1217 κλίπτοντος
875 1166 950 1220 τὴν
971 1170 1045 1209 τοῦ
1070 1170 1174 1209 θεοῦ
1207 1163 1330 1216 δόξαν
1349 1167 1392 1208 ἐκ
1411 1170 1487 1208 τοῦ
1511 1166 1564 1208 τὰ

52 1237 93 1273 15
103 1236 162 1291 τῷ
183 1237 271 1292 θεῷ
301 1234 507 1291 πρέποντα
538 1233 834 1292 προαρπάζειν,
872 1233 928 1285 ὥς
956 1235 1028 1278 τὸν
1050 1234 1175 1290 με’γαν
1198 1234 1322 1289 λέγειν
1337 1231 1563 1278 Ἀντώνιον.

102 1307 190 1351 τοῖς
209 1302 254 1344 δὲ
271 1303 339 1344 καὶ
358 1303 560 1360 ἐγχωροῦν
582 1302 681 1346 εἶναι
702 1303 746 1346 ἴκ
764 1321 884 1346 τινων
899 1300 1164 1358 μαθημάτων
1185 1302 1330 1345 εἰδέναι
1352 1302 1404 1345 τὰ
1424 1307 1565 1345 τοιαῦ-

102 1385 155 1412 τα
173 1367 494 1425 ὗπελαμβᾶνετο.
562 1369 708 1422 πάντες
737 1373 782 1414 δὲ
811 1370 867 1421 ὦς
893 1370 960 1414 ἐπ’
993 1370 1175 1428 ἀσφαλεῖ
1198 1371 1376 1429 θεμελίῳ
1408 1375 1467 1429 τῷ
1489 1375 1565 1413 τοῦ

103 1435 253 1493 ἀνδρὸς
271 1436 477 1498 προσώπῳ
500 1438 654 1495 ἤθελον
674 1440 953 1494 ἐποικοδομεῖν
973 1439 1047 1494 τὴν
1080 1437 1319 1496 διάγνωσιν,
1356 1437 1411 1489 ὥς
1433 1438 1564 1481 αὐτοῦ

101 1521 145 1561 γε
165 1505 321 1561 ἀδήλου
352 1506 470 1558 ὄντος
498 1506 663 1559 ἁπάσας
678 1506 871 1559 ὑπονοίας
888 1505 1090 1567 ἁρμόζειν.
1160 1508 1265 1563 πλὴν
1283 1507 1332 1550 τὸ
1352 1508 1427 1563 μὲν
1444 1505 1563 1563 κήδε’

191 1662 248 1700 35.
293 1664 460 1699 Postridie
489 1676 587 1700 mane
617 1665 811 1701 convocatis
844 1665 1029 1711 imperator
1058 1663 1166 1699 sacris
1198 1662 1388 1698 hominibus
1420 1663 1564 1704 cunctis,

100 1707 268 1753 episeopis
282 1735 292 1751 ‚
326 1710 438 1753 clero,
470 1711 704 1746 monachorum
728 1711 942 1758 praecipuis,
965 1711 1002 1744 in
1025 1721 1228 1745 communem
1252 1709 1472 1751 audientiam,
1505 1710 1564 1743 ubi

99 1764 190 1798 quae
211 1755 276 1788 sibi
302 1757 512 1801 contigerant
534 1762 726 1800 narrasset,
748 1758 916 1792 instanter
938 1756 1138 1801 exquirebat
1161 1756 1204 1790 ab
1227 1767 1429 1800 unoquoque
1452 1755 1562 1800 qualis

98 1797 167 1844 ipsi
189 1811 264 1835 esse
287 1801 460 1836 videretur
481 1803 538 1837 ille
562 1804 742 1838 monachus
766 1803 926 1846 (nondum
949 1803 1033 1836 enim
1057 1802 1223 1847 prodebat
1245 1801 1380 1843 nomen)
1397 1801 1454 1846 qui
1477 1801 1562 1834 haec

99 1848 279 1890 antequam
301 1847 423 1882 fierent
443 1853 480 1882 et
501 1849 727 1894 praevidisset
760 1855 795 1884 et
819 1849 871 1883 sic
892 1848 1148 1883 denuntiasset?
1182 1847 1227 1881 ad
1259 1858 1332 1880 eam
1356 1845 1561 1891 propositio-

99 1899 173 1922 nem
194 1891 309 1925 varius
332 1897 407 1927 erat
429 1905 542 1928 eorum
566 1895 623 1940 qui
645 1895 904 1929 consulebantur
927 1905 1057 1935 sensus,
1071 1893 1123 1927 ita
1144 1896 1255 1926 tannen
1277 1896 1317 1925 ut
1340 1903 1434 1925 nemo
1458 1891 1560 1925 facile

100 1939 161 1968 aut
183 1937 381 1972 sententiam
403 1939 526 1982 figeret
548 1945 608 1974 aut
631 1950 824 1984 responsum
848 1940 1036 1984 expediret,
1059 1938 1292 1971 diffidentibus
1317 1937 1381 1970 sibi
1405 1937 1558 1981 singulis,

100 1990 164 2013 nec
186 1981 242 2014 ubi
265 1982 385 2026 pedem
407 1985 493 2017 certi
515 1984 630 2019 iudicii
652 1986 758 2019 solida
779 1987 816 2020 in
838 1985 984 2020 veritate
1006 1989 1171 2030 ponerent
1194 1982 1451 2028 reperientibus,
1472 1994 1558 2028 quo-

99 2025 143 2059 ad
173 2025 371 2068 ignorarent
400 2029 489 2062 vatis
511 2041 650 2074 nomen,
684 2031 778 2064 cuius
802 2042 967 2075 personae
997 2042 1039 2063 ac
1062 2040 1188 2062 morum
1213 2028 1382 2073 praeviam
1406 2028 1558 2062 notitiam

98 2070 143 2104 ad
180 2071 366 2116 prudenter
406 2075 618 2109 statuendum
652 2076 696 2108 de
732 2076 898 2121 qualitate
935 2075 1084 2109 vaticinii
1121 2074 1346 2108 necessariam
1383 2075 1558 2118 putabant.

98 2120 227 2151 tantum
261 2129 302 2152 ex
331 2130 372 2152 eo
402 2119 492 2164 quod
514 2119 579 2154 iste
601 2121 737 2165 ignotus
759 2122 927 2166 propheta
958 2132 1033 2154 esse
1056 2120 1227 2155 diceretur
1249 2119 1450 2160 monachus,
1484 2120 1559 2165 qui·

98 2161 174 2196 dam
205 2169 436 2208 argumentum
468 2177 506 2199 se
537 2166 672 2200 aiebant
703 2177 827 2211 capere
859 2165 964 2200 divini
989 2165 1127 2211 spiritus
1159 2165 1196 2199 in
1218 2165 1285 2199 ista
1307 2165 1559 2210 praesagitione

97 2209 248 2250 versati,
282 2211 372 2256 qnod
396 2210 575 2245 verisimile
598 2216 796 2256 censerent,
830 2211 858 2246 si
881 2223 980 2257 quem
1004 2222 1046 2244 ex
1069 2211 1202 2245 mortali
1226 2211 1391 2245 devinctis
1415 2222 1557 2256 corpore

97 2253 167 2288 suis
190 2254 273 2289 deus
296 2256 470 2290 afflatibus
493 2256 634 2301 dignare
655 2257 779 2300 vellet,
813 2262 1028 2306 segregatum
1058 2268 1080 2290 a
1107 2257 1198 2290 curis
1220 2257 1365 2291 terrenis
1389 2257 1557 2291 hominem

95 2300 309 2344 professione
338 2302 430 2336 vitae
460 2302 631 2337 solitariae
665 2303 771 2337 fuisse
805 2302 848 2337 ad
878 2302 912 2336 id
936 2314 1019 2347 prae
1048 2303 1192 2337 caeteris
1214 2305 1409 2337 electurum.
1456 2303 1556 2348 atqui

95 2355 140 2379 ne
170 2345 229 2380 isti
260 2346 393 2392 quidem
427 2359 547 2382 secure
574 2349 672 2383 nimis
705 2348 968 2383 indormiendum
1003 2348 1204 2393 praeiudicio
1235 2349 1458 2383 admonebant
1487 2348 1557 2390 alii,

95 2401 366 2437 magnopereque
389 2405 487 2427 secus
511 2394 710 2440 suspicando
732 2394 968 2428 incumbebant
1000 2394 1043 2428 ad
1067 2395 1313 2439 reprobandam
1335 2400 1440 2429 totam
1464 2406 1558 2437 rem3

95 2447 195 2480 quam
219 2449 282 2472 nec
303 2439 506 2474 dubitabant
528 2440 700 2485 appellare
722 2439 950 2485 operationem
985 2440 1170 2474 adversarii
1203 2440 1365 2485 spiritus,
1395 2441 1450 2474 dei
1484 2441 1559 2485 glo-

96 2480 181 2516 riam
205 2483 361 2526 furantis,
388 2497 429 2519 ea
452 2497 540 2531 quae
562 2486 626 2520 deo
651 2486 852 2521 conveniunt
875 2485 1131 2530 praeripiendo,
1163 2491 1203 2520 ut
1225 2497 1365 2530 magnus
1387 2486 1477 2531 loqui
1500 2497 1557 2519 so-

95 2525 189 2561 lebat
212 2530 388 2564 Antonius.
435 2542 501 2565 non
525 2532 666 2566 deerant
696 2532 755 2578 qui
784 2531 932 2565 humanis
958 2530 1144 2576 disciplinis
1170 2543 1212 2566 ex
1234 2532 1471 2566 observatione
1494 2543 1558 2564 na-

95 2572 255 2608 turalium
294 2575 466 2619 signorum
506 2577 666 2612 eiusmodi
708 2581 852 2612 eventus
886 2577 1051 2622 praesciri
1091 2587 1133 2611 ac
1164 2578 1315 2623 praedici
1343 2577 1558 2622 disputarent

96 2627 208 2660 posse.
254 2631 368 2654 omnes
391 2628 504 2656 tamen
526 2624 760 2668 requirebant,
783 2623 877 2657 velut
900 2623 1149 2656 fundamentum
1172 2629 1300 2658 certum
1331 2622 1556 2657 stabiliendae

96 2660 141 2695 de
162 2662 226 2697 boc
247 2667 382 2710 negotio
405 2678 508 2702 verae
541 2669 751 2709 sententiae,
783 2668 1008 2713 cognitionem
1038 2679 1207 2714 personae
1238 2681 1280 2704 ac
1310 2668 1453 2702 nominis
1482 2668 1555 2702 eius

95 2717 162 2751 quo
185 2708 228 2761 de
250 2715 492 2756 quaereretur,
514 2714 580 2748 rati
603 2714 759 2759 quamdiu
782 2715 811 2749 is
835 2715 877 2748 de
899 2714 988 2748 facie
1011 2715 1101 2748 soret
1127 2725 1167 2748 ac
1189 2715 1261 2750 vita
1282 2715 1438 2759 ignotus,
1470 2724 1554 2747 cun·-

95 2755 175 2805 ctas·
190 2764 227 2787 lu
249 2766 323 2790 eum
346 2759 530 2802 quamlibet
552 2759 710 2794 sinistras
739 2764 832 2794 recte
855 2759 1062 2804 suspiciones
1085 2760 1218 2796 cadere.
1265 2764 1446 2800 caeterum,
1468 2769 1554 2792 uon-

95 2796 177 2832 nulh
200 2798 359 2845 aiebant,
391 2803 455 2837 bac
485 2808 690 2850 tempestate
720 2805 763 2840 ad
794 2805 1046 2851 intelligendum
1070 2805 1313 2852 dicendumque
1334 2804 1494 2850 ingruere
1515 2804 1551 2838 in
