1858 3126
282 200 380 245 806
673 195 987 241 OBSERVAT.
1019 196 1333 241 PACHYMER.

284 316 323 348 et
348 308 501 358 direpta
528 305 797 345 Samarkanda
828 312 908 356 est,
944 305 1107 359 triginta
1141 305 1348 346 homiuum
1372 306 1546 348 millibus
1577 307 1730 358 occisis,

282 364 447 404 totidem
469 362 513 400 in
533 363 763 402 servitutem
785 362 981 403 abductis.

394 418 459 457 IV.
518 419 631 457 Anno
660 419 757 470 Heg.
789 421 892 469 618,
924 419 1084 458 ineunte
1110 432 1133 457 a
1162 418 1446 462 Februarii-25
1473 417 1570 456 anni
1583 417 1731 458 Christi

289 478 408 524 1221,
433 475 595 513 Balkam
622 476 863 514 Talakanum
883 482 923 513 et
944 475 1258 528 Albamiyanum,
1286 475 1458 526 reliquas
1478 488 1499 513 e
1517 473 1733 513 Chormni

285 531 434 570 ditione
452 532 632 570 civitates
656 531 972 584 opulentissimas
993 539 1032 570 et
1050 531 1339 580 munitissimas,
1370 531 1612 583 expugnavit
1632 531 1734 569 Giu-

286 587 514 638 gizchanes,
552 594 592 627 et
623 589 674 626 ad
699 587 883 626 Sendiam
906 601 1057 627 amnem
1080 588 1164 626 acie
1185 587 1447 626 Ialalodinum
1467 587 1586 636 vicit,
1611 586 1732 626 huius

285 651 417 682 tamen
435 643 630 683 admirans
653 643 960 696 praedicansque
987 644 1276 693 fortitudinem,
1306 643 1410 695 quod
1432 657 1520 681 cum
1541 644 1656 681 illum
1671 643 1735 682 vi·-

286 714 384 738 vum
405 700 455 738 ad
474 713 514 737 se
534 700 699 752 perduci
717 699 915 749 iussisset,
948 699 982 737 is
1012 713 1032 738 e
1058 706 1185 751 strage
1220 701 1325 738 circa
1353 713 1394 738 se
1411 713 1571 738 suorum
1590 699 1734 737 intelli-

285 762 380 807 gens
403 769 524 807 quare
546 755 622 793 sibi
649 756 782 794 hostes
818 763 1045 807 parcerent,
1076 769 1194 807 eques
1214 756 1382 794 fluvium
1399 755 1596 801 tranavit,
1624 760 1664 793 et
1683 767 1734 794 ex

286 826 332 850 eo
353 812 480 850 medio
504 818 642 850 natans
663 825 877 850 conversus
903 812 1084 862 sagittam
1107 818 1165 850 est
1183 812 1396 850 eiaculatus
1414 812 1458 850 in
1477 811 1734 862 Mogulenses.

286 868 495 919 contigisse
516 867 594 907 hoc
614 868 669 906 ait
689 867 1001 920 Abulpharagius
1021 881 1154 907 mense
1175 868 1334 917 Raiebo,
1363 867 1430 919 qui
1448 868 1492 906 in
1510 880 1614 906 auno
1634 868 1736 905 Ara-

285 924 376 962 bico
394 924 538 963 mensis
555 923 745 976 septimus
766 930 847 973 est,
876 937 927 962 ex
948 923 1025 962 hoc
1046 924 1145 963 miro
1164 937 1349 963 successu
1369 923 1611 963 fortitudinis
1630 922 1736 962 lala-

286 980 416 1019 lodiui
434 986 571 1018 natum
591 994 766 1019 asserens
786 979 1039 1032 proverbium
1061 980 1293 1030 Arabicum,
1335 994 1415 1032 quo
1443 979 1521 1019 dici
1552 979 1653 1018 solet
1669 980 1735 1017 vb-

286 1051 333 1075 ‹-·e
350 1034 410 1074 ad
424 1036 650 1086 Raiebum,
681 1043 717 1074 et
740 1035 895 1075 videbis
925 1038 1043 1074 mira.
1100 1050 1150 1075 ex
1176 1037 1380 1075 occasione
1407 1035 1472 1074 bic
1489 1049 1635 1088 ponam
1658 1047 1734 1074 ex·-

283 1094 547 1145 perimentum
568 1091 1135 1144 consensionisAbulpharagii
1156 1106 1246 1131 cum
1266 1092 1410 1131 nostris
1426 1090 1735 1144 chronographis

286 1164 308 1187 a
331 1162 392 1187 me
409 1162 497 1187 cum
515 1150 722 1201 voluptate
741 1148 1009 1188 observatum.
1066 1148 1121 1187 ait
1142 1148 1219 1186 hoc
1243 1149 1378 1187 eodem
1408 1161 1511 1186 anno
1533 1147 1628 1199 Heg.
1650 1149 1735 1191 618

287 1206 490 1243 Sultanem
508 1205 675 1257 Aegypti
700 1205 913 1243 Damiatam
934 1204 981 1242 de
1002 1204 1163 1242 Francis
1185 1217 1436 1256 recuperasse
1457 1203 1522 1242 die
1534 1202 1736 1252 Mercurii,

287 1261 423 1299 Raiebi
458 1263 522 1309 19,
545 1267 756 1314 postquam
783 1261 826 1299 in
857 1272 899 1299 ea
927 1260 1192 1299 substitissent
1215 1261 1356 1299 Franci
1373 1273 1519 1299 anuum
1537 1259 1735 1311 integrum

287 1324 328 1356 et
346 1316 530 1356 undecim
550 1331 712 1356 menses.
770 1317 839 1356 vix
858 1316 957 1356 alius
976 1323 1138 1356 eventus
1159 1322 1216 1355 est
1235 1317 1347 1355 cuius
1368 1317 1500 1368 plures
1523 1321 1561 1354 et
1584 1315 1736 1354 certio-

287 1386 350 1413 res
378 1386 400 1412 e
427 1374 574 1412 nostris
610 1378 806 1425 spectatae
846 1372 940 1411 fidei
982 1373 1244 1425 scriptoribus
1290 1372 1501 1411 habeamus
1542 1377 1736 1411 auctores.

287 1430 454 1468 Ioannes
479 1429 528 1467 de
554 1429 752 1477 Vitriaco,
781 1431 973 1479 Sanutus,
1002 1431 1042 1468 S.
1062 1430 1316 1479 Antoninus,
1352 1429 1589 1480 Nauclerus,
1616 1428 1736 1466 Blou-

291 1486 386 1533 dus,
421 1486 609 1524 Aemilius
637 1492 677 1523 et
705 1485 771 1523 alii
801 1499 952 1525 summa
981 1486 1194 1524 concordia
1217 1491 1434 1524 memorant
1460 1482 1738 1522 anno'Christi

293 1544 419 1588 1219,
452 1541 564 1578 nonis
592 1541 845 1588 Novembris,
882 1548 972 1594 post
995 1555 1145 1580 menses
1176 1542 1394 1580 octodecim
1422 1539 1639 1579 obsidionis
1665 1553 1736 1578 ca·-

287 1603 399 1647 ptam
426 1596 543 1633 fuisse
576 1597 790 1633 Damiatam
819 1597 865 1634 ab
907 1597 1084 1635 exercitu
1114 1610 1229 1636 cruce
1257 1597 1523 1648 signatorum3
1572 1595 1735 1634 eandem

289 1657 419 1689 autem
441 1651 594 1689 Sultaui
612 1652 805 1689 redditam
832 1666 935 1690 anno
955 1656 1076 1701 1221,
1097 1653 1159 1691 die
1189 1653 1310 1691 natali
1336 1654 1378 1690 B.
1406 1650 1571 1702 virginis
1582 1646 1735 1690 'Mariae

248 1730 251 1732 v
291 1713 432 1745 octavo
449 1707 698 1759 Septembris.
755 1708 866 1746 vides
887 1720 1002 1758 quam
1022 1715 1154 1746 exacte
1173 1714 1327 1760 tempus
1347 1709 1526 1747 detentae
1543 1720 1565 1744 a
1583 1706 1735 1745 Latinis

291 1762 491 1801 Damiatae
510 1763 672 1802 definiat
694 1763 1008 1815 Abulphai·agius
1029 1777 1132 1802 anno
1152 1778 1233 1802 uno
1257 1771 1294 1802 et
1321 1763 1503 1802 undecim
1524 1763 1737 1810 mensibus.

291 1832 399 1857 nunc
419 1819 696 1870 inquirendum
715 1833 764 1857 an
776 1820 861 1871 pari
879 1819 955 1857 fide
966 1820 1103 1858 feriam
1125 1827 1304 1871 quartam
1325 1827 1365 1859 et
1383 1822 1433 1861 19
1446 1817 1587 1858 mensis
1598 1818 1736 1858 Raiebi

292 1876 398 1914 diem
419 1875 487 1914 isti
505 1875 746 1914 restitutioni
772 1876 951 1926 assignet.
1009 1875 1075 1914 hic
1093 1878 1175 1918 618
1196 1876 1362 1927 Hegirae
1381 1889 1508 1914 annus
1527 1874 1738 1915 Muharra-

291 1932 346 1969 mi
372 1931 490 1982 primi
516 1932 577 1970 sui
608 1931 750 1970 mensis
778 1932 965 1970 kalendas
981 1960 992 1980 ,
1032 1938 1078 1970 ut
1106 1932 1219 1982 dixi,
1246 1932 1384 1971 habuit
1401 1932 1538 1970 eodem
1557 1930 1622 1971 die
1643 1932 1736 1970 anui

292 1987 433 2025 Iuliani
452 2000 563 2027 aerae
582 1987 727 2026 Christi
746 1990 851 2030 1221
872 1987 940 2039 qui
960 1987 1174 2027 vicesimus
1195 1988 1355 2040 quintus
1373 1986 1575 2027 Februarii
1592 2000 1736 2026 nume-

294 2049 403 2081 ratus
428 2050 497 2083 est.
553 2043 648 2081 hinc
676 2049 786 2096 patet
818 2044 1004 2083 kalendas
1033 2044 1185 2094 Raiebi,
1221 2044 1401 2098 septimi,
1430 2050 1478 2083 ut
1499 2043 1736 2094 monuimus,

157 2104 183 2138 P
206 2106 271 2140 585
297 2098 471 2137 Arabum
499 2100 666 2148 mensis,
706 2100 750 2138 in
777 2099 881 2138 diem
905 2100 1070 2151 Augusti
1094 2100 1322 2140 vicesimum
1350 2100 1523 2154 primum
1542 2100 1613 2139 illo
1633 2113 1735 2138 auno

293 2154 491 2194 incidisse.
549 2168 597 2193 ex
622 2155 686 2193 die
713 2155 813 2206 Aug.
837 2159 887 2198 21
922 2157 955 2195 si
971 2157 1240 2196 novemdecim
1264 2157 1347 2196 dies
1367 2169 1568 2206 numeres,
1595 2168 1737 2208 perve-

293 2211 378 2248 nies
409 2211 460 2249 ad
484 2217 670 2249 octavum
697 2212 951 2263 Septembris.
1007 2213 1056 2252 de
1090 2227 1168 2265 quo
1190 2213 1223 2251 si
1253 2213 1352 2253 velis
1377 2213 1477 2251 scire
1500 2218 1619 2263 quota
1638 2211 1736 2250 feria

294 2267 436 2315 fuerit,
475 2279 618 2317 quaere
645 2274 787 2318 quotus
821 2268 897 2306 isto
933 2283 1037 2307 anno
1065 2275 1289 2308 numeratus
1324 2269 1443 2308 fuerit
1467 2268 1600 2319 cyclus
1628 2266 1735 2306 solis.

297 2322 372 2360 fuit
387 2336 513 2360 annus
533 2321 679 2361 Chrissti
700 2326 804 2365 1221
841 2324 993 2376 periodi
1020 2325 1192 2364 Iulianae
1212 2324 1336 2368 5934.
1391 2324 1540 2362 divisus
1563 2321 1630 2361 hic
1660 2336 1736 2361 nu-

295 2390 427 2416 merus
446 2391 518 2430 per
535 2380 591 2419 28
611 2378 785 2429 reliquos
806 2379 902 2417 facit
932 2384 999 2429 26,
1030 2381 1098 2431 qui
1117 2381 1194 2419 fuit
1211 2382 1349 2432 cyclus
1377 2379 1469 2418 solis
1486 2378 1604 2417 huius
1625 2379 1733 2420 anni.

294 2433 408 2485 cyclo
429 2439 556 2471 autem
579 2434 674 2471 solis
694 2437 748 2477 26
771 2436 959 2487 competit
979 2437 1093 2474 litera
1113 2437 1355 2475 dominicalis
1374 2436 1416 2474 C.
1471 2447 1570 2486 quae
1585 2448 1672 2472 cum
1690 2435 1735 2472 iu

297 2489 446 2528 Iuliano
470 2489 698 2527 kalendario
728 2491 965 2541 respondeat
990 2491 1066 2530 diei
1093 2492 1252 2543 quintae
1280 2490 1536 2543 Septembris,
1566 2491 1736 2529 ostendit

298 2545 408 2584 illam
428 2558 473 2583 eo
491 2557 594 2583 auno
610 2545 728 2582 fuisse
746 2546 910 2597 primam
934 2548 1068 2585 feriam
1081 2579 1092 2597 ‚
1123 2562 1168 2585 ac
1191 2552 1472 2597 consequenter
1499 2545 1603 2584 diem
1626 2552 1736 2584 octa-

295 2615 389 2640 vam
405 2600 578 2640 eiusdem
595 2600 737 2638 mensis
754 2601 857 2639 diem
880 2602 1077 2651 Mercurii,
1106 2609 1151 2641 ut
1169 2602 1479 2655 Abulpharagius
1498 2607 1622 2652 notat,
1650 2601 1735 2642 sive

297 2657 434 2696 feriam
453 2662 653 2709 quartam,
681 2656 898 2694 necessario
918 2671 999 2696 esse
1018 2659 1207 2696 debuisse.

410 2713 457 2751 V.
511 2713 626 2752 Anno
655 2711 819 2762 Heglrae
848 2713 942 2762 624,
976 2714 1088 2751 cuius
1115 2713 1340 2753 Muharram
1366 2713 1513 2766 incepit
1543 2726 1565 2751 a
1595 2712 1658 2752 die
1678 2715 1734 2754 22

298 2769 524 2808 Decembris
544 2767 638 2807 anni
664 2767 808 2806 Christi
834 2771 966 2819 1226,
983 2775 1162 2808 mortuus
1194 2777 1255 2808 est
1284 2769 1566 2821 Gingizchanes
1583 2769 1736 2821 primus

299 2825 514 2878 imperator
534 2824 821 2877 Mogulensium
849 2824 914 2864 die
936 2825 963 2868 4
995 2825 1138 2864 mensis
1168 2827 1402 2877 Ramadani,
1429 2826 1525 2865 noni
1542 2824 1733 2865 ordiuein
