1858 3126
252 157 352 206 740
650 154 955 199 OBSERVAT.
983 154 1293 201 PACHYMER.

253 268 361 322 quod
391 273 518 306 autem
547 270 664 316 negat
690 278 731 303 se
760 266 821 302 ita
847 265 962 316 loqui
991 263 1209 313 didicisse,
1240 265 1358 317 culpa
1377 265 1463 305 eius
1480 271 1561 316 est,
1590 267 1700 319 quod

253 325 397 376 scripta
415 322 692 373 magistrorum
725 335 805 359 non
839 321 996 371 legisset
1022 328 1067 359 ut
1096 321 1305 370 debuerat,
1339 327 1497 373 patrum
1514 324 1700 362 nimirum

252 382 505 431 antiquorum
518 406 529 427 ,
558 378 623 416 ubi
644 391 741 429 quae
759 377 944 415 afferebat
971 377 1118 416 Veccus
1146 378 1361 415 invenerat.
1418 377 1488 416 sed
1506 378 1620 428 longe
1638 381 1702 417 in-

251 437 384 475 scitius
413 434 530 472 huius
546 434 694 472 dictum
726 434 895 473 refertur
919 445 959 476 v.
991 437 1057 483 11,
1087 433 1153 472 ubi
1180 432 1450 473 schismaticus
1470 433 1545 471 iste
1564 434 1703 473 definit

251 491 442 531 haeresim
461 487 640 542 reputari
661 487 706 530 τό
729 493 916 530 συνιστᾶυ
935 489 1069 530 θέλειν
1085 485 1308 541 α’σύνηθες,
1338 485 1416 529 κᾶν
1440 484 1613 540 ἀσφαλὲς
1634 485 1702 542 ἦν,

253 547 436 586 stabilire
471 546 569 583 velle
600 547 802 584 insuetum
830 548 1040 598 quippiam
1056 575 1065 593 ‚
1106 547 1179 583 etsi
1200 559 1380 583 securum
1398 547 1464 584 stt.
1521 559 1601 597 quo
1622 545 1704 584 ini-

254 603 439 656 quissimo
468 601 594 640 edicto
626 616 760 641 omnes
786 603 967 641 ecclesiae
996 608 1148 654 patres,
1177 614 1312 639 omnes
1339 600 1537 652 theologi,
1569 615 1704 640 omnes

253 672 456 699 sacrorum
474 659 668 697 librorum
693 659 927 710 interpretes
943 659 985 696 in
1008 658 1292 697 haereticorum
1309 658 1503 708 ergastula
1522 658 1706 710 compin-

253 722 413 767 guntur.
471 721 614 765 quotus
635 715 737 753 enim
756 715 923 765 quisque
943 715 1107 753 illorum
1126 728 1205 752 non
1225 713 1376 764 aliquid
1392 713 1544 765 profert
1569 716 1706 752 insae-

254 781 362 819 tum,
395 770 528 809 idiotis
555 772 786 822 praese1tim
808 777 876 809 aut
899 771 942 808 in
972 771 1105 809 studio
1131 783 1262 809 sacrae
1287 770 1489 808 doctrinae
1504 770 1705 821 negligen-

254 830 332 868 tius
351 826 519 865 versatis
531 857 541 876 ,
573 827 728 877 qualem
748 840 788 864 se
807 827 873 864 hic
891 826 1115 878 patriarcha
1138 826 1409 864 schismaticus
1427 825 1575 878 prodit.

365 896 405 923 v.
428 886 496 925 22.
554 882 626 919 ubi
654 885 755 921 enim
780 884 881 933 plus
901 883 1009 921 clare
1032 881 1350 934 deprehendatur
1370 888 1448 922 etc.
1476 881 1596 920 verba
1615 887 1708 920 sunt

254 938 684 989 Constantinopolitani
726 938 970 990 patriarchae
1010 939 1186 989 Gregorii
1231 938 1369 990 Cyprii
1391 968 1402 987 ,
1459 951 1567 988 quae
1591 937 1706 976 illum

256 995 474 1035 ostendunt
497 994 623 1032 nihilo
654 1001 722 1037 aut
743 994 958 1034 doctiorem
984 1001 1052 1032 aut
1079 995 1379 1033 moderatiorem
1401 993 1610 1032 Athanasio
1630 994 1706 1032 isto

255 1050 552 1099 Alexandrino,
582 1063 698 1102 quem
729 1052 846 1089 modo
867 1051 1102 1089 notavimus.
1160 1051 1338 1102 profecto
1359 1050 1486 1099 enim,
1515 1050 1549 1087 si
1571 1063 1620 1087 ex
1638 1062 1708 1087 ae·-

256 1121 335 1159 quo
353 1106 618 1158 respondente
652 1107 716 1146 vel
742 1107 866 1146 famae
896 1121 972 1157 qua
999 1106 1291 1155 celebrabatur,
1329 1106 1394 1144 vel
1422 1105 1606 1155 dignitati
1630 1118 1706 1156 qua

254 1163 448 1214 fulgebat,
480 1168 582 1202 esset
604 1162 827 1202 eruditione
853 1163 1073 1214 praeditus,
1106 1176 1186 1200 non
1217 1161 1415 1212 ignoraret
1436 1174 1534 1212 quae
1561 1161 1610 1199 de
1630 1161 1707 1199 im-

255 1219 427 1259 mediata
452 1218 571 1256 simul
591 1226 631 1256 et
651 1219 819 1258 mediata
840 1219 1087 1271 processione
1105 1218 1238 1256 Sancti
1257 1218 1427 1269 Spiritus
1445 1230 1494 1255 ex
1510 1223 1622 1269 patre
1641 1230 1709 1255 ve-

256 1282 383 1324 teres,
412 1279 459 1312 ut
486 1274 607 1326 paulo
636 1276 819 1326 superius
851 1274 1094 1314 ostendimus
1111 1301 1121 1319 ,
1160 1274 1346 1312 ecclesiae
1366 1274 1549 1312 doctores
1566 1286 1707 1323 magno

259 1343 457 1370 consensu
488 1330 678 1378 tradunt3
705 1339 744 1370 et
769 1332 803 1370 si
829 1344 913 1369 eam
938 1330 1197 1370 reverentiam
1232 1330 1406 1380 antiquis
1428 1329 1606 1381 patribus
1624 1329 1710 1367 tri-

257 1389 396 1427 bueret
415 1398 532 1437 quam
549 1386 599 1424 iis
617 1401 638 1425 a
658 1387 852 1426 catholico
874 1388 1032 1438 quovis,
1061 1386 1232 1424 maxime
1249 1392 1378 1424 autem
1397 1385 1603 1437 episcopis,
1634 1385 1709 1424 de-

258 1444 354 1482 ferri
372 1455 444 1494 par
460 1449 539 1491 est,
569 1456 783 1494 numquam
803 1444 1044 1495 nugatoriae
1072 1443 1336 1493 loquacitatis
1363 1441 1626 1493 plenissimam
1646 1441 1710 1479 di-

258 1504 389 1546 ceret,
421 1511 540 1547 quam
559 1512 580 1535 a
601 1501 745 1538 Sancto
773 1499 961 1550 Gregorio
982 1499 1159 1550 Nysseno
1189 1498 1342 1537 disertis
1371 1497 1560 1537 affirmari
1579 1496 1709 1536 verbis

260 1552 495 1592 sententiam
516 1554 718 1593 fateretur.

372 1621 412 1659 P·
429 1611 483 1651 98
503 1621 541 1648 v,
561 1611 601 1648 2.
652 1611 835 1658 fatemur
852 1612 1109 1648 temeritatem
1123 1617 1159 1647 et
1178 1612 1334 1648 veniam
1342 1608 1562 1660 poscimue.
1590 1607 1710 1646 verba

261 1669 358 1703 sunt
373 1662 511 1712 Vecci,
541 1664 584 1701 in
605 1665 747 1715 quibus
773 1667 839 1703 vel
869 1666 996 1704 ironia
1026 1667 1212 1716 quaedam
1241 1665 1483 1715 agnoscenda
1498 1663 1616 1702 tacita
1637 1669 1708 1712 est,

261 1721 328 1759 vel
352 1720 559 1772 permissio
578 1721 795 1760 necessaria
810 1721 961 1759 homini
979 1734 1133 1759 causam
1160 1728 1359 1759 accusatae
1389 1720 1624 1758 calumniose
1643 1719 1710 1756 in-

263 1775 468 1814 nocentiae
495 1776 602 1827 apud
639 1784 946 1829 praeoccupatos
984 1790 1115 1815 errore
1144 1777 1354 1815 incurabili
1389 1776 1538 1814 iudices
1570 1775 1711 1826 agenti.

263 1831 426 1870 videbat
449 1832 515 1870 ille
534 1845 648 1871 ruere
669 1834 872 1871 manifeste
892 1840 931 1871 et
953 1833 1276 1883 inconsequenter
1302 1832 1412 1883 loqui
1433 1830 1710 1883 patriarcham,

265 1888 335 1926 sed
350 1901 396 1925 eo
416 1888 629 1939 supercilio
651 1896 696 1928 ut
718 1903 758 1928 se
778 1889 929 1928 revinci
957 1903 1036 1926 non
1064 1903 1275 1941 passurum
1291 1894 1509 1941 appareret.
1563 1889 1712 1926 frustra

263 1944 386 1994 igitur
416 1945 693 1995 contenderet,
730 1945 763 1983 si
794 1945 994 1983 vindicare
1022 1958 1043 1982 a
1072 1945 1267 1983 calumnia
1290 1943 1523 1994 nugacitatis
1541 1943 1712 1994 impacta

264 2012 550 2051 usquequaque
582 2001 844 2040 orthodoxam
869 2001 1037 2052 Nysseni
1070 2001 1286 2039 doctrinam
1321 2007 1547 2048 conaretur3
1584 2005 1624 2037 et
1643 1999 1712 2036 in-

265 2056 382 2092 terim
413 2057 656 2096 occasionem
683 2058 867 2109 perderet
892 2071 932 2096 se
954 2071 1000 2095 ac
1022 2070 1111 2095 suos
1136 2057 1182 2095 ab
1204 2055 1407 2095 haereseos
1429 2055 1587 2094 infamia
1612 2068 1712 2106 put-

267 2109 398 2160 gandi.
454 2113 752 2152 usitatissimum
777 2113 953 2165 patronis
987 2119 1045 2151 est
1069 2127 1156 2151 reos
1175 2114 1216 2151 in
1235 2113 1380 2151 iudicio
1403 2110 1712 2160 defendentibus,

267 2171 478 2217 postquam
507 2168 601 2205 satis
624 2170 849 2207 refutarunt
877 2169 1188 2207 criminationem
1216 2169 1387 2220 aliquam
1407 2167 1535 2206 minus
1553 2167 1604 2204 ad
1627 2179 1710 2204 rem

268 2220 552 2272 pertinentem,
583 2236 626 2262 ea
646 2239 727 2262 non
747 2225 875 2275 agnita
898 2225 1057 2276 quidem
1076 2238 1148 2276 pro
1167 2238 1282 2272 vera,
1318 2225 1387 2264 sed
1405 2223 1548 2261 omissa
1563 2221 1622 2260 uti
1643 2234 1711 2272 pa-

269 2289 358 2314 rum
379 2279 573 2326 curanda,
616 2282 763 2319 referre
791 2294 832 2318 se
861 2280 916 2318 ad*
944 2286 1067 2332 caput
1092 2293 1229 2318 causae
1247 2280 1324 2319 hoc
1346 2285 1416 2318 aut
1436 2278 1556 2316 simili
1570 2289 1710 2328 genere

271 2332 462 2380 loquendi
496 2335 670 2374 “verum
704 2336 756 2374 sit
783 2335 838 2373 ita
864 2349 956 2374 sane
982 2343 1028 2373 ut
1054 2335 1197 2374 vultis:
1233 2342 1364 2374 tamen
1394 2334 1459 2373 vel
1485 2332 1562 2371 hoc
1592 2331 1710 2372 etiam

271 2399 453 2425 concesso
474 2395 586 2427 extra
605 2392 762 2441 culpam
781 2404 861 2429 esse
879 2391 920 2428 in
938 2405 1076 2429 causae
1098 2391 1226 2442 capite
1250 2405 1376 2429 meum
1393 2395 1618 2441 susceptum
1637 2401 1711 2438 pa-

272 2438 367 2482 tet.'’
423 2445 541 2482 talem
572 2447 733 2483 omnino
763 2459 917 2484 sensum
943 2436 1039 2484 ha'ec
1067 2446 1181 2485 Vecci
1203 2446 1319 2486 habet
1349 2445 1497 2496 oratio,
1532 2450 1578 2483 ut
1607 2443 1712 2483 clare

271 2497 507 2548 intelligitur
528 2513 578 2537 ex
601 2502 941 2552 consequentibus.

389 2567 427 2606 p.
456 2558 511 2597 99
542 2568 580 2593 v.
602 2559 640 2597 9.
702 2556 887 2594 alludens
927 2556 986 2594 ad
1010 2571 1150 2594 nomen
1180 2554 1309 2594 aliud.
1366 2555 1561 2606 quodnam
1591 2555 1712 2594 fuerit
1768 2594 1779 2602 ,

273 2608 377 2648 illud
394 2609 503 2648 aliud
519 2624 662 2650 nomen
683 2612 841 2662 Georgii
862 2611 1187 2663 Moschamparis‚
1217 2625 1266 2650 ne
1285 2610 1344 2649 111.
1368 2611 1524 2662 quidem
1543 2610 1713 2649 Allatius

275 2664 319 2702 in
348 2666 635 2706 accuratissima
666 2667 713 2706 de
749 2668 923 2718 Georgiis
967 2667 1140 2705 Diatriba
1171 2667 1294 2705 multa
1317 2666 1366 2704 de
1393 2666 1468 2705 boc
1493 2679 1712 2705 memorans

274 2721 422 2771 prodit.
475 2722 567 2762 licet
595 2723 786 2776 suspicari
819 2737 867 2761 ex
896 2723 1046 2761 urbano
1084 2723 1154 2760 illo
1186 2723 1298 2760 Vecci
1325 2722 1452 2772 dicto,
1487 2718 1623 2772 ψύλλα
1653 2736 1713 2769 τις

276 2774 542 2820 ἐπικαθίσασα
570 2785 655 2829 εἴα,
686 2780 872 2830 I’syllum
896 2778 1017 2818 fnisse
1046 2779 1373 2829 cognominatum.
1437 2777 1576 2818 recitat
1605 2776 1714 2816 hunc
