1858 3126
608 156 711 199 ΠΒ.
741 155 797 202 ll
866 154 1067 199 NOTAE.
1154 163 1158 168 “
1468 151 1567 202 72⁷

118 285 201 311 non
227 268 422 323 producat
445 282 523 320 qua
548 274 663 320 pater
684 273 744 307 est
773 268 888 318 (nam
921 266 1096 319 Spiritus
1119 269 1271 319 patrem
1297 277 1380 305 non
1402 262 1519 304 habet
1531 264 1567 315 ),'

117 341 192 366 nec
220 327 330 366 filius
359 328 397 364 S.
428 325 622 377 Spiritum
651 324 869 376 producat,
898 337 975 374 qua
1001 323 1108 362 filius
1139 328 1199 361 est
1220 322 1357 373 (filius
1385 321 1489 360 enim
1519 327 1567 361 ut
1587 319 1616 355 P
1639 319 1706 356 518

117 383 223 422 filius
249 384 377 422 solum
398 388 549 433 patrem
570 381 785 433 respicit),
814 379 883 418 sed
903 386 983 417 tam
1006 386 1120 431 pater
1140 391 1259 430 qnam
1279 377 1386 416 filius
1405 383 1566 417 eatenus

115 446 271 479 tantum
293 438 517 491 producant
532 437 748 500 Spiritum,
780 442 967 487 quatenus
991 434 1279 474 identificatam
1300 434 1375 473 sibi
1399 434 1574 499 quisque·

116 496 316 543 obtinent,
355 500 395 533 et
424 500 610 532 exercent
645 493 804 531 unicum
833 491 1075 530 indivisibile
1102 490 1280 542 spirandi
1309 490 1566 543 principium,

118 551 226 603 quod
247 549 413 603 spiratio
443 550 574 587 activa
601 549 735 587 vocari
763 548 992 600 praesertim
1011 548 1054 585 in
1074 547 1221 585 scholis
1238 546 1356 588 solet.
1411 547 1569 586 doctri-

116 621 208 646 nam
240 606 346 645 hanc
370 605 532 656 antiqua
563 607 752 643 continue
785 604 1001 643 traditione
1024 603 1118 641 inde
1142 615 1269 667 usque
1294 616 1317 640 a
1341 602 1499 641 Christo
1528 609 1568 642 et

115 662 316 716 Apostolis
338 662 630 709 transmissam,
658 661 716 699 sic
737 660 884 699 diserte
907 659 1100 698 Graecis
1087 659 1184 723 ipsis
1204 659 1505 709 agnoscentibus
1526 665 1567 698 et

116 717 436 766 admittentibus,
466 718 639 769 explicat
670 717 883 756 concilium
916 716 1210 754 oecumenicum
1244 715 1503 765 Lugdunense
1528 720 1567 754 et

115 775 154 817 ei
178 789 310 814 coram
332 773 556 824 praesidens
578 773 790 824 Gregorius
809 774 846 811 X
863 779 974 824 pont.
994 785 1099 812 max.
1132 771 1335 809 decretum
1364 771 1409 808 id
1435 772 1570 810 refero

114 837 246 895 prout·
267 845 291 868 a
313 830 494 868 manuele
524 829 660 867 Caleca
689 829 901 878 recitatur,
929 828 1044 880 quale
1064 827 1177 866 illinc
1198 827 1248 866 ad
1270 827 1442 865 Graecos
1461 827 1566 865 mis-

116 901 204 925 sum
235 887 410 939 ipsorum
442 886 575 936 lingua
604 891 673 923 est
730 886 765 923 is
787 885 890 923 enim
910 885 1083 936 scriptor
1102 884 1207 922 libro
1234 890 1373 922 contra
1392 883 1565 922 Graecos

115 957 150 982 c.
174 946 230 986 89
253 942 312 980 sic
342 941 485 981 habet:
529 938 743 995 Γρηγόριος
775 941 818 982 ἐν
847 943 898 997 τῇ
931 956 1030 981 κατα
1059 936 1324 992 Λονγδοννον
1349 951 1566 992 συγκροτη-

114 999 235 1066 &eloy
262 1001 462 1068 καθολικῇ
488 996 658 1052 συνόδῳ,
715 993 875 1049 ευλαβεῖ
897 997 965 1037 καὶ
990 999 1114 1052 πιστῇ
1139 995 1331 1064 ὁμολογία
1359 994 1492 1063 φαμὲν
1519 993 1565 1037 τὰ

114 1057 276 1124 πνεῦμα
292 1070 337 1095 το
356 1069 472 1107 αγιον
494 1040 633 1101 ἆϊδίως
652 1053 695 1094 ἐκ
713 1051 862 1105 πατρὸς
882 1053 949 1093 καὶ
964 1054 1083 1101 υἱοῦ,
1113 1068 1185 1104 ονχ
1205 1067 1260 1099 ως
1277 1052 1319 1092 ἐκ
1336 1048 1414 1092 δύο
1430 1047 1566 1105 ἀρχῶν

115 1106 207 1152 ἄλλ’
226 1109 296 1180 nic-
303 1109 347 1151 ἐκ
368 1113 481 1162 μιᾶς,
509 1106 559 1150 ου’
576 1109 667 1150 δυσὶ
689 1106 901 1150 πνεύσεσιν
925 1106 953 1160 ἦ
974 1105 1257 1160 ἐκπορεύσεσιν
1277 1104 1375 1178 α’λλα
1398 1110 1472 1173 μιᾷ
1495 1106 1566 1148 καὶ

115 1169 168 1221 τῇ
192 1162 296 1236 αὐτῇ
318 1163 621 1218 ἐκπορεύεσθαι.
676 1169 795 1206 τοῦτο
825 1163 987 1207 α’νωθεν
1017 1161 1211 1217 ωμολόγει
1235 1163 1301 1204 καὶ
1327 1148 1507 1204 διδάσκει
1533 1162 1565 1216 ἤ

116 1220 203 1275 Σερᾶ
232 1222 301 1264 καὶ
333 1221 426 1275 ἇγία
453 1218 646 1274 Ῥωμαίκή
679 1221 886 1274 ἐκκλησία,
916 1239 941 1273 η
967 1237 1094 1272 μητηρ
1116 1218 1282 1260 πάντων
1305 1235 1388 1259 των
1408 1222 1566 1260 πιστῶν

115 1294 185 1319 και
205 1276 454 1326 διδάσκαλος.
511 1281 626 1318 τοῦτο
650 1277 800 1329 κατέχει
819 1294 844 1329 η
866 1281 945 1317 τῶν
966 1272 1194 1329 ὄρθοδόξων
1215 1274 1406 1343 πατέρων
1418 1274 1487 1316 καὶ
1506 1276 1566 1315 διο

115 1331 323 1379 δασκαλων
341 1350 420 1374 των
438 1349 478 1373 τε
495 1334 683 1373 Λατίνων
709 1333 778 1374 καὶ
797 1348 880 1373 των
900 1336 1080 1383 Γραικῶν
1102 1329 1261 1383 ἀληθὴς
1283 1331 1350 1371 καὶ
1379 1327 1563 1384 viperaxi-

115 1405 236 1439 νητος
257 1392 414 1442 ψῆφος.
454 1389 531 1427 hoc
548 1396 628 1427 est.
662 1391 882 1441 Gregorius
900 1390 1126 1426 Decimus
1109 1403 1151 1425 ιη
1170 1386 1287 1439 apud
1307 1386 1566 1439 Lugdunum

115 1453 360 1498 congregata
378 1447 600 1483 universali
620 1445 792 1496 svnodo,
825 1444 971 1483 devota
989 1453 1026 1482 et
1044 1443 1167 1496 fideli
1189 1445 1433 1494 confessione
1457 1442 1564 1481 dici-

116 1517 207 1540 mus
231 1504 429 1554 Spiritum
455 1504 651 1540 Sanctum
681 1503 936 1540 aeternaliter
961 1517 1005 1539 ex
1017 1508 1138 1552 patre
1158 1501 1324 1551 etfilio,
1353 1514 1432 1537 non
1454 1507 1562 1537 tam-

116 1573 242 1611 quam
269 1573 315 1596 ex
339 1558 495 1596 duobus
518 1560 734 1609 principiis
763 1557 836 1595 sed
867 1565 1075 1609 tamquam
1095 1571 1141 1594 ex
1166 1571 1270 1605 uno,
1298 1570 1379 1594 non
1400 1555 1562 1593 duabus

115 1615 410 1666 spirationibus
446 1622 522 1652 aut
552 1615 877 1671 processionibus
899 1614 972 1651 sed
1001 1628 1085 1652 una
1114 1620 1151 1650 et
1181 1611 1317 1650 eadem
1335 1610 1563 1663 procedere

114 1671 201 1709 hoc
211 1671 406 1709 hactenus
419 1673 607 1721 professa
628 1679 707 1722 est,
728 1669 1008 1722 praedicavit,
1036 1669 1194 1719 docuit,
1223 1669 1485 1719 hoc-firmiter
1505 1675 1563 1705 te-

115 1734 197 1776 net,
216 1726 455 1779 praedicat,
477 1728 692 1779 profitetur
709 1736 745 1765 et
765 1726 876 1765 docet
892 1733 1151 1765 sacrosancta
1168 1727 1358 1763 Romana
1384 1724 1564 1771 eeclesia,

116 1790 246 1826 mater-
269 1786 445 1821 omnium
460 1783 652 1834 fidelium
676 1792 713 1822 et
737 1786 950 1835 magistra.
1007 1783 1082 1820 hoc
1106 1782 1224 1819 habet
1251 1778 1565 1818 orthodoxorum

113 1846 279 1890 patrum
299 1847 419 1890 atque
435 1839 642 1877 doctorum
658 1842 902 1878 Latinorum
915 1841 1074 1890 pariter
1093 1846 1130 1874 et
1149 1839 1392 1875 Graecorum
1415 1848 1508 1872 vera
1527 1841 1565 1871 eb

118 1895 459 1932 incommutabilis
482 1898 690 1933 sementia.
744 1896 801 1934 ita
831 1896 887 1934 ibi
918 1894 1130 1944 Gregoiius
1149 1894 1210 1940 X,
1240 1891 1373 1929 statim
1392 1896 1483 1941 post
1498 1889 1562 1927 in-

117 1950 255 1989 dicans
273 1963 323 1988 ex
347 1951 421 1988 ista
441 1964 520 1988 non
544 1951 636 1988 satis
664 1951 851 1989 distincte
870 1950 983 1988 obse]
985 1956 1075 1987 vata
1099 1948 1266 1986 veritate
1284 1947 1417 1998 lapsos
1439 1960 1564 1997 quos.-

118 2005 274 2044 damin
301 2005 431 2045 varias
455 2005 656 2054 haereses,
685 2019 826 2058 nempe
851 2006 948 2043 duas
970 2005 1064 2042 istas
1083 2017 1103 2041 e
1123 2002 1320 2040 contrario
1346 2001 1561 2054 oppositas,

118 2061 336 2100 dicentium
365 2075 415 2099 ex
443 2062 528 2099 solo
557 2068 667 2111 patre
692 2062 906 2113 procedere
932 2062 1119 2097 Sanctum
1140 2058 1352 2110 Spiritum,
1381 2064 1421 2096 et
1441 2058 1560 2096 affir-

117 2118 308 2156 mantium
334 2130 384 2155 ex
410 2123 521 2168 patre
545 2117 704 2167 filioque
734 2117 914 2155 eumdem
937 2122 1136 2166 tamquam
1164 2127 1214 2152 ex
1236 2114 1390 2152 duobus
1410 2127 1561 2166 proce-

119 2174 211 2212 dere
235 2173 453 2225 principiis.
510 2173 617 2223 quod
644 2179 854 2225 utrumque
880 2172 1109 2210 exorbitata
1127 2176 1236 2208 recta
1260 2170 1363 2219 fide,
1390 2169 1488 2208 hinc
1509 2169 1560 2208 ad

119 2230 319 2268 dexteram
338 2229 447 2266 illinc
468 2229 517 2267 ad
536 2229 732 2266 sinistram
753 2229 801 2266 ab
824 2241 904 2267 una
926 2241 1020 2265 vera
1038 2227 1112 2264 sita
1131 2226 1175 2263 in
1197 2226 1327 2264 medio
1348 2226 1560 2264 deflectens

118 2285 197 2324 via.
254 2285 347 2336 quia
383 2298 478 2323 vero
513 2284 616 2322 hanc
652 2284 864 2323 secundam
893 2283 1082 2321 haeresim
1112 2282 1190 2320 duo
1219 2282 1384 2335 Spiritui
1414 2283 1559 2320 Sancto

117 2341 317 2393 principia
338 2341 596 2391 assignantem
617 2340 756 2379 Graeci
780 2340 927 2378 Latinis
944 2338 1212 2391 imputabant,
1241 2344 1280 2376 et
1297 2338 1467 2390 priorem
1485 2352 1560 2390 pa-

117 2397 173 2435 tri
190 2397 266 2435 soli
282 2397 366 2436 eius
381 2397 686 2449 productionem
706 2397 942 2435 tribuentem
958 2395 1083 2432 Latini
1099 2394 1272 2432 vicissim
1290 2394 1559 2446 impingebant

121 2454 304 2502 Graecis,
331 2458 376 2491 ut
399 2453 532 2491 ambos
553 2459 621 2490 aut
639 2466 772 2491 errore
787 2458 856 2490 aut
875 2451 1100 2503 suspicione
1115 2450 1200 2489 istis
1218 2451 1429 2501 Gregorius
1457 2464 1560 2502 pur-

119 2514 247 2559 garet,
274 2515 394 2561 prout
423 2509 473 2547 ad
497 2509 791 2547 consensionem
815 2509 919 2546 inter
939 2514 1128 2557 utrosque
1145 2506 1414 2544 stabiliendam
1433 2520 1559 2557 opor-

119 2565 248 2613 tebat,
274 2566 380 2603 ultro
409 2565 570 2603 damnat
594 2566 710 2603 falsas
740 2564 945 2615 opiniones
974 2564 1068 2600 istas
1097 2568 1136 2600 et
1159 2568 1206 2600 ut
1226 2562 1440 2600 haereticas
1458 2575 1558 2629 pro-

121 2619 268 2659 scribit.
323 2621 444 2659 verba
461 2622 543 2659 eius
559 2621 827 2671 superioribus
852 2619 1036 2658 continua
1055 2617 1137 2688 hic„
1141 2618 1413 2658 describamus.
1472 2612 1558 2656 ἄλλ’

120 2674 205 2714 ἐπεὶ
222 2690 326 2724 τινες
345 2674 411 2716 διὰ
425 2680 496 2727 τῆς
513 2673 710 2729 ἆρρήκτου
731 2673 877 2727 ταύτης
897 2672 1090 2725 ἆληθείας
1110 2689 1281 2740 αγνοιαν
1298 2689 1353 2720 εις
1378 2672 1559 2720 ποικίλας

121 2728 288 2780 αιρέσεις
308 2731 618 2782 ὖπωλίσθησαν,
645 2732 760 2785 ημεῖς
781 2735 913 2772 πᾶσαν
937 2729 1036 2771 ὁδον
1062 2734 1148 2777 ταῖς
1166 2727 1366 2776 τοιαύταις
1388 2727 1558 2794 αἱρέσεσι

121 2781 386 2840 ἀποφράττειν
418 2786 734 2840 ἐπιθυμοῦντες,
761 2791 834 2840 τῆς
866 2787 975 2841 ἱερᾶς
1002 2785 1354 2839 συμψηφιζομένης
1374 2779 1557 2834 συνόδου,
