1820 3112
187 155 282 204 140
604 158 839 202 GEORGII
867 159 1217 203 PACHYMERIS

183 271 289 316 καθ’
321 270 446 315 αὖτόν
475 270 578 325 πρὸς
607 276 792 315 τοιοῦτον
820 270 932 326 ὕψος
959 271 1227 329 ὑπεκορίζετο.
1297 273 1398 324 τέως
1419 275 1464 317 δὲ
1488 274 1562 334 βίᾳ
1583 278 1642 334 τῷ

181 343 311 384 δοκεῖν
341 339 543 395 βασιλέως
573 342 639 382 καὶ
666 345 741 395 τῆς
771 339 947 384 συνόδου
978 340 1186 384 κατανεύει
1211 343 1278 384 καὶ
1299 342 1373 398 τὴν
1395 340 1646 399 πρόσκλησιν

181 410 351 463 δέχεται.
422 404 526 463 ἦσαν
553 408 597 451 δ’
634 408 762 459 εὐθὺς
784 410 835 452 τὰ
855 411 1049 464 προοίμια
1079 410 1173 453 ἄλλ’
1195 410 1300 452 ἄττα
1321 410 1433 466 παρὰ
1453 411 1504 454 τὰ
1525 409 1644 468 φθά-

131 490 160 526 Β
184 494 314 521 σαντα
333 491 342 501 ·
379 479 476 534 πεζῇ
495 477 572 533 γὰρ
596 476 792 532 ἠβούλετο
816 479 1048 534 διέρχεσθαι
1070 479 1143 529 τὰς
1162 477 1284 528 ὁδοὺς
1305 477 1460 533 ἕνδυμᾶ
1477 497 1518 523 τε
1541 497 1643 536 τρα-

178 546 230 602 χὺ
251 546 386 603 φέρειν
409 548 474 588 καὶ
494 544 679 599 βλαύτας
697 548 854 597 εἰκαίως
874 547 1205 603 ηὗτουργημένας
1225 546 1501 591 ὖποδεδὲσθαι
1518 550 1584 591 καὶ
1602 549 1676 592 ἒνό

184 616 359 674 παντοία
379 612 556 670 λιτότητι
579 617 734 670 διαζῆν.
804 616 910 670 πλὴν
929 616 976 658 οὐ
1001 617 1067 658 διὰ
1087 616 1209 659 ταῦτ’
1235 618 1424 671 ε’ζητεΐτο.
1495 616 1544 659 οὔ
1567 617 1647 675 γὰρ

185 682 423 737 ἐνδυμάτων
447 685 512 725 καὶ
535 687 727 736 βλαυτῶν
752 679 804 739 ἦν
825 686 891 727 καὶ
911 684 1158 740 αὖτουργίας
1178 685 1223 727 τὸ
1245 683 1298 734 ὡς
1320 687 1384 727 δεῖ
1405 686 1645 739 ποιμαίνειν,

185 752 291 795 ἀλλὰ
312 756 451 807 ψυχῆς
470 747 511 794 εὖ
529 750 698 807 ἐχούσης
721 753 823 809 πρὸς
842 758 965 796 τοῦτο
980 786 993 806 ,
1028 752 1188 809 ἀγάπην
1202 751 1422 809 χωρούσης
1440 753 1644 810 Χριστοῦ,

186 821 246 863 δι’
270 815 318 875 ἧς
337 821 383 863 τὸ
414 820 520 863 κατὰ
545 821 728 883 Χριστὸν
755 823 980 875 ποιμαίνειν
1003 824 1206 878 ἐγγίνεται.
1276 824 1310 864 εἶ
1327 826 1454 879 φιλεῖς
1482 839 1532 877 με
1550 819 1642 879 γάρ,

185 889 343 944 Πέτρε,
382 890 510 945 φησί,
547 891 732 943 ποίμαινε
752 891 803 932 τὰ
828 889 1018 946 πρόβατά
1037 909 1132 945 μου.
1205 890 1278 934 οὐκ
1296 890 1395 934 ἄλλο
1413 891 1464 946 δὴ
1484 888 1647 941 πάντως
1659 897 1703 931 10

186 956 213 1014 ἦ
239 960 296 1008 εἷς
324 958 509 1014 Χριστὸν
539 957 676 1014 ἀγάπη
712 957 734 1013 ἢ
765 959 811 1002 τὸ
834 959 963 1014 αὐτὴν
990 960 1038 1014 δὴ
1061 961 1134 1014 τὴν
1155 963 1338 1017 Χριστοῦ
1369 957 1530 1015 ἀγάπην
1547 959 1648 1014 ἔχειν

135 1043 166 1078 c
189 1028 232 1070 ἒν
251 1031 303 1084 τῇ
323 1031 452 1083 ψυχῇ.
523 1025 659 1082 ἀγάπη
688 1028 732 1070 δὲ
758 1031 946 1084 Χριστοῦ
970 1028 1015 1071 τὸ
1037 1031 1180 1070 δοῦναι
1204 1028 1278 1082 τὴν
1297 1028 1434 1083 ψυχὴν
1455 1029 1521 1070 καὶ
1543 1027 1649 1070 ἀπο-

184 1100 329 1138 θανεῖν
350 1093 451 1150 ὖπέρ
481 1093 596 1151 ἡμῶν
619 1097 685 1138 καὶ
708 1094 764 1138 ἔτι
792 1095 995 1149 μενόντων
1019 1095 1288 1152 ἁμαρτωλῶν.
1358 1101 1482 1140 τοῦτο
1505 1096 1548 1139 δ’
1571 1091 1650 1138 αὗ-

185 1169 257 1214 θις
276 1163 350 1219 τὴν
373 1164 474 1219 πρὸς
495 1164 590 1214 τούς
610 1162 924 1221 ἁμαρτάνοντας
945 1164 1206 1220 συμπάθειαν
1226 1169 1419 1224 παριστᾷ.
1491 1165 1552 1214 τίς
1569 1161 1648 1221 γάρ

186 1250 285 1275 ποτε
317 1232 364 1275 τὸ
398 1235 542 1275 οἰκεῖον
569 1233 692 1287 με’λος
711 1238 858 1276 νοσοῦν
883 1231 1125 1289 θεραπεύων
1151 1233 1225 1276 οὐκ
1253 1234 1380 1288 ἠπίως
1399 1231 1562 1290 ἆφεῒται
1580 1234 1647 1275 καὶ
1660 1237 1705 1273 15

187 1301 339 1356 ἱλαρῶς
358 1303 492 1359 ἐκείνῳ
514 1302 800 1358 προσφέρεται,
824 1302 897 1345 κᾶν
919 1303 982 1359 ζέῃ
1003 1301 1239 1357 σκώληκας;
1267 1304 1327 1352 τίς
1347 1302 1392 1344 δὲ
1413 1303 1479 1344 καὶ
1491 1305 1650 1356 θριαμ-

187 1367 342 1423 βεύσειε
368 1370 415 1412 τὸ
446 1368 664 1424 ἐλάττωμα
695 1369 869 1423 ἑαυτοῦ,
913 1373 946 1414 εἲ
971 1371 1029 1426 μὴ
1047 1373 1113 1413 καὶ
1133 1375 1290 1424 μᾶλλον
1321 1369 1648 1424 κατανοουμένου

186 1437 559 1495 ὑπεραπολογοῖτο,·
595 1439 642 1482 τὸ
669 1439 745 1495 γὰρ
761 1441 905 1482 οἰκεῖον
924 1439 1043 1491 πιέζει
1064 1444 1158 1492 πᾶν,
1195 1439 1301 1482 κατὰ
1321 1440 1545 1496 Πίνδαρον.
1582 1439 1651 1480 καὶ

138 1514 171 1550 D
193 1507 378 1565 Χριστὸς
395 1507 468 1562 μέν
478 1540 492 1561 ,
531 1507 592 1550 ὅτι
612 1510 679 1552 καὶ
696 1505 821 1563 μόνον
843 1509 961 1563 ἐσμὲν
977 1511 1164 1565 Χριστοῦ
1186 1509 1252 1551 καὶ
1279 1507 1326 1551 τὸ
1349 1506 1451 1550 αὐτὸ
1473 1506 1650 1565 φέρομεν

284 1641 340 1676 12.
364 1638 431 1685 τό]
457 1641 526 1676 τοῦ
552 1640 594 1675 Ρ.

193 1754 371 1790 confestim
404 1754 597 1800 acquievit,
642 1754 835 1800 aliquandiu
867 1754 1050 1800 persistens
1080 1754 1117 1788 in
1147 1752 1368 1788 detrectando
1399 1752 1489 1788 tanti
1521 1751 1653 1795 fastigii

193 1812 349 1836 ascensu.
394 1804 507 1834 tamen
532 1801 574 1835 ad
598 1805 782 1835 extremum
808 1801 893 1843 vim,
929 1807 968 1835 ut
990 1801 1096 1835 videri
1118 1801 1244 1843 voluit,
1276 1799 1374 1845 quasi
1396 1799 1564 1845 quandam
1585 1798 1653 1833 sibi

193 1849 237 1882 ab
260 1847 462 1892 imperatore
486 1859 527 1881 ac
549 1848 675 1891 synodo
697 1847 825 1881 illatam
848 1859 913 1880 non
938 1847 1122 1887 sustinens,
1155 1846 1361 1881 auctoritate
1392 1849 1489 1880 tanta
1517 1849 1652 1891 pertra-

193 1898 269 1927 ctus
293 1894 335 1927 ad
359 1904 532 1927 assensum
556 1894 671 1927 annuit
705 1893 981 1938 vocationemque
1005 1893 1150 1927 admisit.
1195 1903 1272 1926 mox
1304 1892 1477 1937 prooemia
1510 1901 1655 1935 coepere

194 1939 287 1973 cerni
311 1939 438 1981 speciei
463 1951 504 1973 ac
529 1940 639 1973 cultus
663 1939 876 1985 patriarchae
908 1939 1090 1984 designati,
1122 1937 1205 1972 satis
1236 1949 1256 1972 a
1279 1937 1550 1982 praecedentium
1572 1947 1655 1970 con-

194 1985 373 2019 suetudine
397 1985 540 2020 diversa.
586 1986 690 2031 pedes
714 1985 800 2019 enim
818 1985 885 2019 iter
907 1986 1020 2019 facere
1043 1984 1201 2026 instituit,
1226 1989 1420 2029 vestemque
1439 1984 1532 2018 ferre
1555 1993 1655 2028 aspe-

195 2042 280 2072 ram,
303 2036 338 2063 et
361 2031 505 2064 calceari
529 2031 673 2076 crepidis
695 2031 770 2064 rudi
794 2042 835 2064 ac
857 2031 1022 2065 subitaria
1043 2030 1149 2076 ipsius
1176 2042 1280 2074 opera
1302 2030 1474 2071 consutis,
1507 2028 1654 2073 denique

194 2076 229 2110 in
253 2076 342 2110 omni
364 2076 459 2110 vitae
482 2082 579 2121 parte
613 2077 758 2111 infimam
790 2077 987 2111 tenuitatem
1011 2082 1047 2111 et
1081 2076 1242 2110 vilitatem
1266 2075 1440 2110 affectare.
1486 2081 1656 2108 caeterum

196 2133 262 2155 non
286 2122 328 2155 ob
352 2122 436 2154 haec
458 2123 631 2166 quaesitus
653 2125 775 2157 fuerat.
824 2135 889 2157 non
913 2123 1052 2157 enimin
1075 2123 1199 2156 vestitu
1222 2134 1263 2155 ac
1286 2122 1432 2166 crepidis
1455 2132 1553 2155 manu
1574 2131 1656 2164 pro-

196 2167 273 2213 pria
294 2167 560 2211 deproperandis
583 2169 673 2202 sacri
697 2169 842 2214 pastoris
865 2173 958 2203 recte
971 2169 1066 2212 fungi
1089 2168 1202 2202 officio
1225 2167 1327 2201 situm
1350 2171 1415 2209 est,
1439 2167 1498 2201 sed
1522 2165 1567 2199 ad
1591 2166 1655 2198 hoc

198 2214 326 2247 animus
360 2212 544 2257 requiritur
575 2215 703 2248 idoneis
735 2215 766 2248 ei
800 2215 964 2249 curationi
997 2214 1150 2248 sensibus
1182 2218 1218 2247 et
1247 2213 1429 2247 affectibus
1457 2212 1656 2251 instructus,

199 2258 326 2292 Christi
349 2260 548 2302 praesertim
570 2259 750 2294 instinctus
773 2261 935 2303 caritate,
969 2272 1057 2305 quae
1080 2260 1261 2305 praecipue
1282 2259 1414 2293 modum
1436 2269 1478 2291 ac
1507 2256 1575 2290 vim
1597 2255 1656 2289 in-

198 2304 304 2348 spirat
326 2303 442 2348 gregis
465 2304 628 2338 ecclesiae
650 2306 747 2340 iuxta
771 2307 901 2340 Christi
928 2307 1083 2352 spiritum
1107 2305 1280 2351 pascendi.
1326 2315 1401 2338 nam
1423 2302 1452 2336 si
1473 2311 1566 2336 amas
1588 2312 1655 2344 ine,

197 2350 320 2391 Petre,
355 2349 481 2394 inquit,
513 2361 615 2394 pasce
643 2362 725 2385 oves
758 2363 859 2386 meas.
905 2364 971 2386 non
1005 2352 1097 2386 aliud
1127 2351 1278 2385 nimirum
1309 2347 1471 2383 eiusmodi
1503 2346 1655 2381 officium

222 2395 298 2430 lene
319 2395 463 2430 absolvit
486 2407 585 2440 quam
609 2408 702 2430 amor
726 2397 874 2439 Christi,
905 2403 964 2432 aut
991 2398 1099 2443 ipsam
1129 2396 1258 2430 Christi
1279 2394 1454 2428 caritatem
1485 2392 1522 2426 in
1544 2392 1656 2427 anima

198 2407 337 2476 Habere.
386 2440 511 2474 Christi
535 2446 645 2475 autem
669 2443 795 2476 caritas
827 2455 868 2477 ea
902 2449 954 2477 est
977 2455 1044 2488 qua
1065 2443 1123 2475 ille
1145 2442 1240 2475 dedit
1262 2440 1430 2485 propriam
1451 2438 1595 2472 animam
1619 2441 1656 2472 et

198 2492 340 2521 mortem
370 2486 473 2520 subiit
499 2498 560 2531 pro
591 2487 709 2527 nobis,
744 2500 818 2521 cum
850 2494 1046 2532 peccatores
1079 2487 1186 2521 adhuc
1220 2496 1378 2519 essemus.
1423 2484 1515 2529 quod
1537 2494 1656 2518 rursus

200 2532 461 2578 compassionem
483 2532 518 2565 in
542 2537 721 2576 peccantes
743 2534 900 2566 insinuat.
947 2534 1022 2579 quis
1041 2533 1126 2566 euim
1144 2531 1313 2576 proprium
1337 2531 1518 2565 membrum
1535 2539 1658 2563 curans

199 2590 267 2614 non
289 2577 322 2612 id
337 2578 470 2623 placide
492 2582 691 2620 contrectat,
706 2590 771 2612 non
790 2579 911 2612 blande
931 2590 971 2612 ac
992 2578 1155 2612 benevole
1177 2577 1257 2611 illud
1279 2578 1384 2620 fovet,
1403 2575 1467 2621 etsi
1487 2575 1657 2609 vermibus

200 2625 359 2659 scateat?
377 2625 452 2671 quis
473 2623 615 2668 maligne
634 2625 794 2658 traducat
810 2629 845 2658 et
860 2625 991 2668 publico
1011 2623 1174 2657 insultans
1190 2622 1336 2656 ludibrio
1353 2620 1586 2667 propinaverit
1602 2619 1657 2655 sui.

199 2668 350 2712 membri,
361 2670 424 2705 hoc
439 2674 493 2704 est
508 2681 604 2704 suum
615 2670 720 2715 ipsius
731 2670 860 2710 vitium,
883 2671 972 2715 quod
987 2669 1113 2715 potius,
1135 2668 1165 2703 si
1181 2680 1247 2714 quo
1262 2669 1354 2702 forte
1368 2679 1448 2702 casu
1462 2667 1497 2700 in
1512 2666 1656 2700 alienam

200 2716 356 2751 notitiam
382 2716 587 2751 emanaverit
602 2741 613 2758 ‚
636 2727 800 2750 excusare
823 2716 956 2750 solicite
978 2715 1124 2749 debeat?
1147 2726 1221 2748 nam
1246 2713 1404 2759 propriae
1427 2723 1591 2758 quemque
1605 2711 1658 2746 rei

201 2773 283 2796 cura
295 2766 331 2797 et
342 2773 460 2797 sensus
472 2762 578 2807 augit,
589 2762 683 2796 iuxta
700 2762 823 2796 dictum
838 2761 984 2796 Pindari.
1012 2773 1052 2795 ac
1065 2760 1222 2795 Christus
1233 2759 1379 2805 quidem,
1395 2770 1435 2793 eo
1447 2759 1552 2794 solum
1567 2756 1659 2803 quod

203 2807 390 2844 Christiani
405 2819 518 2844 sumus
535 2812 571 2844 et
585 2809 724 2844 ferimus
740 2811 890 2843 sanctum
907 2807 1013 2854 ipsius
1026 2817 1158 2852 nomen,
1168 2807 1318 2841 membra
1332 2816 1392 2840 uos
1409 2807 1445 2840 et
1457 2807 1591 2852 partem
1604 2801 1658 2838 sui
