1820 3112
182 156 281 205 224
601 151 839 199 GEORGII
873 147 1224 197 PACHYMERIS

180 272 327 316 νὲσθαι
355 264 622 324 διομνύμενος
655 267 727 310 καί
749 284 792 324 γε
819 270 1257 325 προσφιλοτιμηθῆναι
1282 267 1336 310 τὰ
1361 267 1534 325 μέγιστα
1543 301 1557 321 ,
1602 267 1656 323 ἦν

179 358 260 384 που
290 340 356 382 καὶ
391 336 642 394 στραφέντες
669 334 1067 392 μεταβουλεύσαιντο
1099 338 1166 380 καὶ
1195 338 1250 386 εἲς
1265 337 1503 392 συμπλοκὴν
1523 339 1655 392 δῆθεν

182 404 440 465 παραστάσει
471 405 653 460 πολέμου
673 408 898 463 παραδοῖεν
928 406 1000 449 τὸν
1020 402 1391 460 ἀποστατήσαντα·
1428 403 1559 456 δόξειν
1576 405 1654 462 γὰρ

182 479 372 521 ἐντεῦθεν
389 477 456 519 καὶ
477 474 667 532 ἀγαθοὺς
687 476 755 518 καὶ
775 475 880 532 πρὸς
904 475 1077 530 βασιλέα
1096 471 1288 528 πιστούς,
1326 475 1395 517 καὶ
1415 473 1457 524 ἐς
1478 472 1501 518 ὅ
1520 491 1559 517 τι
1580 475 1655 529 μὲν

131 548 163 582 Ε
190 547 257 589 καὶ
285 545 492 602 πέπρακτο
524 543 727 594 ἀκουσίως
754 544 1093 601 ἀναγκασθέντας
1122 547 1453 599 καθνπαχθῆναι
1489 546 1542 600 τῇ
1579 546 1690 588 τοῦδ

182 618 327 672 καιροῦ
357 611 492 672 ῥύμῃ,
536 613 595 668 μὴ
632 613 800 668 ἔχοντας
832 614 1063 657 ἀντιτείνειν
1093 615 1160 656 καὶ
1193 616 1394 656 τοσοῦτον
1419 615 1586 667 πλῆθος
1601 610 1659 662 εἷς

180 682 416 739 μεταβολὰς
433 682 807 739 παρακεκινημένον
830 684 1004 738 ἐπισχεῖν
1018 716 1030 735 ,
1067 682 1114 725 τὸ
1137 682 1182 725 δέ
1202 681 1336 738 παρὸν
1366 680 1470 730 τέως
1488 676 1659 724 ἐνστάν-

180 770 253 803 τος
272 756 441 809 καιροῦ,
479 753 546 794 καὶ
567 751 731 809 ἀνδρῶν
751 751 960 809 φανέντων
979 751 1333 807 ἀντιστησομένων
1353 756 1441 800 τοῖς
1458 747 1654 806 γεγονόσι,

184 823 252 865 καὶ
273 821 426 871 αὐτοὺς
449 818 637 876 ἑτοίμους
667 821 1004 877 μετακληθέντας
1030 820 1104 875 τὴν
1133 820 1319 875 ἀρχῆθεν
1347 820 1484 862 πίστιν
1506 819 1659 876 ἐμφαί-

43 896 72 930 Ρ
98 896 164 935 152
187 908 267 935 νειν
298 894 357 950 τῷ
384 896 586 947 συνεργεῖν
610 896 697 940 τοῖς
726 889 1045 944 ἀνθισταμένοις
1073 891 1129 939 εἷς
1157 888 1279 934 ἅπαν.
1349 887 1476 931 αὐτὸν
1494 889 1519 931 δ
1527 886 1539 904 ’
1558 888 1658 931 ἐκεί-
1671 895 1716 931 10

186 977 282 1010 νους
304 959 581 1013 ἀναδέχεσθαι
602 959 661 1015 μὴ
689 957 799 1010 ὅπως
821 964 972 1002 παθεῖν
1002 977 1040 1003 τι
1059 958 1163 1013 πρὸς
1178 957 1382 1013 βασιλέως
1401 961 1485 1000 τῶν
1513 956 1661 1012 ἀνηκέ-

186 1046 319 1082 στων,
358 1027 463 1070 ἀλλὰ
481 1029 549 1070 καὶ
574 1028 803 1084 εὐεργεσίας
826 1026 966 1085 εὖρεῒν.
1037 1032 1171 1070 ταῦτα
1191 1027 1288 1076 τούς
1311 1026 1418 1083 ἀμφὶ
1439 1026 1512 1069 τὸν
1538 1029 1660 1083 Χορ-

185 1096 335 1153 τάτζην
359 1094 618 1147 ἀκούσαντας
647 1097 712 1140 ἐπὶ
746 1094 935 1140 πλεῖστόν
954 1113 997 1140 τε
1015 1100 1346 1153 γνωσιμαχῆσαι,
1381 1096 1448 1138 καὶ
1484 1096 1526 1144 ἐς
1555 1099 1661 1150 βου·-

188 1166 264 1222 λὴν
297 1165 455 1209 θέσθαι
489 1167 531 1216 ἐς
559 1164 582 1208 ὃ
621 1165 669 1208 τὸ
699 1165 914 1209 ἀκίνδυνον
956 1163 1117 1215 ἑαυτοῖς
1154 1165 1270 1221 σφίσι
1308 1171 1540 1220 περιποιεῖν.
1610 1162 1659 1206 τὸ

185 1237 210 1279 δ
218 1235 230 1251 ²
253 1230 303 1291 ἦν
327 1232 382 1285 ὡς
402 1236 436 1277 εἷ
453 1235 529 1289 μὲν
550 1234 813 1290 βιασαμένων
834 1235 993 1278 ἐκείνων
1022 1234 1094 1277 τὸν
1113 1232 1344 1290 στρατηγὸν
1363 1231 1490 1282 αὐτὸς
1503 1233 1659 1288 χωροίη
1672 1237 1715 1273 15

187 1306 255 1348 καὶ
278 1305 320 1354 ἐς
338 1303 395 1346 τὰ
416 1305 563 1358 μείζω,
602 1302 707 1347 ὥστε
730 1306 798 1346 καὶ
829 1301 1001 1359 ὀνόματι
1031 1301 1132 1354 εἶξαι
1163 1304 1229 1345 καὶ
1250 1298 1514 1359 παρασήμοις
1531 1298 1662 1357 συνή-

137 1369 167 1404 Β
191 1378 312 1428 θεσι,
351 1370 444 1416 τότε
469 1374 538 1415 καὶ
556 1371 709 1423 αὐτοὺς
731 1372 783 1417 τὰ
816 1372 942 1417 πιστὰ
969 1369 1177 1427 λαβόντας
1194 1369 1251 1422 ὥς
1268 1372 1323 1422 εἷς
1347 1370 1464 1421 τέλος
1485 1369 1661 1422 ἆνθεξο-

281 1484 335 1518 11.
359 1482 436 1518 ταῖν
458 1481 590 1518 deerat.

188 1586 255 1609 non
287 1573 395 1608 solum
426 1573 630 1608 oblivionem
661 1576 698 1608 et
719 1573 850 1609 veniam
882 1573 1019 1616 delicti,
1053 1574 1115 1608 sed
1145 1572 1296 1619 praemia
1326 1571 1467 1618 insuper
1495 1571 1661 1618 ingentia,

187 1620 286 1656 modo
317 1620 519 1654 inducerent
550 1619 586 1653 in
621 1620 788 1662 animuin,
819 1621 909 1665 quod
942 1621 1044 1654 facile
1078 1631 1155 1653 mox
1187 1624 1319 1653 stantes
1349 1618 1383 1652 in
1404 1619 1479 1653 acie
1510 1623 1662 1664 possent,

187 1666 473 1712 comprehendere
495 1665 687 1700 rebellionis
709 1672 882 1701 auctorem
905 1666 1040 1712 sibique
1062 1666 1198 1700 dedere.
1245 1664 1295 1699 sic
1325 1665 1558 1710 appariturum
1581 1674 1664 1710 per-

187 1717 319 1748 tractos
343 1723 401 1746 eos
424 1712 460 1746 in
482 1711 706 1746 defectionem
737 1713 848 1747 aliena
878 1713 934 1755 vi,
969 1711 1060 1758 quod
1096 1710 1159 1746 soli
1179 1716 1251 1744 tam
1279 1711 1392 1745 multis
1414 1711 1450 1745 in
1473 1711 1585 1746 scelus
1605 1710 1662 1745 in-

187 1759 424 1794 cumbentibus
447 1759 614 1792 obsistere
637 1758 882 1804 nequivissent,
906 1758 972 1792 etsi
991 1758 1133 1792 maxime
1154 1761 1330 1802 cuperent.
1374 1757 1504 1802 frigere
1525 1756 1662 1802 quidem

186 1806 289 1840 istam
313 1805 418 1849 vulgo
442 1804 691 1839 excusationem
715 1808 751 1838 et
783 1816 844 1851 pro
868 1804 1036 1839 tralatitia
1058 1803 1248 1844 contemni,
1281 1802 1341 1837 ubi
1365 1803 1500 1838 ex-reis
1522 1802 1662 1837 auditur

188 1852 411 1897 deprehensis
442 1851 479 1885 in
508 1851 680 1894 facinore,
708 1850 778 1885 nisi
810 1861 885 1886 eam
917 1849 1156 1895 irrefragabile
1188 1848 1414 1883 testimonium
1435 1848 1556 1884 fulciat
1575 1847 1663 1884 fecti

187 1897 383 1944 opportuni.
429 1897 529 1931 huius
552 1908 589 1932 se
611 1897 696 1943 ipsis
719 1897 915 1931 facultatem
939 1895 1126 1942 occupandi
1155 1895 1320 1940 praesidii
1342 1895 1480 1930 offerre.
1526 1905 1663 1930 movere

189 1955 228 1978 se
262 1944 297 1978 in
319 1943 660 1989 Philanthropenum‚
690 1947 727 1978 et
761 1944 893 1990 copiam
927 1943 960 1977 ei
993 1941 1237 1988 quamprimum
1268 1941 1357 1975 velle
1390 1941 1514 1986 praelii
1535 1942 1663 1976 facere.

192 1989 355 2024 ordinatis
378 1990 412 2023 in
435 2001 554 2036 campo
578 1989 699 2036 copiis,
721 1998 801 2024 ante
824 1989 1101 2032 commissionem,
1129 1987 1418 2022 circumsisterent
1438 1988 1558 2022 ducem
1579 1986 1663 2022 sibi-

191 2047 259 2080 que
289 2036 490 2080 prehensum
522 2036 710 2070 traderent.
756 2036 956 2071 documento
987 2035 1021 2069 id
1052 2035 1241 2069 certissimo
1272 2035 1423 2068 futurum
1446 2034 1581 2068 minime
1605 2044 1665 2068 as—

192 2092 310 2115 sensos
332 2094 415 2117 vera
438 2083 616 2117 voluntate
649 2081 796 2117 consiliis
816 2081 1006 2117 rebellionis
1031 2082 1237 2122 Cretenses,
1268 2080 1390 2125 utique
1411 2080 1471 2125 qui
1494 2091 1570 2114 cum
1591 2078 1664 2125 pri-

194 2138 282 2161 mum
314 2127 506 2172 potuerint,
543 2128 643 2162 fidem
673 2128 710 2162 in
731 2129 920 2174 Augustum
951 2133 1021 2162 tam
1042 2128 1230 2162 luculenter
1255 2126 1561 2162 constantissimam
1581 2134 1664 2170 per·-

194 2172 298 2206 duelli
323 2174 496 2218 prodendo
519 2175 791 2209 monstraverint.
837 2174 1027 2209 istiusmodi
1058 2172 1274 2220 peresficacis
1301 2173 1508 2207 evincendae
1539 2180 1664 2205 causae

192 2219 343 2263 ipsorum
366 2221 555 2264 argumenti
579 2221 608 2254 si
631 2221 809 2255 materiam
832 2221 916 2264 sibi,
948 2221 1039 2266 quod
1062 2222 1097 2254 in
1120 2223 1278 2266 promptu
1300 2219 1477 2259 haberent,
1499 2215 1664 2252 submini-

194 2269 306 2298 strare
329 2277 395 2299 non
419 2267 635 2309 omitterent,
670 2272 789 2301 sancte
823 2267 992 2312 spondere
1014 2278 1111 2308 sese,
1146 2278 1188 2301 ac
1221 2264 1342 2310 quovis
1363 2264 1505 2309 pignore
1525 2263 1664 2297 firmare

192 2310 386 2354 religionem
410 2312 502 2356 pacti
526 2313 616 2346 ultro
638 2314 740 2356 velle,
765 2314 940 2349 victricem
963 2313 1194 2347 defensionem
1215 2311 1430 2344 innocentiae
1450 2308 1602 2353 ipsorum
1624 2319 1663 2343 se

193 2360 430 2402 peroraturum
461 2359 551 2403 apud
585 2360 776 2403 Augustos,
813 2364 850 2394 et
876 2363 1016 2405 praeter
1049 2358 1286 2405 purgationem
1318 2354 1518 2400 suspicionis
1546 2355 1581 2389 in
1602 2365 1664 2389 eos

193 2402 299 2436 omnis
322 2403 527 2448 largissimas
551 2405 683 2439 cunctis
701 2405 784 2450 ipsis
809 2417 850 2439 ac
872 2406 1015 2449 singulis
1038 2416 1059 2438 a
1081 2402 1316 2438 liberalissima
1338 2401 1527 2446 principum
1549 2400 1664 2445 gratia

194 2449 484 2483 remunerationes
505 2455 774 2494 procuraturum.
821 2451 875 2485 his
895 2452 1102 2485 Chortatzes
1123 2453 1160 2484 et
1187 2447 1287 2494 primi
1310 2447 1525 2481 Cretensium
1549 2447 1583 2480 in
1605 2457 1664 2481 ar-

195 2505 280 2528 cano
304 2494 426 2529 auditis
450 2496 571 2530 seriam
594 2497 710 2531 statim
731 2497 775 2531 de
805 2508 844 2531 re
865 2502 941 2531 tota
963 2507 1076 2531 secum
1108 2494 1190 2540 ipsis
1215 2492 1489 2527 deliberationem
1510 2497 1590 2527 sunt
1611 2491 1665 2526 in*

194 2540 319 2584 gressi.
366 2540 469 2575 multo
502 2541 574 2575 illic
606 2546 791 2587 pugnatum
821 2542 980 2576 conflictu
1012 2540 1278 2581 sententiarum,
1309 2542 1349 2573 ut
1378 2538 1510 2573 cunctis
1539 2538 1574 2572 in
1594 2538 1665 2572 fine

195 2587 387 2632 appetendo
410 2587 529 2620 salutis
552 2589 815 2635 securitatisque
839 2587 1021 2623 communis
1043 2586 1185 2631 egregie
1207 2585 1492 2630 conspirantibus,
1513 2583 1565 2618 ita
1587 2584 1665 2630 qui-

193 2633 258 2667 bus
280 2632 359 2667 illas
379 2632 446 2667 viis
470 2637 506 2666 et
529 2638 607 2667 utra
629 2634 665 2668 in
687 2635 836 2679 partium
860 2634 1006 2669 invicem
1027 2633 1234 2667 insensatum
1257 2630 1382 2665 certius
1405 2630 1664 2674 constituerent,

195 2679 294 2712 varia
317 2678 513 2714 coniectura
546 2681 756 2714 certantibus
788 2680 972 2727 plerisque.
1017 2679 1155 2713 tandem
1186 2688 1350 2711 consensu
1382 2676 1526 2710 omnium
1561 2676 1665 2718 sedit,

196 2725 366 2769 profunde
390 2724 600 2759 dissimulato
624 2736 645 2759 a
668 2726 854 2762 Libadario
877 2725 1012 2768 indicio,
1035 2725 1131 2759 adire
1154 2724 1198 2758 de
1224 2734 1311 2758 novo
1334 2723 1664 2767 Philanthropeuum‚

196 2781 470 2817 magnopereque
491 2770 620 2805 instare
650 2777 691 2805 ut
713 2782 833 2807 nomen
854 2777 897 2808 et*
920 2771 1069 2816 insignia
1090 2774 1204 2805 sumat
1223 2768 1371 2815 imperii.
1414 2769 1444 2803 si
1465 2766 1666 2814 persuaderi

198 2827 237 2851 se
257 2817 396 2861 sineret,
418 2821 490 2852 tum
513 2817 684 2852 fortunam
705 2818 779 2852 eius
802 2819 846 2855 ad
869 2822 1054 2854 menum
1076 2821 1319 2863 sequerentun
1342 2815 1396 2850 sin
1417 2814 1608 2850 obstineret
1627 2812 1665 2847 in
