<?xml version="1.0" encoding="UTF-8"?>
<!DOCTYPE html PUBLIC "-//W3C//DTD XHTML 1.0 Transitional//EN"
    "http://www.w3.org/TR/xhtml1/DTD/xhtml1-transitional.dtd">
<html xmlns="http://www.w3.org/1999/xhtml" xml:lang="en" lang="en">
 <head>
  <title>
</title>
<meta http-equiv="Content-Type" content="text/html;charset=utf-8" />
  <meta name='ocr-system' content='tesseract 3.04.00' />
  <meta name='ocr-capabilities' content='ocr_page ocr_carea ocr_par ocr_line ocrx_word'/>
</head>
<body>
  <div class='ocr_page' id='page_1' title='image "./corpusscriptorum18niebuoft_0697.png"; bbox 0 0 1858 3126; ppageno 0'>
   <div class='ocr_carea' id='block_1_1' title="bbox 581 150 1588 201">
    <p class='ocr_par' dir='ltr' id='par_1_1' title="bbox 581 150 1588 201">
     <span class='ocr_line' id='line_1_1' title="bbox 581 150 1588 201; baseline -0.003 -1"><span class='ocrx_word' id='word_1_1' title='bbox 581 156 686 201; x_wconf 83' lang='lat' dir='ltr'><strong>LIB.</strong></span> <span class='ocrx_word' id='word_1_2' title='bbox 715 155 751 201; x_wconf 86' lang='lat'>1.</span> <span class='ocrx_word' id='word_1_3' title='bbox 803 152 1164 199; x_wconf 77' lang='lat' dir='ltr'>GLOSSARIUM.</span> <span class='ocrx_word' id='word_1_4' title='bbox 1493 150 1588 198; x_wconf 83' lang='lat'>681</span> 
     </span>
    </p>
   </div>
   <div class='ocr_carea' id='block_1_2' title="bbox 156 259 1741 2823">
    <p class='ocr_par' dir='ltr' id='par_1_2' title="bbox 156 259 1741 2711">
     <span class='ocr_line' id='line_1_2' title="bbox 268 259 1592 321; baseline -0.006 -11"><span class='ocrx_word' id='word_1_5' title='bbox 268 264 713 321; x_wconf 67' lang='grc' dir='ltr'>ἔσκαμματισμὲνος</span> <span class='ocrx_word' id='word_1_6' title='bbox 738 277 776 317; x_wconf 88' lang='lat' dir='ltr'>p.</span> <span class='ocrx_word' id='word_1_7' title='bbox 800 262 880 306; x_wconf 87' lang='lat'>115</span> <span class='ocrx_word' id='word_1_8' title='bbox 896 277 939 303; x_wconf 79' lang='lat' dir='ltr'>v.</span> <span class='ocrx_word' id='word_1_9' title='bbox 958 266 1022 305; x_wconf 77' lang='lat'>11.</span> <span class='ocrx_word' id='word_1_10' title='bbox 1077 262 1173 315; x_wconf 87' lang='lat' dir='ltr'>quid</span> <span class='ocrx_word' id='word_1_11' title='bbox 1190 261 1242 301; x_wconf 78' lang='lat' dir='ltr'>ait</span> <span class='ocrx_word' id='word_1_12' title='bbox 1256 260 1436 301; x_wconf 82' lang='lat' dir='ltr'>hocloco</span> <span class='ocrx_word' id='word_1_13' title='bbox 1452 259 1592 313; x_wconf 68' lang='grc' dir='ltr'>ἔσκαμ·</span> 
     </span>
     <span class='ocr_line' id='line_1_3' title="bbox 157 317 1595 377; baseline -0.007 -12"><span class='ocrx_word' id='word_1_14' title='bbox 157 323 391 377; x_wconf 53' lang='lat' dir='ltr'>masmae</span> <span class='ocrx_word' id='word_1_15' title='bbox 408 323 541 362; x_wconf 79' lang='lat' dir='ltr'>minus</span> <span class='ocrx_word' id='word_1_16' title='bbox 563 322 706 361; x_wconf 87' lang='lat' dir='ltr'>mirum</span> <span class='ocrx_word' id='word_1_17' title='bbox 723 327 782 360; x_wconf 78' lang='lat' dir='ltr'>est</span> <span class='ocrx_word' id='word_1_18' title='bbox 796 320 971 370; x_wconf 85' lang='lat' dir='ltr'>ignotum</span> <span class='ocrx_word' id='word_1_19' title='bbox 988 319 1086 358; x_wconf 87' lang='lat' dir='ltr'>mihi</span> <span class='ocrx_word' id='word_1_20' title='bbox 1104 331 1184 357; x_wconf 78' lang='lat' dir='ltr'>esse</span> <span class='ocrx_word' id='word_1_21' title='bbox 1201 331 1391 369; x_wconf 66' lang='lat' dir='ltr'>nusquam</span> <span class='ocrx_word' id='word_1_22' title='bbox 1410 317 1501 356; x_wconf 68' lang='lat' dir='ltr'>alibi</span> <span class='ocrx_word' id='word_1_23' title='bbox 1515 317 1595 357; x_wconf 80' lang='lat' dir='ltr'>tale</span> 
     </span>
     <span class='ocr_line' id='line_1_4' title="bbox 156 373 1596 426; baseline -0.006 -7"><span class='ocrx_word' id='word_1_24' title='bbox 156 380 391 419; x_wconf 78' lang='lat' dir='ltr'>vocabulum</span> <span class='ocrx_word' id='word_1_25' title='bbox 418 384 559 426; x_wconf 84' lang='lat' dir='ltr'>nacto,</span> <span class='ocrx_word' id='word_1_26' title='bbox 594 391 683 417; x_wconf 86' lang='lat' dir='ltr'>cum</span> <span class='ocrx_word' id='word_1_27' title='bbox 713 390 763 416; x_wconf 88' lang='lat' dir='ltr'>ne</span> <span class='ocrx_word' id='word_1_28' title='bbox 788 376 977 415; x_wconf 70' lang='lat' dir='ltr'>Vaticano</span> <span class='ocrx_word' id='word_1_29' title='bbox 1005 375 1162 426; x_wconf 84' lang='lat' dir='ltr'>quidem</span> <span class='ocrx_word' id='word_1_30' title='bbox 1190 374 1467 426; x_wconf 74' lang='lat' dir='ltr'>paraphrastae</span> <span class='ocrx_word' id='word_1_31' title='bbox 1488 373 1596 412; x_wconf 75' lang='lat' dir='ltr'>vocis</span> 
     </span>
     <span class='ocr_line' id='line_1_5' title="bbox 156 429 1598 486; baseline -0.003 -12"><span class='ocrx_word' id='word_1_32' title='bbox 156 434 275 474; x_wconf 73' lang='lat' dir='ltr'>liuius</span> <span class='ocrx_word' id='word_1_33' title='bbox 291 441 458 486; x_wconf 70' lang='lat' dir='ltr'>potestas</span> <span class='ocrx_word' id='word_1_34' title='bbox 487 440 684 486; x_wconf 71' lang='lat' dir='ltr'>perspecta</span> <span class='ocrx_word' id='word_1_35' title='bbox 701 432 835 481; x_wconf 83' lang='lat' dir='ltr'>suerit,</span> <span class='ocrx_word' id='word_1_36' title='bbox 862 436 982 482; x_wconf 89' lang='lat' dir='ltr'>prout</span> <span class='ocrx_word' id='word_1_37' title='bbox 999 437 1158 483; x_wconf 88' lang='lat' dir='ltr'>apparet</span> <span class='ocrx_word' id='word_1_38' title='bbox 1186 443 1237 468; x_wconf 84' lang='lat' dir='ltr'>ex</span> <span class='ocrx_word' id='word_1_39' title='bbox 1256 443 1303 468; x_wconf 89' lang='lat' dir='ltr'>eo</span> <span class='ocrx_word' id='word_1_40' title='bbox 1327 429 1434 481; x_wconf 85' lang='lat' dir='ltr'>quod</span> <span class='ocrx_word' id='word_1_41' title='bbox 1458 429 1598 481; x_wconf 75' lang='grc' dir='ltr'>ἐσκαμ·</span> 
     </span>
     <span class='ocr_line' id='line_1_6' title="bbox 158 484 1599 544; baseline -0.006 -13"><span class='ocrx_word' id='word_1_42' title='bbox 158 489 392 544; x_wconf 66' lang='grc' dir='ltr'>ματισμένος</span> <span class='ocrx_word' id='word_1_43' title='bbox 405 491 480 529; x_wconf 78' lang='lat' dir='ltr'>viri</span> <span class='ocrx_word' id='word_1_44' title='bbox 495 503 637 528; x_wconf 81' lang='lat' dir='ltr'>nomen</span> <span class='ocrx_word' id='word_1_45' title='bbox 650 488 828 540; x_wconf 86' lang='lat' dir='ltr'>intelligit</span> <span class='ocrx_word' id='word_1_46' title='bbox 847 487 1020 526; x_wconf 75' lang='lat' dir='ltr'>distincti</span> <span class='ocrx_word' id='word_1_47' title='bbox 1039 501 1061 525; x_wconf 88' lang='lat' dir='ltr'>a</span> <span class='ocrx_word' id='word_1_48' title='bbox 1077 486 1381 538; x_wconf 74' lang='lat' dir='ltr'>Moschampare,</span> <span class='ocrx_word' id='word_1_49' title='bbox 1398 485 1516 524; x_wconf 79' lang='lat' dir='ltr'>huius</span> <span class='ocrx_word' id='word_1_50' title='bbox 1530 484 1599 523; x_wconf 77' lang='lat' dir='ltr'>vi-</span> 
     </span>
     <span class='ocr_line' id='line_1_7' title="bbox 160 539 1600 598; baseline -0.003 -14"><span class='ocrx_word' id='word_1_51' title='bbox 160 546 300 585; x_wconf 76' lang='lat' dir='ltr'>delicet</span> <span class='ocrx_word' id='word_1_52' title='bbox 323 546 367 584; x_wconf 89' lang='lat' dir='ltr'>in</span> <span class='ocrx_word' id='word_1_53' title='bbox 389 545 705 598; x_wconf 74' lang='lat' dir='ltr'>chartophylacis·</span> <span class='ocrx_word' id='word_1_54' title='bbox 730 543 856 584; x_wconf 85' lang='lat' dir='ltr'>officio</span> <span class='ocrx_word' id='word_1_55' title='bbox 881 543 1121 582; x_wconf 70' lang='lat' dir='ltr'>successoria.</span> <span class='ocrx_word' id='word_1_56' title='bbox 1176 543 1231 581; x_wconf 82' lang='lat' dir='ltr'>sic</span> <span class='ocrx_word' id='word_1_57' title='bbox 1256 543 1359 582; x_wconf 88' lang='lat' dir='ltr'>enim</span> <span class='ocrx_word' id='word_1_58' title='bbox 1386 542 1434 580; x_wconf 88' lang='lat' dir='ltr'>ab</span> <span class='ocrx_word' id='word_1_59' title='bbox 1460 554 1505 580; x_wconf 88' lang='lat' dir='ltr'>eo</span> <span class='ocrx_word' id='word_1_60' title='bbox 1533 539 1600 579; x_wconf 87' lang='lat' dir='ltr'>hic</span> 
     </span>
     <span class='ocr_line' id='line_1_8' title="bbox 159 597 1600 654; baseline -0.003 -13"><span class='ocrx_word' id='word_1_61' title='bbox 159 601 269 641; x_wconf 83' lang='lat' dir='ltr'>locua</span> <span class='ocrx_word' id='word_1_62' title='bbox 284 602 482 640; x_wconf 77' lang='lat' dir='ltr'><strong>redditur:</strong></span> <span class='ocrx_word' id='word_1_63' title='bbox 511 600 669 654; x_wconf 74' lang='grc' dir='ltr'>συμβᾶν</span> <span class='ocrx_word' id='word_1_64' title='bbox 685 599 730 642; x_wconf 75' lang='grc' dir='ltr'>δέ</span> <span class='ocrx_word' id='word_1_65' title='bbox 752 617 790 641; x_wconf 85' lang='grc' dir='ltr'>τι</span> <span class='ocrx_word' id='word_1_66' title='bbox 808 598 876 640; x_wconf 77' lang='grc' dir='ltr'>καὶ</span> <span class='ocrx_word' id='word_1_67' title='bbox 895 598 983 651; x_wconf 74' lang='grc' dir='ltr'>περὶ</span> <span class='ocrx_word' id='word_1_68' title='bbox 1003 597 1071 640; x_wconf 77' lang='grc' dir='ltr'>τὰν</span> <span class='ocrx_word' id='word_1_69' title='bbox 1089 597 1440 651; x_wconf 74' lang='grc' dir='ltr'>ἐσκεμματισμένον</span> <span class='ocrx_word' id='word_1_70' title='bbox 1464 611 1600 650; x_wconf 64' lang='lat' dir='ltr'>zamo-</span> 
     </span>
     <span class='ocr_line' id='line_1_9' title="bbox 160 650 1601 711; baseline -0.004 -12"><span class='ocrx_word' id='word_1_71' title='bbox 160 655 323 709; x_wconf 68' lang='grc' dir='ltr'>φύλακα</span> <span class='ocrx_word' id='word_1_72' title='bbox 337 657 404 698; x_wconf 74' lang='grc' dir='ltr'>καὶ</span> <span class='ocrx_word' id='word_1_73' title='bbox 425 655 717 711; x_wconf 75' lang='grc' dir='ltr'>Μοσχᾶμπαρα.</span> <span class='ocrx_word' id='word_1_74' title='bbox 765 656 915 708; x_wconf 78' lang='grc' dir='ltr'><strong><em>ἔχοντες</em></strong></span> <span class='ocrx_word' id='word_1_75' title='bbox 942 651 1017 696; x_wconf 77' lang='grc' dir='ltr'>οὖν</span> <span class='ocrx_word' id='word_1_76' title='bbox 1037 650 1149 696; x_wconf 80' lang='grc' dir='ltr'><strong>οὗτοι</strong></span> <span class='ocrx_word' id='word_1_77' title='bbox 1171 654 1238 694; x_wconf 80' lang='grc' dir='ltr'>καὶ</span> <span class='ocrx_word' id='word_1_78' title='bbox 1260 652 1333 695; x_wconf 73' lang='grc' dir='ltr'>τὸν</span> <span class='ocrx_word' id='word_1_79' title='bbox 1355 656 1601 706; x_wconf 77' lang='grc' dir='ltr'><em>Πεντεκκλη·</em></span> 
     </span>
     <span class='ocr_line' id='line_1_10' title="bbox 158 709 1601 767; baseline -0.006 -13"><span class='ocrx_word' id='word_1_80' title='bbox 158 709 305 765; x_wconf 66' lang='grc' dir='ltr'><strong><em>σιότην</em></strong></span> <span class='ocrx_word' id='word_1_81' title='bbox 325 712 531 754; x_wconf 74' lang='grc' dir='ltr'><strong><em>ἔνεκότουν</em></strong></span> <span class='ocrx_word' id='word_1_82' title='bbox 550 716 608 767; x_wconf 74' lang='grc' dir='ltr'>τῷ</span> <span class='ocrx_word' id='word_1_83' title='bbox 622 709 848 767; x_wconf 75' lang='grc' dir='ltr'>πατριᾶρχῃ.</span> <span class='ocrx_word' id='word_1_84' title='bbox 879 713 934 750; x_wconf 79' lang='lat' dir='ltr'>ita</span> <span class='ocrx_word' id='word_1_85' title='bbox 950 711 1029 761; x_wconf 81' lang='lat' dir='ltr'>ille,</span> <span class='ocrx_word' id='word_1_86' title='bbox 1046 717 1129 749; x_wconf 74' lang='lat' dir='ltr'>tres</span> <span class='ocrx_word' id='word_1_87' title='bbox 1145 723 1305 762; x_wconf 82' lang='lat' dir='ltr'>ponens,</span> <span class='ocrx_word' id='word_1_88' title='bbox 1324 710 1392 748; x_wconf 87' lang='lat' dir='ltr'>ubi</span> <span class='ocrx_word' id='word_1_89' title='bbox 1410 709 1504 747; x_wconf 74' lang='lat' dir='ltr'>satis</span> <span class='ocrx_word' id='word_1_90' title='bbox 1521 721 1601 746; x_wconf 78' lang='lat' dir='ltr'>ma-</span> 
     </span>
     <span class='ocr_line' id='line_1_11' title="bbox 158 765 1601 818; baseline -0.003 -10"><span class='ocrx_word' id='word_1_91' title='bbox 158 769 299 808; x_wconf 74' lang='lat' dir='ltr'>nifeste</span> <span class='ocrx_word' id='word_1_92' title='bbox 322 768 491 808; x_wconf 88' lang='lat' dir='ltr'>duorum</span> <span class='ocrx_word' id='word_1_93' title='bbox 510 775 661 808; x_wconf 85' lang='lat' dir='ltr'>tantum</span> <span class='ocrx_word' id='word_1_94' title='bbox 686 775 823 808; x_wconf 82' lang='lat' dir='ltr'><strong>auctor</strong></span> <span class='ocrx_word' id='word_1_95' title='bbox 838 768 1036 814; x_wconf 83' lang='lat' dir='ltr'>meminit,</span> <span class='ocrx_word' id='word_1_96' title='bbox 1066 766 1367 818; x_wconf 75' lang='lat' dir='ltr'>Moschamparia</span> <span class='ocrx_word' id='word_1_97' title='bbox 1385 765 1601 804; x_wconf 85' lang='lat' dir='ltr'>excharto-</span> 
     </span>
     <span class='ocr_line' id='line_1_12' title="bbox 158 821 1601 878; baseline -0.003 -16"><span class='ocrx_word' id='word_1_98' title='bbox 158 823 340 877; x_wconf 80' lang='lat' dir='ltr'>phylacia</span> <span class='ocrx_word' id='word_1_99' title='bbox 365 831 404 864; x_wconf 90' lang='lat' dir='ltr'>et</span> <span class='ocrx_word' id='word_1_100' title='bbox 429 824 855 878; x_wconf 76' lang='lat' dir='ltr'>Quinqueecclesiensia</span> <span class='ocrx_word' id='word_1_101' title='bbox 880 823 1081 863; x_wconf 79' lang='lat' dir='ltr'>antistitis.</span> <span class='ocrx_word' id='word_1_102' title='bbox 1138 836 1227 861; x_wconf 83' lang='lat' dir='ltr'>nam</span> <span class='ocrx_word' id='word_1_103' title='bbox 1249 836 1340 861; x_wconf 90' lang='lat' dir='ltr'>cum</span> <span class='ocrx_word' id='word_1_104' title='bbox 1362 821 1601 860; x_wconf 76' lang='lat' dir='ltr'>nominasset</span> 
     </span>
     <span class='ocr_line' id='line_1_13' title="bbox 160 877 1601 935; baseline -0.005 -13"><span class='ocrx_word' id='word_1_105' title='bbox 160 881 522 934; x_wconf 73' lang='grc' dir='ltr'>ἐσκαμματισμένον</span> <span class='ocrx_word' id='word_1_106' title='bbox 552 878 846 935; x_wconf 74' lang='grc' dir='ltr'>χαρτοφῦλακα,</span> <span class='ocrx_word' id='word_1_107' title='bbox 885 894 980 920; x_wconf 86' lang='lat' dir='ltr'>mox</span> <span class='ocrx_word' id='word_1_108' title='bbox 1017 892 1219 932; x_wconf 78' lang='lat' dir='ltr'>exponens</span> <span class='ocrx_word' id='word_1_109' title='bbox 1254 879 1342 930; x_wconf 81' lang='lat' dir='ltr'>quia</span> <span class='ocrx_word' id='word_1_110' title='bbox 1367 877 1403 917; x_wconf 81' lang='lat' dir='ltr'>is</span> <span class='ocrx_word' id='word_1_111' title='bbox 1431 883 1530 916; x_wconf 70' lang='lat' dir='ltr'>esset</span> <span class='ocrx_word' id='word_1_112' title='bbox 1560 882 1601 915; x_wconf 88' lang='lat' dir='ltr'>et</span> 
     </span>
     <span class='ocr_line' id='line_1_14' title="bbox 161 932 1603 989; baseline -0.002 -15"><span class='ocrx_word' id='word_1_113' title='bbox 161 949 279 988; x_wconf 82' lang='lat' dir='ltr'>quam</span> <span class='ocrx_word' id='word_1_114' title='bbox 304 936 356 974; x_wconf 90' lang='lat' dir='ltr'>ob</span> <span class='ocrx_word' id='word_1_115' title='bbox 385 951 537 976; x_wconf 75' lang='lat' dir='ltr'>causam</span> <span class='ocrx_word' id='word_1_116' title='bbox 561 936 917 989; x_wconf 77' lang='grc' dir='ltr'>ἔσκαμματισμὲνος</span> <span class='ocrx_word' id='word_1_117' title='bbox 939 936 1155 984; x_wconf 78' lang='lat' dir='ltr'><strong>diceretur,</strong></span> <span class='ocrx_word' id='word_1_118' title='bbox 1181 933 1444 987; x_wconf 74' lang='lat' dir='ltr'>parenthesim</span> <span class='ocrx_word' id='word_1_119' title='bbox 1462 932 1603 972; x_wconf 79' lang='lat' dir='ltr'>inserit</span> 
     </span>
     <span class='ocr_line' id='line_1_15' title="bbox 162 990 1601 1046; baseline -0.003 -15"><span class='ocrx_word' id='word_1_120' title='bbox 162 1005 241 1044; x_wconf 81' lang='lat' dir='ltr'>qua</span> <span class='ocrx_word' id='word_1_121' title='bbox 272 991 388 1031; x_wconf 88' lang='lat' dir='ltr'>docet</span> <span class='ocrx_word' id='word_1_122' title='bbox 414 992 750 1046; x_wconf 83' lang='lat' dir='ltr'>Moschamparem</span> <span class='ocrx_word' id='word_1_123' title='bbox 789 993 921 1031; x_wconf 79' lang='lat' dir='ltr'>officio</span> <span class='ocrx_word' id='word_1_124' title='bbox 955 991 1297 1043; x_wconf 71' lang='lat' dir='ltr'>chartophylacis,</span> <span class='ocrx_word' id='word_1_125' title='bbox 1334 990 1445 1042; x_wconf 77' lang='lat' dir='ltr'>prius</span> <span class='ocrx_word' id='word_1_126' title='bbox 1482 1000 1601 1041; x_wconf 86' lang='lat' dir='ltr'>quam</span> 
     </span>
     <span class='ocr_line' id='line_1_16' title="bbox 161 1045 1600 1100; baseline -0.003 -14"><span class='ocrx_word' id='word_1_127' title='bbox 161 1047 259 1086; x_wconf 74' lang='lat' dir='ltr'>haec</span> <span class='ocrx_word' id='word_1_128' title='bbox 275 1047 417 1087; x_wconf 79' lang='lat' dir='ltr'>fierent</span> <span class='ocrx_word' id='word_1_129' title='bbox 436 1049 578 1100; x_wconf 74' lang='lat' dir='ltr'>quibua</span> <span class='ocrx_word' id='word_1_130' title='bbox 601 1063 640 1088; x_wconf 90' lang='lat' dir='ltr'>se</span> <span class='ocrx_word' id='word_1_131' title='bbox 658 1049 864 1088; x_wconf 81' lang='lat' dir='ltr'>narrandis</span> <span class='ocrx_word' id='word_1_132' title='bbox 883 1048 1127 1099; x_wconf 85' lang='lat' dir='ltr'>accingebat,</span> <span class='ocrx_word' id='word_1_133' title='bbox 1157 1046 1381 1095; x_wconf 71' lang='lat' dir='ltr'>decessisse,</span> <span class='ocrx_word' id='word_1_134' title='bbox 1408 1045 1490 1084; x_wconf 86' lang='lat' dir='ltr'>hoc</span> <span class='ocrx_word' id='word_1_135' title='bbox 1511 1045 1600 1096; x_wconf 78' lang='lat' dir='ltr'>ipso</span> 
     </span>
     <span class='ocr_line' id='line_1_17' title="bbox 160 1102 1599 1168; baseline -0.002 -27"><span class='ocrx_word' id='word_1_136' title='bbox 160 1103 342 1142; x_wconf 73' lang='lat' dir='ltr'>indicans</span> <span class='ocrx_word' id='word_1_137' title='bbox 370 1104 730 1157; x_wconf 80' lang='grc' dir='ltr'>ἐσκαμματισμένον</span> <span class='ocrx_word' id='word_1_138' title='bbox 748 1102 1025 1156; x_wconf 75' lang='grc' dir='ltr'>χαρτοφύλακα</span> <span class='ocrx_word' id='word_1_139' title='bbox 1043 1103 1110 1142; x_wconf 86' lang='lat' dir='ltr'>hic</span> <span class='ocrx_word' id='word_1_140' title='bbox 1128 1116 1149 1140; x_wconf 92' lang='lat' dir='ltr'>a</span> <span class='ocrx_word' id='word_1_141' title='bbox 1166 1116 1207 1141; x_wconf 81' lang='lat' dir='ltr'>se</span> <span class='ocrx_word' id='word_1_142' title='bbox 1228 1102 1402 1154; x_wconf 84' lang='lat' dir='ltr'>positum</span> <span class='ocrx_word' id='word_1_143' title='bbox 1423 1114 1499 1168; x_wconf 74' lang='lat' dir='ltr'>pro</span> <span class='ocrx_word' id='word_1_144' title='bbox 1524 1113 1599 1139; x_wconf 86' lang='lat' dir='ltr'>ex-</span> 
     </span>
     <span class='ocr_line' id='line_1_18' title="bbox 161 1155 1599 1213; baseline -0.003 -16"><span class='ocrx_word' id='word_1_145' title='bbox 161 1158 467 1212; x_wconf 80' lang='lat' dir='ltr'>chartophylaoe</span> <span class='ocrx_word' id='word_1_146' title='bbox 484 1162 568 1199; x_wconf 75' lang='lat' dir='ltr'>sive</span> <span class='ocrx_word' id='word_1_147' title='bbox 588 1161 890 1213; x_wconf 77' lang='lat' dir='ltr'>chartophylace</span> <span class='ocrx_word' id='word_1_148' title='bbox 910 1165 1178 1198; x_wconf 81' lang='lat' dir='ltr'>exauctorato.</span> <span class='ocrx_word' id='word_1_149' title='bbox 1235 1157 1330 1209; x_wconf 87' lang='lat' dir='ltr'>quid</span> <span class='ocrx_word' id='word_1_150' title='bbox 1360 1170 1520 1209; x_wconf 81' lang='grc' dir='ltr'>σκαμμα</span> <span class='ocrx_word' id='word_1_151' title='bbox 1547 1155 1599 1194; x_wconf 81' lang='lat' dir='ltr'>ait</span> 
     </span>
     <span class='ocr_line' id='line_1_19' title="bbox 161 1212 1601 1268; baseline -0.005 -11"><span class='ocrx_word' id='word_1_152' title='bbox 161 1220 203 1253; x_wconf 69' lang='lat' dir='ltr'>et</span> <span class='ocrx_word' id='word_1_153' title='bbox 234 1214 330 1265; x_wconf 80' lang='lat' dir='ltr'>quid</span> <span class='ocrx_word' id='word_1_154' title='bbox 358 1213 407 1256; x_wconf 72' lang='grc' dir='ltr'>τοὶ</span> <span class='ocrx_word' id='word_1_155' title='bbox 435 1215 678 1268; x_wconf 75' lang='grc' dir='ltr'>ἐσκαμμένα,</span> <span class='ocrx_word' id='word_1_156' title='bbox 707 1217 854 1255; x_wconf 85' lang='lat' dir='ltr'>nemini</span> <span class='ocrx_word' id='word_1_157' title='bbox 877 1223 936 1255; x_wconf 78' lang='lat' dir='ltr'>est</span> <span class='ocrx_word' id='word_1_158' title='bbox 954 1217 1133 1266; x_wconf 83' lang='lat' dir='ltr'>ignotum</span> <span class='ocrx_word' id='word_1_159' title='bbox 1152 1227 1234 1252; x_wconf 89' lang='lat' dir='ltr'>non</span> <span class='ocrx_word' id='word_1_160' title='bbox 1256 1213 1373 1265; x_wconf 86' lang='lat' dir='ltr'>plane</span> <span class='ocrx_word' id='word_1_161' title='bbox 1394 1212 1601 1266; x_wconf 84' lang='lat' dir='ltr'>peregrino</span> 
     </span>
     <span class='ocr_line' id='line_1_20' title="bbox 161 1268 1605 1322; baseline -0.001 -15"><span class='ocrx_word' id='word_1_162' title='bbox 161 1269 208 1308; x_wconf 76' lang='lat' dir='ltr'>in</span> <span class='ocrx_word' id='word_1_163' title='bbox 224 1269 463 1310; x_wconf 81' lang='lat' dir='ltr'>Graecorum</span> <span class='ocrx_word' id='word_1_164' title='bbox 483 1273 672 1311; x_wconf 87' lang='lat' dir='ltr'>librorum</span> <span class='ocrx_word' id='word_1_165' title='bbox 688 1273 870 1311; x_wconf 85' lang='lat' dir='ltr'>lectione.</span> <span class='ocrx_word' id='word_1_166' title='bbox 927 1271 1021 1322; x_wconf 90' lang='lat' dir='ltr'>quid</span> <span class='ocrx_word' id='word_1_167' title='bbox 1042 1277 1169 1309; x_wconf 90' lang='lat' dir='ltr'>autem</span> <span class='ocrx_word' id='word_1_168' title='bbox 1189 1269 1257 1307; x_wconf 91' lang='lat' dir='ltr'>hic</span> <span class='ocrx_word' id='word_1_169' title='bbox 1276 1268 1520 1307; x_wconf 76' lang='lat' dir='ltr'>comminisci</span> <span class='ocrx_word' id='word_1_170' title='bbox 1537 1280 1605 1306; x_wconf 82' lang='lat' dir='ltr'>ve-</span> 
     </span>
     <span class='ocr_line' id='line_1_21' title="bbox 162 1324 1605 1380; baseline 0 -17"><span class='ocrx_word' id='word_1_171' title='bbox 162 1324 364 1365; x_wconf 71' lang='lat' dir='ltr'>risimilius</span> <span class='ocrx_word' id='word_1_172' title='bbox 377 1341 584 1379; x_wconf 73' lang='lat' dir='ltr'>possumus</span> <span class='ocrx_word' id='word_1_173' title='bbox 603 1341 719 1380; x_wconf 87' lang='lat' dir='ltr'>quam</span> <span class='ocrx_word' id='word_1_174' title='bbox 738 1329 803 1367; x_wconf 85' lang='lat' dir='ltr'>vel</span> <span class='ocrx_word' id='word_1_175' title='bbox 818 1327 979 1366; x_wconf 76' lang='lat' dir='ltr'>finxisse</span> <span class='ocrx_word' id='word_1_176' title='bbox 998 1326 1272 1378; x_wconf 81' lang='lat' dir='ltr'>Pachymerem</span> <span class='ocrx_word' id='word_1_177' title='bbox 1292 1325 1457 1363; x_wconf 79' lang='lat' dir='ltr'>verbum</span> <span class='ocrx_word' id='word_1_178' title='bbox 1475 1336 1605 1375; x_wconf 78' lang='grc' dir='ltr'>σκαμ-</span> 
     </span>
     <span class='ocr_line' id='line_1_22' title="bbox 162 1379 1606 1435; baseline -0.003 -13"><span class='ocrx_word' id='word_1_179' title='bbox 162 1381 337 1433; x_wconf 58' lang='lat' dir='ltr'>pnigea</span> <span class='ocrx_word' id='word_1_180' title='bbox 366 1395 417 1420; x_wconf 87' lang='lat' dir='ltr'>ex</span> <span class='ocrx_word' id='word_1_181' title='bbox 439 1383 598 1422; x_wconf 87' lang='lat' dir='ltr'>nomine</span> <span class='ocrx_word' id='word_1_182' title='bbox 625 1380 806 1435; x_wconf 75' lang='grc' dir='ltr'>σκάμμα,</span> <span class='ocrx_word' id='word_1_183' title='bbox 837 1384 902 1421; x_wconf 79' lang='lat' dir='ltr'>vel</span> <span class='ocrx_word' id='word_1_184' title='bbox 930 1383 973 1421; x_wconf 87' lang='lat' dir='ltr'>id</span> <span class='ocrx_word' id='word_1_185' title='bbox 997 1382 1162 1421; x_wconf 82' lang='lat' dir='ltr'>verbum</span> <span class='ocrx_word' id='word_1_186' title='bbox 1190 1387 1255 1419; x_wconf 85' lang='lat' dir='ltr'>aut</span> <span class='ocrx_word' id='word_1_187' title='bbox 1274 1379 1380 1432; x_wconf 88' lang='lat' dir='ltr'>apud</span> <span class='ocrx_word' id='word_1_188' title='bbox 1402 1386 1606 1418; x_wconf 78' lang='lat' dir='ltr'>auctorem</span> 
     </span>
     <span class='ocr_line' id='line_1_23' title="bbox 163 1434 1607 1491; baseline 0 -17"><span class='ocrx_word' id='word_1_189' title='bbox 163 1436 280 1475; x_wconf 73' lang='lat' dir='ltr'>nobis</span> <span class='ocrx_word' id='word_1_190' title='bbox 301 1437 543 1489; x_wconf 85' lang='lat' dir='ltr'>incognitum</span> <span class='ocrx_word' id='word_1_191' title='bbox 572 1445 772 1491; x_wconf 86' lang='lat' dir='ltr'>repertum</span> <span class='ocrx_word' id='word_1_192' title='bbox 802 1445 870 1478; x_wconf 85' lang='lat' dir='ltr'>aut</span> <span class='ocrx_word' id='word_1_193' title='bbox 899 1452 976 1477; x_wconf 84' lang='lat' dir='ltr'>usu</span> <span class='ocrx_word' id='word_1_194' title='bbox 1001 1437 1156 1489; x_wconf 80' lang='lat' dir='ltr'>vulgari</span> <span class='ocrx_word' id='word_1_195' title='bbox 1184 1436 1374 1475; x_wconf 73' lang='lat' dir='ltr'>sermonis</span> <span class='ocrx_word' id='word_1_196' title='bbox 1397 1434 1607 1487; x_wconf 84' lang='lat' dir='ltr'>Byzantini</span> 
     </span>
     <span class='ocr_line' id='line_1_24' title="bbox 163 1491 1608 1544; baseline 0 -14"><span class='ocrx_word' id='word_1_197' title='bbox 163 1496 264 1530; x_wconf 78' lang='lat' dir='ltr'>tuno</span> <span class='ocrx_word' id='word_1_198' title='bbox 296 1491 436 1532; x_wconf 86' lang='lat' dir='ltr'>tritum</span> <span class='ocrx_word' id='word_1_199' title='bbox 465 1508 558 1533; x_wconf 84' lang='lat' dir='ltr'>suae</span> <span class='ocrx_word' id='word_1_200' title='bbox 582 1493 769 1534; x_wconf 82' lang='lat' dir='ltr'>historiae</span> <span class='ocrx_word' id='word_1_201' title='bbox 800 1495 1023 1536; x_wconf 81' lang='lat' dir='ltr'>inseruisse.</span> <span class='ocrx_word' id='word_1_202' title='bbox 1079 1492 1294 1543; x_wconf 86' lang='lat' dir='ltr'>excogitari</span> <span class='ocrx_word' id='word_1_203' title='bbox 1315 1505 1436 1544; x_wconf 85' lang='lat' dir='ltr'>porro</span> <span class='ocrx_word' id='word_1_204' title='bbox 1456 1491 1608 1543; x_wconf 80' lang='lat' dir='ltr'>duplex</span> 
     </span>
     <span class='ocr_line' id='line_1_25' title="bbox 161 1547 1609 1603; baseline -0.001 -17"><span class='ocrx_word' id='word_1_205' title='bbox 161 1553 295 1600; x_wconf 77' lang='lat' dir='ltr'>potest</span> <span class='ocrx_word' id='word_1_206' title='bbox 311 1549 486 1588; x_wconf 79' lang='lat' dir='ltr'>notionis</span> <span class='ocrx_word' id='word_1_207' title='bbox 507 1551 599 1588; x_wconf 76' lang='lat' dir='ltr'>talia</span> <span class='ocrx_word' id='word_1_208' title='bbox 619 1550 714 1589; x_wconf 84' lang='lat' dir='ltr'>huic</span> <span class='ocrx_word' id='word_1_209' title='bbox 731 1551 941 1603; x_wconf 83' lang='lat' dir='ltr'>participio</span> <span class='ocrx_word' id='word_1_210' title='bbox 970 1547 1326 1601; x_wconf 74' lang='grc' dir='ltr'>ἐσκαμματισμένος</span> <span class='ocrx_word' id='word_1_211' title='bbox 1343 1547 1421 1586; x_wconf 86' lang='lat' dir='ltr'>hoc</span> <span class='ocrx_word' id='word_1_212' title='bbox 1436 1547 1525 1586; x_wconf 90' lang='lat' dir='ltr'>loco</span> <span class='ocrx_word' id='word_1_213' title='bbox 1542 1548 1609 1585; x_wconf 87' lang='lat' dir='ltr'>in-</span> 
     </span>
     <span class='ocr_line' id='line_1_26' title="bbox 163 1603 1605 1658; baseline -0.001 -16"><span class='ocrx_word' id='word_1_214' title='bbox 163 1603 271 1642; x_wconf 78' lang='lat' dir='ltr'>ditae</span> <span class='ocrx_word' id='word_1_215' title='bbox 296 1605 410 1645; x_wconf 78' lang='lat' dir='ltr'>ratio.</span> <span class='ocrx_word' id='word_1_216' title='bbox 479 1606 589 1657; x_wconf 85' lang='lat' dir='ltr'>prior</span> <span class='ocrx_word' id='word_1_217' title='bbox 617 1607 708 1658; x_wconf 87' lang='lat' dir='ltr'>quia</span> <span class='ocrx_word' id='word_1_218' title='bbox 737 1607 975 1645; x_wconf 74' lang='lat' dir='ltr'>tabularium</span> <span class='ocrx_word' id='word_1_219' title='bbox 1007 1605 1333 1652; x_wconf 84' lang='lat' dir='ltr'>ecclesiasticum,</span> <span class='ocrx_word' id='word_1_220' title='bbox 1370 1603 1434 1642; x_wconf 90' lang='lat' dir='ltr'>cui</span> <span class='ocrx_word' id='word_1_221' title='bbox 1462 1608 1605 1642; x_wconf 75' lang='lat' dir='ltr'>custo-</span> 
     </span>
     <span class='ocr_line' id='line_1_27' title="bbox 164 1657 1607 1714; baseline -0.001 -17"><span class='ocrx_word' id='word_1_222' title='bbox 164 1658 309 1697; x_wconf 77' lang='lat' dir='ltr'>diendo</span> <span class='ocrx_word' id='word_1_223' title='bbox 327 1662 575 1712; x_wconf 74' lang='lat' dir='ltr'>praepositus</span> <span class='ocrx_word' id='word_1_224' title='bbox 597 1669 680 1701; x_wconf 84' lang='lat' dir='ltr'>erat</span> <span class='ocrx_word' id='word_1_225' title='bbox 700 1661 1010 1714; x_wconf 76' lang='lat' dir='ltr'>chartophylax,</span> <span class='ocrx_word' id='word_1_226' title='bbox 1037 1661 1224 1700; x_wconf 86' lang='lat' dir='ltr'>credibile</span> <span class='ocrx_word' id='word_1_227' title='bbox 1242 1666 1299 1698; x_wconf 79' lang='lat' dir='ltr'>est</span> <span class='ocrx_word' id='word_1_228' title='bbox 1318 1659 1359 1697; x_wconf 91' lang='lat' dir='ltr'>in</span> <span class='ocrx_word' id='word_1_229' title='bbox 1378 1660 1467 1697; x_wconf 93' lang='lat' dir='ltr'>loco</span> <span class='ocrx_word' id='word_1_230' title='bbox 1488 1657 1607 1710; x_wconf 70' lang='lat' dir='ltr'>septis</span> 
     </span>
     <span class='ocr_line' id='line_1_28' title="bbox 166 1709 1608 1771; baseline 0 -19"><span class='ocrx_word' id='word_1_231' title='bbox 166 1714 413 1755; x_wconf 86' lang='lat' dir='ltr'>circumdato</span> <span class='ocrx_word' id='word_1_232' title='bbox 429 1717 550 1756; x_wconf 87' lang='lat' dir='ltr'>fuisse</span> <span class='ocrx_word' id='word_1_233' title='bbox 568 1724 780 1758; x_wconf 83' lang='lat' dir='ltr'>servatum.</span> <span class='ocrx_word' id='word_1_234' title='bbox 837 1725 946 1771; x_wconf 81' lang='lat' dir='ltr'>septa</span> <span class='ocrx_word' id='word_1_235' title='bbox 969 1724 1097 1756; x_wconf 89' lang='lat' dir='ltr'>autem</span> <span class='ocrx_word' id='word_1_236' title='bbox 1118 1714 1358 1767; x_wconf 76' lang='grc' dir='ltr'>ἐσκαμμένα,</span> <span class='ocrx_word' id='word_1_237' title='bbox 1387 1720 1426 1752; x_wconf 83' lang='lat' dir='ltr'>et</span> <span class='ocrx_word' id='word_1_238' title='bbox 1447 1709 1608 1764; x_wconf 72' lang='grc' dir='ltr'>σκάμμα</span> 
     </span>
     <span class='ocr_line' id='line_1_29' title="bbox 163 1768 1607 1823; baseline 0.001 -16"><span class='ocrx_word' id='word_1_239' title='bbox 163 1769 279 1808; x_wconf 73' lang='lat' dir='ltr'>loeus</span> <span class='ocrx_word' id='word_1_240' title='bbox 306 1771 411 1810; x_wconf 77' lang='lat' dir='ltr'>fossa</span> <span class='ocrx_word' id='word_1_241' title='bbox 438 1778 476 1810; x_wconf 92' lang='lat' dir='ltr'>et</span> <span class='ocrx_word' id='word_1_242' title='bbox 507 1774 612 1812; x_wconf 88' lang='lat' dir='ltr'>vallo</span> <span class='ocrx_word' id='word_1_243' title='bbox 639 1774 926 1813; x_wconf 81' lang='lat' dir='ltr'>circumclusus</span> <span class='ocrx_word' id='word_1_244' title='bbox 952 1773 1124 1823; x_wconf 70' lang='lat' dir='ltr'>dicitur-3</span> <span class='ocrx_word' id='word_1_245' title='bbox 1163 1771 1270 1810; x_wconf 85' lang='lat' dir='ltr'>unde</span> <span class='ocrx_word' id='word_1_246' title='bbox 1298 1768 1607 1820; x_wconf 82' lang='grc' dir='ltr'>σκαμματισθείς</span> 
     </span>
     <span class='ocr_line' id='line_1_30' title="bbox 166 1824 1609 1881; baseline -0.001 -20"><span class='ocrx_word' id='word_1_247' title='bbox 166 1831 238 1862; x_wconf 80' lang='lat' dir='ltr'>aut</span> <span class='ocrx_word' id='word_1_248' title='bbox 256 1824 611 1880; x_wconf 73' lang='grc' dir='ltr'>ἐσκαμματισμένος</span> <span class='ocrx_word' id='word_1_249' title='bbox 631 1830 807 1879; x_wconf 89' lang='lat' dir='ltr'>dicatur,</span> <span class='ocrx_word' id='word_1_250' title='bbox 835 1832 901 1880; x_wconf 90' lang='lat' dir='ltr'>qui</span> <span class='ocrx_word' id='word_1_251' title='bbox 922 1835 1032 1881; x_wconf 87' lang='lat' dir='ltr'>septo</span> <span class='ocrx_word' id='word_1_252' title='bbox 1055 1825 1307 1867; x_wconf 86' lang='lat' dir='ltr'>ecclesiastici</span> <span class='ocrx_word' id='word_1_253' title='bbox 1327 1824 1450 1862; x_wconf 84' lang='lat' dir='ltr'>archii</span> <span class='ocrx_word' id='word_1_254' title='bbox 1470 1837 1609 1862; x_wconf 88' lang='lat' dir='ltr'>exces-</span> 
     </span>
     <span class='ocr_line' id='line_1_31' title="bbox 166 1879 1606 1937; baseline 0 -21"><span class='ocrx_word' id='word_1_255' title='bbox 166 1879 266 1917; x_wconf 65' lang='lat' dir='ltr'>serit</span> <span class='ocrx_word' id='word_1_256' title='bbox 286 1880 375 1919; x_wconf 82' lang='lat' dir='ltr'>iure</span> <span class='ocrx_word' id='word_1_257' title='bbox 403 1883 542 1921; x_wconf 74' lang='lat' dir='ltr'>amisso</span> <span class='ocrx_word' id='word_1_258' title='bbox 577 1885 662 1922; x_wconf 88' lang='lat' dir='ltr'>illic</span> <span class='ocrx_word' id='word_1_259' title='bbox 694 1885 938 1937; x_wconf 82' lang='lat' dir='ltr'>praesidendi</span> <span class='ocrx_word' id='word_1_260' title='bbox 968 1890 1057 1936; x_wconf 83' lang='lat' dir='ltr'>post</span> <span class='ocrx_word' id='word_1_261' title='bbox 1086 1881 1403 1932; x_wconf 70' lang='lat' dir='ltr'>chartophylacis</span> <span class='ocrx_word' id='word_1_262' title='bbox 1432 1879 1606 1917; x_wconf 86' lang='lat' dir='ltr'>officium</span> 
     </span>
     <span class='ocr_line' id='line_1_32' title="bbox 168 1933 1635 1992; baseline 0.001 -20"><span class='ocrx_word' id='word_1_263' title='bbox 168 1934 369 1974; x_wconf 73' lang='lat' dir='ltr'>amissum.</span> <span class='ocrx_word' id='word_1_264' title='bbox 415 1943 474 1975; x_wconf 84' lang='lat' dir='ltr'>est</span> <span class='ocrx_word' id='word_1_265' title='bbox 496 1945 696 1989; x_wconf 84' lang='lat' dir='ltr'>praeterea</span> <span class='ocrx_word' id='word_1_266' title='bbox 726 1937 886 1992; x_wconf 77' lang='grc' dir='ltr'>σκάμμα</span> <span class='ocrx_word' id='word_1_267' title='bbox 914 1939 1035 1990; x_wconf 77' lang='lat' dir='ltr'>magis</span> <span class='ocrx_word' id='word_1_268' title='bbox 1056 1937 1218 1989; x_wconf 86' lang='lat' dir='ltr'>proprie</span> <span class='ocrx_word' id='word_1_269' title='bbox 1237 1937 1352 1973; x_wconf 79' lang='lat' dir='ltr'>locus</span> <span class='ocrx_word' id='word_1_270' title='bbox 1372 1933 1606 1973; x_wconf 68' lang='lat' dir='ltr'>certaminis.</span> <span class='ocrx_word' id='word_1_271' title='bbox 1632 1958 1635 1960; x_wconf 98' lang='lat'>-</span> 
     </span>
     <span class='ocr_line' id='line_1_33' title="bbox 168 1989 1606 2043; baseline 0 -16"><span class='ocrx_word' id='word_1_272' title='bbox 168 1989 431 2042; x_wconf 70' lang='lat' dir='ltr'>Hieronymus</span> <span class='ocrx_word' id='word_1_273' title='bbox 458 1992 508 2030; x_wconf 84' lang='lat' dir='ltr'>ad</span> <span class='ocrx_word' id='word_1_274' title='bbox 534 1993 841 2033; x_wconf 83' lang='lat' dir='ltr'>Pammachium:</span> <span class='ocrx_word' id='word_1_275' title='bbox 870 2009 943 2032; x_wconf 85' lang='lat' dir='ltr'>cur</span> <span class='ocrx_word' id='word_1_276' title='bbox 961 2002 1007 2032; x_wconf 80' lang='lat' dir='ltr'>tu</span> <span class='ocrx_word' id='word_1_277' title='bbox 1027 1994 1186 2031; x_wconf 67' lang='lat' dir='ltr'>omissis</span> <span class='ocrx_word' id='word_1_278' title='bbox 1207 2005 1325 2043; x_wconf 78' lang='lat' dir='ltr'>super</span> <span class='ocrx_word' id='word_1_279' title='bbox 1349 1991 1495 2041; x_wconf 75' lang='lat' dir='ltr'>quibus</span> <span class='ocrx_word' id='word_1_280' title='bbox 1518 2003 1606 2041; x_wconf 77' lang='lat' dir='ltr'>pu-</span> 
     </span>
     <span class='ocr_line' id='line_1_34' title="bbox 167 2045 1606 2099; baseline 0 -17"><span class='ocrx_word' id='word_1_281' title='bbox 167 2058 254 2097; x_wconf 77' lang='lat' dir='ltr'>gna</span> <span class='ocrx_word' id='word_1_282' title='bbox 270 2052 348 2095; x_wconf 76' lang='lat' dir='ltr'>est,</span> <span class='ocrx_word' id='word_1_283' title='bbox 377 2045 425 2083; x_wconf 86' lang='lat' dir='ltr'>de</span> <span class='ocrx_word' id='word_1_284' title='bbox 444 2056 659 2086; x_wconf 69' lang='lat' dir='ltr'>scammate</span> <span class='ocrx_word' id='word_1_285' title='bbox 677 2057 713 2086; x_wconf 81' lang='lat' dir='ltr'>et</span> <span class='ocrx_word' id='word_1_286' title='bbox 731 2050 814 2087; x_wconf 83' lang='lat' dir='ltr'>loco</span> <span class='ocrx_word' id='word_1_287' title='bbox 835 2051 1064 2087; x_wconf 79' lang='lat' dir='ltr'>certaminis</span> <span class='ocrx_word' id='word_1_288' title='bbox 1085 2045 1304 2099; x_wconf 70' lang='lat' dir='ltr'>egrediens,</span> <span class='ocrx_word' id='word_1_289' title='bbox 1330 2047 1372 2083; x_wconf 88' lang='lat' dir='ltr'>in</span> <span class='ocrx_word' id='word_1_290' title='bbox 1382 2046 1606 2098; x_wconf 69' lang='lat' dir='ltr'>peregrinis</span> 
     </span>
     <span class='ocr_line' id='line_1_35' title="bbox 169 2101 1606 2155; baseline 0 -16"><span class='ocrx_word' id='word_1_291' title='bbox 169 2107 208 2139; x_wconf 69' lang='lat' dir='ltr'>et</span> <span class='ocrx_word' id='word_1_292' title='bbox 229 2101 345 2152; x_wconf 77' lang='lat' dir='ltr'>longe</span> <span class='ocrx_word' id='word_1_293' title='bbox 365 2102 510 2140; x_wconf 64' lang='lat' dir='ltr'>alienis</span> <span class='ocrx_word' id='word_1_294' title='bbox 527 2102 873 2155; x_wconf 60' lang='lat' dir='ltr'>disputationibus</span> <span class='ocrx_word' id='word_1_295' title='bbox 894 2104 1148 2142; x_wconf 70' lang='lat' dir='ltr'>immoraris?</span> <span class='ocrx_word' id='word_1_296' title='bbox 1185 2103 1242 2140; x_wconf 82' lang='lat' dir='ltr'>sic</span> <span class='ocrx_word' id='word_1_297' title='bbox 1264 2107 1422 2141; x_wconf 82' lang='lat' dir='ltr'>sanetus</span> <span class='ocrx_word' id='word_1_298' title='bbox 1440 2102 1606 2151; x_wconf 81' lang='lat' dir='ltr'>doctor3</span> 
     </span>
     <span class='ocr_line' id='line_1_36' title="bbox 170 2155 1741 2211; baseline 0.001 -16"><span class='ocrx_word' id='word_1_299' title='bbox 170 2169 221 2195; x_wconf 72' lang='lat' dir='ltr'>ex</span> <span class='ocrx_word' id='word_1_300' title='bbox 247 2169 328 2206; x_wconf 89' lang='lat' dir='ltr'>quo</span> <span class='ocrx_word' id='word_1_301' title='bbox 355 2157 481 2207; x_wconf 87' lang='lat' dir='ltr'>liquet</span> <span class='ocrx_word' id='word_1_302' title='bbox 505 2159 755 2198; x_wconf 81' lang='lat' dir='ltr'>usitatissimo</span> <span class='ocrx_word' id='word_1_303' title='bbox 789 2159 1011 2209; x_wconf 78' lang='lat' dir='ltr'>significatu</span> <span class='ocrx_word' id='word_1_304' title='bbox 1037 2155 1195 2210; x_wconf 75' lang='grc' dir='ltr'>σκάμμα</span> <span class='ocrx_word' id='word_1_305' title='bbox 1222 2157 1300 2196; x_wconf 84' lang='lat' dir='ltr'>dici</span> <span class='ocrx_word' id='word_1_306' title='bbox 1325 2165 1479 2211; x_wconf 83' lang='lat' dir='ltr'>septum</span> <span class='ocrx_word' id='word_1_307' title='bbox 1496 2158 1601 2196; x_wconf 87' lang='lat' dir='ltr'>intra</span> <span class='ocrx_word' id='word_1_308' title='bbox 1622 2159 1653 2195; x_wconf 79' lang='lat' dir='ltr'>P</span> <span class='ocrx_word' id='word_1_309' title='bbox 1673 2160 1741 2197; x_wconf 73' lang='lat'>479</span> 
     </span>
     <span class='ocr_line' id='line_1_37' title="bbox 169 2212 1608 2266; baseline 0.001 -16"><span class='ocrx_word' id='word_1_310' title='bbox 169 2212 279 2263; x_wconf 86' lang='lat' dir='ltr'>quod</span> <span class='ocrx_word' id='word_1_311' title='bbox 299 2218 451 2250; x_wconf 77' lang='lat' dir='ltr'>certant</span> <span class='ocrx_word' id='word_1_312' title='bbox 471 2213 658 2264; x_wconf 87' lang='lat' dir='ltr'>athletae,</span> <span class='ocrx_word' id='word_1_313' title='bbox 688 2214 792 2266; x_wconf 89' lang='lat' dir='ltr'>quod</span> <span class='ocrx_word' id='word_1_314' title='bbox 813 2215 918 2252; x_wconf 88' lang='lat' dir='ltr'>Galli</span> <span class='ocrx_word' id='word_1_315' title='bbox 943 2214 1194 2264; x_wconf 77' lang='lat' dir='ltr'>champ-clos</span> <span class='ocrx_word' id='word_1_316' title='bbox 1222 2219 1378 2252; x_wconf 83' lang='lat' dir='ltr'>vocant.</span> <span class='ocrx_word' id='word_1_317' title='bbox 1431 2213 1527 2251; x_wconf 88' lang='lat' dir='ltr'>hinc</span> <span class='ocrx_word' id='word_1_318' title='bbox 1549 2213 1608 2251; x_wconf 86' lang='lat' dir='ltr'>al-</span> 
     </span>
     <span class='ocr_line' id='line_1_38' title="bbox 169 2267 1609 2322; baseline 0.001 -16"><span class='ocrx_word' id='word_1_319' title='bbox 169 2273 255 2306; x_wconf 78' lang='lat' dir='ltr'>tera</span> <span class='ocrx_word' id='word_1_320' title='bbox 280 2267 439 2306; x_wconf 81' lang='lat' dir='ltr'>ducitur</span> <span class='ocrx_word' id='word_1_321' title='bbox 464 2282 580 2307; x_wconf 82' lang='lat' dir='ltr'>causa</span> <span class='ocrx_word' id='word_1_322' title='bbox 609 2283 682 2309; x_wconf 91' lang='lat' dir='ltr'>cur</span> <span class='ocrx_word' id='word_1_323' title='bbox 706 2284 728 2308; x_wconf 85' lang='lat' dir='ltr'>a</span> <span class='ocrx_word' id='word_1_324' title='bbox 760 2270 999 2322; x_wconf 81' lang='lat' dir='ltr'>Pachymere</span> <span class='ocrx_word' id='word_1_325' title='bbox 1027 2269 1301 2321; x_wconf 76' lang='lat' dir='ltr'>Moschampar</span> <span class='ocrx_word' id='word_1_326' title='bbox 1317 2267 1609 2322; x_wconf 79' lang='lat' dir='ltr'>chartophylax</span> 
     </span>
     <span class='ocr_line' id='line_1_39' title="bbox 171 2321 1607 2377; baseline -0.001 -13"><span class='ocrx_word' id='word_1_327' title='bbox 171 2321 254 2361; x_wconf 73' lang='lat' dir='ltr'>dici</span> <span class='ocrx_word' id='word_1_328' title='bbox 287 2322 642 2377; x_wconf 72' lang='grc' dir='ltr'>ἔσκαμματισμὲνος</span> <span class='ocrx_word' id='word_1_329' title='bbox 679 2327 870 2377; x_wconf 87' lang='lat' dir='ltr'>potuerit.</span> <span class='ocrx_word' id='word_1_330' title='bbox 948 2326 1194 2364; x_wconf 87' lang='lat' dir='ltr'>commiserat</span> <span class='ocrx_word' id='word_1_331' title='bbox 1221 2324 1323 2364; x_wconf 86' lang='lat' dir='ltr'>enim</span> <span class='ocrx_word' id='word_1_332' title='bbox 1346 2323 1381 2364; x_wconf 88' lang='lat' dir='ltr'>is</span> <span class='ocrx_word' id='word_1_333' title='bbox 1404 2338 1486 2363; x_wconf 80' lang='lat' dir='ltr'>sese</span> <span class='ocrx_word' id='word_1_334' title='bbox 1514 2337 1607 2363; x_wconf 87' lang='lat' dir='ltr'>cum</span> 
     </span>
     <span class='ocr_line' id='line_1_40' title="bbox 171 2376 1610 2433; baseline 0.002 -18"><span class='ocrx_word' id='word_1_335' title='bbox 171 2376 301 2416; x_wconf 66' lang='lat' dir='ltr'>vacco</span> <span class='ocrx_word' id='word_1_336' title='bbox 323 2378 367 2416; x_wconf 87' lang='lat' dir='ltr'>in</span> <span class='ocrx_word' id='word_1_337' title='bbox 393 2380 536 2418; x_wconf 87' lang='lat' dir='ltr'>celebri</span> <span class='ocrx_word' id='word_1_338' title='bbox 566 2381 637 2419; x_wconf 86' lang='lat' dir='ltr'>illo</span> <span class='ocrx_word' id='word_1_339' title='bbox 666 2381 863 2433; x_wconf 86' lang='lat' dir='ltr'>colloquio</span> <span class='ocrx_word' id='word_1_340' title='bbox 893 2382 921 2421; x_wconf 86' lang='lat' dir='ltr'>l.</span> <span class='ocrx_word' id='word_1_341' title='bbox 945 2384 965 2422; x_wconf 94' lang='lat'>1</span> <span class='ocrx_word' id='word_1_342' title='bbox 999 2395 1032 2419; x_wconf 93' lang='lat' dir='ltr'>c.</span> <span class='ocrx_word' id='word_1_343' title='bbox 1052 2380 1106 2423; x_wconf 82' lang='lat'>35</span> <span class='ocrx_word' id='word_1_344' title='bbox 1136 2386 1293 2419; x_wconf 87' lang='lat' dir='ltr'>narrato</span> <span class='ocrx_word' id='word_1_345' title='bbox 1310 2398 1331 2430; x_wconf 79' lang='lat'>‚-</span> <span class='ocrx_word' id='word_1_346' title='bbox 1352 2387 1488 2419; x_wconf 81' lang='lat' dir='ltr'>contra</span> <span class='ocrx_word' id='word_1_347' title='bbox 1519 2393 1610 2419; x_wconf 87' lang='lat' dir='ltr'>eum</span> 
     </span>
     <span class='ocr_line' id='line_1_41' title="bbox 172 2433 1611 2487; baseline 0.003 -17"><span class='ocrx_word' id='word_1_348' title='bbox 172 2433 398 2484; x_wconf 78' lang='lat' dir='ltr'>disputans,</span> <span class='ocrx_word' id='word_1_349' title='bbox 426 2435 494 2473; x_wconf 81' lang='lat' dir='ltr'>aed</span> <span class='ocrx_word' id='word_1_350' title='bbox 510 2435 660 2474; x_wconf 83' lang='lat' dir='ltr'>infelici</span> <span class='ocrx_word' id='word_1_351' title='bbox 676 2450 872 2475; x_wconf 80' lang='lat' dir='ltr'>successu:</span> <span class='ocrx_word' id='word_1_352' title='bbox 902 2449 994 2474; x_wconf 84' lang='lat' dir='ltr'>nam</span> <span class='ocrx_word' id='word_1_353' title='bbox 1012 2449 1108 2487; x_wconf 89' lang='lat' dir='ltr'>quae</span> <span class='ocrx_word' id='word_1_354' title='bbox 1125 2435 1227 2474; x_wconf 80' lang='lat' dir='ltr'>dixit</span> <span class='ocrx_word' id='word_1_355' title='bbox 1242 2435 1338 2474; x_wconf 86' lang='lat' dir='ltr'>adeo</span> <span class='ocrx_word' id='word_1_356' title='bbox 1356 2436 1487 2474; x_wconf 81' lang='lat' dir='ltr'>valide</span> <span class='ocrx_word' id='word_1_357' title='bbox 1517 2442 1611 2474; x_wconf 87' lang='lat' dir='ltr'>suut</span> 
     </span>
     <span class='ocr_line' id='line_1_42' title="bbox 175 2489 1611 2545; baseline 0.002 -20"><span class='ocrx_word' id='word_1_358' title='bbox 175 2501 199 2525; x_wconf 81' lang='lat' dir='ltr'>a</span> <span class='ocrx_word' id='word_1_359' title='bbox 225 2489 353 2527; x_wconf 91' lang='lat' dir='ltr'>Vecco</span> <span class='ocrx_word' id='word_1_360' title='bbox 387 2495 535 2540; x_wconf 79' lang='lat' dir='ltr'>retusa,</span> <span class='ocrx_word' id='word_1_361' title='bbox 570 2497 617 2529; x_wconf 89' lang='lat' dir='ltr'>ut</span> <span class='ocrx_word' id='word_1_362' title='bbox 645 2492 692 2530; x_wconf 91' lang='lat' dir='ltr'>ab</span> <span class='ocrx_word' id='word_1_363' title='bbox 722 2493 810 2545; x_wconf 73' lang='lat' dir='ltr'>ipso</span> <span class='ocrx_word' id='word_1_364' title='bbox 837 2491 1080 2544; x_wconf 81' lang='lat' dir='ltr'>patriarcha,</span> <span class='ocrx_word' id='word_1_365' title='bbox 1117 2491 1181 2529; x_wconf 86' lang='lat' dir='ltr'>cui</span> <span class='ocrx_word' id='word_1_366' title='bbox 1211 2497 1306 2531; x_wconf 84' lang='lat' dir='ltr'>tunc</span> <span class='ocrx_word' id='word_1_367' title='bbox 1338 2491 1611 2542; x_wconf 77' lang='lat' dir='ltr'>Moschampar</span> 
     </span>
     <span class='ocr_line' id='line_1_43' title="bbox 174 2543 1610 2599; baseline 0.001 -19"><span class='ocrx_word' id='word_1_368' title='bbox 174 2543 392 2594; x_wconf 81' lang='lat' dir='ltr'>militabat,</span> <span class='ocrx_word' id='word_1_369' title='bbox 419 2546 626 2598; x_wconf 84' lang='lat' dir='ltr'>reprobata</span> <span class='ocrx_word' id='word_1_370' title='bbox 654 2548 744 2587; x_wconf 79' lang='lat' dir='ltr'>sint.</span> <span class='ocrx_word' id='word_1_371' title='bbox 802 2561 923 2599; x_wconf 89' lang='lat' dir='ltr'>quare</span> <span class='ocrx_word' id='word_1_372' title='bbox 953 2547 1060 2598; x_wconf 88' lang='lat' dir='ltr'>quod</span> <span class='ocrx_word' id='word_1_373' title='bbox 1093 2546 1209 2585; x_wconf 79' lang='lat' dir='ltr'>victis</span> <span class='ocrx_word' id='word_1_374' title='bbox 1244 2547 1398 2586; x_wconf 82' lang='lat' dir='ltr'>athletis</span> <span class='ocrx_word' id='word_1_375' title='bbox 1430 2553 1468 2585; x_wconf 90' lang='lat' dir='ltr'>et</span> <span class='ocrx_word' id='word_1_376' title='bbox 1495 2552 1610 2598; x_wconf 76' lang='lat' dir='ltr'>septo</span> 
     </span>
     <span class='ocr_line' id='line_1_44' title="bbox 174 2598 1611 2655; baseline 0.005 -20"><span class='ocrx_word' id='word_1_377' title='bbox 174 2598 301 2648; x_wconf 73' lang='lat' dir='ltr'>pulsis</span> <span class='ocrx_word' id='word_1_378' title='bbox 326 2602 538 2640; x_wconf 84' lang='lat' dir='ltr'>convenire</span> <span class='ocrx_word' id='word_1_379' title='bbox 569 2602 775 2642; x_wconf 89' lang='lat' dir='ltr'>videbatur</span> <span class='ocrx_word' id='word_1_380' title='bbox 803 2599 1166 2655; x_wconf 78' lang='grc' dir='ltr'>ἔσκαμματισμένου</span> <span class='ocrx_word' id='word_1_381' title='bbox 1196 2603 1278 2641; x_wconf 85' lang='lat' dir='ltr'>sive</span> <span class='ocrx_word' id='word_1_382' title='bbox 1306 2600 1545 2652; x_wconf 78' lang='grc' dir='ltr'><strong><em>ἐξωσθέντος</em></strong></span> <span class='ocrx_word' id='word_1_383' title='bbox 1565 2599 1611 2642; x_wconf 77' lang='grc' dir='ltr'>ἐκ</span> 
     </span>
     <span class='ocr_line' id='line_1_45' title="bbox 178 2649 1498 2711; baseline 0.002 -19"><span class='ocrx_word' id='word_1_384' title='bbox 178 2649 406 2705; x_wconf 65' lang='grc' dir='ltr'>σκέμματος</span> <span class='ocrx_word' id='word_1_385' title='bbox 422 2657 658 2696; x_wconf 86' lang='lat' dir='ltr'>vocabulum</span> <span class='ocrx_word' id='word_1_386' title='bbox 671 2688 681 2708; x_wconf 89' lang='lat'>,</span> <span class='ocrx_word' id='word_1_387' title='bbox 711 2659 954 2711; x_wconf 86' lang='lat' dir='ltr'>adaptaverit</span> <span class='ocrx_word' id='word_1_388' title='bbox 970 2657 1036 2696; x_wconf 87' lang='lat' dir='ltr'>hic</span> <span class='ocrx_word' id='word_1_389' title='bbox 1052 2662 1187 2696; x_wconf 75' lang='lat' dir='ltr'>noster</span> <span class='ocrx_word' id='word_1_390' title='bbox 1203 2656 1498 2709; x_wconf 78' lang='lat' dir='ltr'>Moschampari.</span> 
     </span>
    </p>

    <p class='ocr_par' dir='ltr' id='par_1_3' title="bbox 181 2704 1610 2823">
     <span class='ocr_line' id='line_1_46' title="bbox 288 2704 1610 2765; baseline -0.009 -5"><span class='ocrx_word' id='word_1_391' title='bbox 288 2704 495 2761; x_wconf 53' lang='grc' dir='ltr'><strong><em>εὐφυής·</em></strong></span> <span class='ocrx_word' id='word_1_392' title='bbox 550 2714 630 2754; x_wconf 88' lang='lat' dir='ltr'>vol.</span> <span class='ocrx_word' id='word_1_393' title='bbox 650 2714 667 2751; x_wconf 84' lang='grc' dir='ltr'><strong>Ι</strong></span> <span class='ocrx_word' id='word_1_394' title='bbox 683 2727 723 2765; x_wconf 82' lang='lat' dir='ltr'>p.</span> <span class='ocrx_word' id='word_1_395' title='bbox 742 2718 797 2756; x_wconf 82' lang='lat'>32</span> <span class='ocrx_word' id='word_1_396' title='bbox 814 2727 854 2753; x_wconf 80' lang='lat' dir='ltr'>v.</span> <span class='ocrx_word' id='word_1_397' title='bbox 873 2717 900 2756; x_wconf 78' lang='lat'>3</span> <span class='ocrx_word' id='word_1_398' title='bbox 928 2714 984 2752; x_wconf 87' lang='lat' dir='ltr'>sic</span> <span class='ocrx_word' id='word_1_399' title='bbox 1002 2711 1279 2764; x_wconf 80' lang='lat' dir='ltr'>Pachymerea,</span> <span class='ocrx_word' id='word_1_400' title='bbox 1308 2725 1463 2751; x_wconf 80' lang='lat' dir='ltr'>causam</span> <span class='ocrx_word' id='word_1_401' title='bbox 1483 2709 1610 2749; x_wconf 80' lang='lat' dir='ltr'>morbi</span> 
     </span>
     <span class='ocr_line' id='line_1_47' title="bbox 181 2764 1608 2823; baseline 0.003 -22"><span class='ocrx_word' id='word_1_402' title='bbox 181 2773 258 2811; x_wconf 84' lang='lat' dir='ltr'>quo</span> <span class='ocrx_word' id='word_1_403' title='bbox 277 2764 386 2813; x_wconf 85' lang='lat' dir='ltr'>gravi</span> <span class='ocrx_word' id='word_1_404' title='bbox 405 2771 445 2805; x_wconf 86' lang='lat' dir='ltr'>et</span> <span class='ocrx_word' id='word_1_405' title='bbox 459 2767 575 2818; x_wconf 77' lang='lat' dir='ltr'>longo</span> <span class='ocrx_word' id='word_1_406' title='bbox 598 2769 792 2810; x_wconf 85' lang='lat' dir='ltr'>laboravit</span> <span class='ocrx_word' id='word_1_407' title='bbox 806 2770 1019 2823; x_wconf 84' lang='lat' dir='ltr'>imperator</span> <span class='ocrx_word' id='word_1_408' title='bbox 1037 2768 1198 2807; x_wconf 85' lang='lat' dir='ltr'>Ioannes</span> <span class='ocrx_word' id='word_1_409' title='bbox 1213 2768 1388 2808; x_wconf 82' lang='lat' dir='ltr'>Lascaris</span> <span class='ocrx_word' id='word_1_410' title='bbox 1413 2767 1608 2814; x_wconf 76' lang='lat' dir='ltr'>indicans,</span> 
     </span>
    </p>
   </div>
  </div>
 </body>
</html>
