1820 3112
210 119 308 164 252
633 115 872 161 GEORGII
906 116 1259 162 PACHYMERIS

211 232 341 281 ποίοις
363 226 529 273 κανόσιν
549 227 747 285 ἑπόμενος
764 228 1019 286 ἀνθρώπους
1032 231 1313 288 Χριστιανοῦς
1330 232 1539 291 ἄφορίσειε
1557 237 1687 292 μηδὲν

209 297 505 358 γινώσκοντας,
540 300 608 341 καὶ
631 297 740 343 οὕτω
759 305 933 344 συνελᾶν
957 299 1085 343 αὐτὸν
1112 301 1262 344 ε’κεΐνον
1280 301 1594 359 καταγινώσκειν
1613 309 1687 360 τῆς

68 377 95 410 Ρ
122 379 184 413 171
211 367 408 426 πράξεως.
478 361 528 422 ἧς
558 367 610 423 δὴ
638 371 1002 425 καταγνωσθείσης
1031 370 1099 412 καὶ
1126 369 1234 426 παρ’
1264 370 1414 414 ἐκείνου
1423 404 1439 425 ,
1483 390 1686 430 προκατε-

207 436 439 494 γνωσμένον
467 433 631 487 πάντως
650 439 718 480 καὶ
739 445 825 489 τοῖς
839 443 916 494 τῆς
936 439 1150 494 ἐκκλησίας
1171 436 1340 492 κανόσι,
1375 439 1436 496 μὴ
1465 438 1581 484 λύσιν
1609 441 1686 485 ὔλ-

205 512 280 561 λην
305 507 434 562 ζητεῖν
450 519 460 529 ·
496 505 549 548 τὰ
570 506 649 564 γὰρ
671 508 838 558 δικαίως
857 509 923 551 καὶ
944 506 1027 551 ὑπὸ
1045 506 1188 552 κανόσι
1206 508 1423 563 δεδεμένα,
1463 510 1593 554 ἐκεῖνα
1616 512 1684 554 καὶ
1697 522 1718 556 5

204 573 382 618 λύεσθαι
411 571 512 618 εἶναι
541 573 747 632 ἀνάγκην,
782 577 835 620 τὰ
857 577 901 620 δ’
925 579 967 628 ἐξ
989 577 1120 634 ἀρχῆς
1139 573 1408 621 ἀνυπόστατα
1427 575 1592 634 μόχθον
1613 596 1687 623 πε-

204 644 343 702 ριττὸν
371 642 506 693 ἄλλως
524 642 625 686 εἶναι
645 648 714 687 καὶ
738 647 868 702 ζητεῖν
894 644 1083 690 λύεσθαι.
1156 648 1190 689 εἷ
1214 645 1256 689 δ’
1279 641 1377 700 οὖν,
1415 646 1516 690 ἀλλ’
1537 647 1685 692 αὐτίκα

203 715 271 757 καὶ
290 710 547 771 πατριάρχην
569 711 670 756 εἶναι
688 716 757 759 καὶ
784 713 959 759 σύνοδον
983 718 1038 766 εἷς
1060 713 1176 758 λύσιν
1195 715 1271 770 τὴν
1291 715 1372 760 ἀπὸ
1395 720 1480 760 τῶν
1501 713 1684 761 κανόνων

203 783 365 826 δικαίαν
403 781 678 833 ἀξιοπίστους.
747 783 874 833 αὐτὸν
904 785 951 828 δὲ
977 786 1044 828 καὶ
1072 789 1234 839 μᾶλλον
1267 782 1345 828 ὕπ’
1371 786 1505 836 αῖτίας
1523 787 1684 836 δικαίας

205 851 391 908 ἀχθέντα
424 856 646 902 κανονικῶς
673 851 943 898 εὐθύνεσθαι.
1015 853 1062 897 τὸ
1092 853 1171 910 γὰρ
1193 852 1341 897 ἑαυτὸν
1361 844 1558 898 συνιστᾶν
1576 852 1683 898 ὕπο·
1696 863 1741 898 10

152 926 180 960 Β
208 920 416 977 νοηθέντα
442 920 495 963 τὰ
520 921 707 978 χείριστα
738 921 780 965 ἓν
815 921 953 980 ὅρκοις
983 940 1027 966 τε
1054 924 1122 965 καὶ
1145 921 1266 980 ἀραῖς
1287 929 1379 974 ταῖς
1398 922 1507 967 καθ’
1533 921 1681 977 αὖτοῦ,

206 991 298 1034 τίνα
320 986 441 1046 λόγον
464 988 588 1044 ἴχειν,
628 989 738 1049 εἷ’περ
766 992 834 1034 καὶ
854 991 984 1035 τοῦθ’
1012 991 1151 1034 ἶκανόν
1174 994 1230 1042 εἷς
1250 993 1405 1035 τελείαν
1425 997 1508 1039 τῶν
1539 994 1683 1049 ἐγκλη-

205 1057 351 1115 μάτων
369 1056 614 1116 ἆποφυγήν,·
651 1059 727 1103 οὐκ
745 1058 907 1115 ὀμνύειν
929 1058 1009 1118 γάρ
1019 1093 1032 1115 ,
1065 1059 1160 1103 ἀλλ’
1186 1060 1493 1118 ἀποτρίβεσθαι
1511 1060 1588 1117 τὴν
1606 1078 1684 1104 κα·-

207 1128 403 1186 τηγορίαν
434 1127 504 1170 διὰ
533 1132 690 1172 πιστῶν
718 1127 1020 1187 παραστάσεων
1040 1129 1219 1185 εὔλογον.
1289 1130 1337 1173 τὸ
1362 1130 1408 1173 δὲ
1429 1130 1528 1180 τούς
1547 1147 1684 1179 κατει-

209 1195 362 1248 πόντας
395 1196 421 1252 ἢ
448 1197 548 1247 τούς
579 1198 953 1255 συναρπασθέντας
977 1199 1097 1257 ἀραῖς
1114 1196 1364 1253 ὑποβάλλειν
1372 1232 1387 1252 ,
1421 1203 1503 1242 ποῦ
1523 1200 1681 1243 δίκαιον
1695 1203 1736 1239 15

209 1268 277 1310 καὶ
305 1265 410 1317 ὅλως
438 1267 651 1311 κανονικὸν
681 1270 751 1311 καὶ
780 1272 863 1312 τῶν
895 1268 1034 1324 νόμων
1052 1272 1128 1325 τῆς
1148 1269 1385 1324 ἔκκλησίαςς
1421 1267 1618 1322 βασιλεὺς
1636 1268 1682 1311 δὲ

298 1389 332 1424 3.
357 1387 727 1435 προκατεγνωσμὲνος
748 1389 790 1425 Ρ.

206 1493 285 1527 dum
308 1503 395 1538 quas
417 1492 462 1527 ob
487 1503 628 1535 causas,
662 1496 698 1528 et
719 1492 819 1528 iuxta
842 1504 928 1539 quos
953 1504 1118 1535 canones,
1153 1491 1368 1527 Christianos
1398 1491 1549 1526 homines
1579 1490 1680 1526 nullis

204 1538 303 1573 minis
333 1538 483 1583 praeviis
515 1539 706 1574 admonitos
738 1542 774 1573 et
806 1539 959 1573 funditus
993 1540 1132 1586 ignaros
1154 1539 1291 1583 illigare
1312 1537 1523 1572 horribiliter
1544 1547 1680 1572 exeom-

203 1584 462 1619 municationum
492 1584 595 1627 diris,
632 1585 840 1620 clanculario
875 1585 1003 1630 scripto
1037 1585 1250 1620 tentaverit?
1297 1583 1423 1619 auditis
1445 1583 1569 1618 deinde
1590 1594 1680 1629 quae

201 1631 260 1665 ille
287 1630 529 1676 respondebit,
564 1638 599 1665 et
623 1632 713 1677 quod
738 1631 890 1676 allegare
913 1631 997 1666 nihil
1020 1632 1086 1665 nisi
1109 1631 1264 1665 frivolum
1297 1629 1447 1675 poterit,
1477 1629 1579 1664 fadle
1601 1639 1680 1664 mox

202 1677 398 1721 redargutis
422 1688 463 1711 ac
487 1677 663 1720 convictis,
688 1677 755 1712 rite
778 1678 889 1722 ipsum
917 1677 1203 1712 condemnandum
1226 1676 1270 1711 ad
1293 1676 1467 1710 fatendum
1487 1675 1524 1710 in
1546 1675 1680 1720 publico

203 1727 375 1758 conventu
403 1723 630 1758 Romanorum
663 1734 701 1758 se
733 1735 912 1769 perperam
936 1727 972 1758 et
995 1724 1086 1758 ultra
1109 1734 1210 1769 quam
1234 1722 1401 1756 debuerat
1423 1725 1484 1756 ant
1505 1725 1681 1767 potuerat,

210 1771 290 1804 dum
321 1769 382 1803 illa
410 1769 599 1811 scriberet,
636 1769 760 1815 egisse.
807 1770 885 1804 hinc
916 1781 1033 1805 omnes
1065 1781 1128 1815 pro
1162 1769 1263 1815 plane
1295 1770 1471 1809 frustaneo
1495 1771 1532 1802 et
1555 1766 1680 1802 nullius

202 1815 340 1851 roboris
365 1815 540 1850 habebunt
562 1815 598 1850 id
620 1815 712 1862 quod
734 1816 810 1862 ipse
832 1815 893 1862 qui
915 1817 1018 1859 fecit,
1043 1827 1082 1851 se
1105 1822 1226 1850 contra
1247 1816 1322 1856 sas,
1348 1814 1423 1849 sine
1440 1812 1592 1858 legitima
1613 1824 1679 1858 po-

203 1866 333 1897 testate
357 1866 551 1897 attentasse
574 1864 750 1897 confessus
773 1862 886 1909 palam
909 1863 1026 1898 fuerit.
1073 1861 1163 1896 unde
1181 1861 1310 1895 cunctis
1326 1860 1506 1906 apparebit
1520 1870 1587 1894 non
1601 1869 1679 1894 esse

205 1920 291 1955 opus
322 1908 535 1943 absolutione
566 1911 657 1954 ulla,
690 1908 857 1955 siquidem
889 1920 931 1944 ea
966 1911 1098 1944 tantum
1133 1907 1298 1942 canonica
1327 1906 1495 1941 solutione
1515 1905 1679 1950 indigent,

207 1967 296 2000 quae
319 1954 389 1989 rite
415 1966 457 1990 ac
481 1955 644 1990 canonica
675 1956 883 1990 auctoritate
904 1959 985 1990 sunt
1005 1955 1123 2000 ligata.
1170 1954 1199 1988 si
1221 1965 1290 2000 qua
1312 1953 1556 1998 praedamnata
1577 1961 1680 1986 cano-

206 2001 308 2035 nibus
335 2004 371 2034 et
394 2002 438 2035 ab
463 2001 562 2036 initio
586 2012 684 2037 cassa
705 2001 872 2048 irritaque
894 2001 1002 2036 fuisse
1025 2003 1182 2042 constet,
1206 2012 1248 2035 ea
1272 2010 1442 2045 quaerere
1461 1997 1679 2044 quemadmo-

208 2047 288 2081 dum
319 2047 518 2091 solvantur,
553 2059 827 2094 supervacaneus
858 2047 905 2083 sit
934 2047 1044 2082 labor.
1090 2047 1172 2094 quin
1195 2046 1250 2080 vel
1271 2046 1301 2081 si
1323 2045 1473 2090 fingatur
1493 2043 1679 2091 periculum

208 2094 350 2128 subesse
373 2094 556 2139 quodpiam
579 2106 623 2129 ne
645 2095 758 2129 valida
779 2095 825 2130 sit
844 2099 881 2129 et
902 2106 985 2130 vere
1006 2094 1092 2139 liget
1114 2091 1415 2128 excommunicatio
1437 2090 1488 2126 sic
1510 2090 1593 2132 lata,
1613 2099 1678 2125 nee

208 2139 258 2174 sic
282 2142 395 2173 tamen
419 2151 504 2185 opus
526 2140 632 2175 fuerit
653 2141 699 2176 ad
721 2153 796 2176 eum
819 2152 998 2175 recurrere
1020 2139 1080 2186 qui
1101 2139 1243 2182 tulerit,
1276 2137 1434 2184 quoniam
1457 2135 1592 2182 quando
1613 2145 1677 2181 pa-

207 2185 361 2219 triarcha
382 2190 502 2220 contra
525 2198 672 2222 canones
694 2191 850 2233 peccat,
882 2186 1146 2242 patriarchalem
1179 2185 1344 2220 adversus
1373 2194 1449 2218 eum
1471 2184 1677 2234 potestatem

207 2232 358 2276 synodus
391 2232 543 2276 obtinet,
578 2235 634 2268 cui
664 2238 852 2280 propterea
882 2244 934 2268 ius
965 2234 1100 2279 plenum
1136 2231 1300 2278 competit
1331 2233 1402 2264 tum
1434 2226 1632 2281 absolvendi
1648 2237 1676 2279 ‘a

209 2277 364 2312 censuris
384 2281 514 2312 temere
537 2280 580 2312 ab
605 2291 646 2314 eo
669 2280 768 2322 latis,
804 2285 877 2314 tum
905 2279 1008 2314 etiam
1030 2279 1123 2314 illum
1147 2279 1190 2312 ob
1213 2277 1250 2311 id
1271 2277 1381 2322 ipsum
1403 2283 1566 2308 canonice
1587 2271 1675 2307 mdl-

208 2323 310 2358 candi
333 2328 368 2358 et
391 2324 508 2368 poenis
531 2325 730 2360 subiiciendi
751 2326 893 2361 meritis.
940 2338 1050 2372 neque
1072 2325 1109 2359 in
1132 2323 1287 2359 subiecto
1303 2332 1383 2356 casn
1397 2318 1581 2366 quidquam
1602 2319 1676 2372 suf·

206 2369 338 2415 fragari
361 2370 548 2405 Athanasio
572 2383 674 2417 posse
698 2372 742 2407 ad
765 2372 971 2407 amoliendas
995 2384 1017 2407 a
1039 2383 1097 2413 se,
1131 2380 1272 2416 quarum
1295 2376 1432 2402 causam
1452 2365 1599 2411 praebet
1620 2375 1674 2397 iu-

205 2419 315 2458 stam,
338 2415 550 2460 suspiciones
575 2419 762 2463 pessimaS,
784 2418 876 2464 quod
898 2418 967 2453 sibi
989 2416 1180 2458 horrenda,
1200 2414 1230 2449 si
1245 2413 1364 2454 sallat,
1385 2412 1576 2456 imprecans
1590 2409 1676 2463 alie-

205 2473 285 2496 num
308 2473 347 2495 se
370 2463 413 2496 ab
438 2462 529 2496 omni
563 2464 703 2499 crimine
726 2463 878 2498 deierate
912 2475 978 2498 non
1006 2463 1095 2498 enim
1124 2459 1321 2496 iuramentis
1342 2462 1379 2493 et
1402 2457 1676 2492 execrationibus

202 2507 411 2550 istiusmodi,
448 2508 510 2542 sed
541 2508 670 2545 idoneis
703 2509 911 2555 argumentis
933 2521 975 2543 ac
997 2507 1198 2543 testimoniis
1229 2503 1480 2540 criminationes
1505 2503 1677 2548 impactae

206 2558 288 2589 sunt
310 2553 508 2599 purgandae
531 2554 627 2590 iuxta
649 2561 823 2602 receptum
848 2558 884 2590 et
905 2555 1032 2590 rationi
1057 2564 1239 2589 consonum
1259 2562 1397 2586 morem.
1443 2551 1548 2584 multo
1562 2552 1675 2582 autem

209 2611 287 2635 esse
310 2599 437 2646 peioris
461 2602 617 2647 exempli,
640 2603 767 2648 quippe
790 2614 813 2637 a
835 2601 944 2637 sacris
966 2601 1094 2645 regulis
1117 2604 1153 2634 et
1174 2598 1306 2643 legibus
1329 2596 1494 2631 ecclesiae
1511 2594 1675 2630 intolera-

205 2646 322 2681 biliter
344 2646 559 2689 exorbitans,
595 2649 686 2693 quod
708 2649 764 2683 hic
787 2648 870 2690 fecit
891 2646 1119 2688 Athanasius,
1150 2644 1233 2680 diris
1256 2643 1506 2678 anathematum
1527 2641 1563 2676 in
1584 2640 1677 2676 solos

207 2692 277 2727 rite
303 2692 505 2738 torquendis
537 2693 685 2728 scienter
707 2697 892 2739 peccantes
915 2697 952 2728 et
973 2697 1140 2738 proterve
1172 2694 1407 2732 contumaces,
1441 2687 1612 2723 subiicere
1635 2697 1675 2721 se

206 2738 301 2773 aiens
325 2739 427 2774 etiam
462 2749 522 2773 eos
555 2739 614 2785 qui
645 2740 781 2786 abrepti
803 2740 917 2776 aliena
938 2737 1135 2775 seductione
1157 2735 1376 2783 prolapsique
1397 2747 1460 2781 per
1480 2732 1678 2780 impruden—-

208 2783 289 2820 tiam
311 2783 523 2832 impegerint.
574 2786 658 2821 haec
689 2790 872 2834 utcumque
899 2784 1130 2822 verisimiliter
1154 2795 1193 2819 ac
1215 2781 1390 2829 sapienter
1412 2782 1463 2818 ita
1484 2781 1543 2816 isti
1565 2779 1676 2815 disse·
