1858 3126
296 184 393 229 532
708 150 942 224 GEoRGn
974 179 1319 227 PAcnYmEms

247 306 278 341 D
300 295 434 354 φέρειν
448 296 760 348 καθυπισχνεῒτο
772 324 785 346 ,
814 290 872 335 ἴτι
892 292 937 334 δὲ
954 291 1020 334 καὶ
1040 290 1115 347 τὴν
1134 291 1326 348 ταχίστην
1343 289 1565 350 ἔξοτρῦνειν
1588 294 1643 343 εἷς
1663 292 1738 348 τὴν

295 368 378 407 τῶν
411 358 604 404 ἐπιόντων
636 359 796 415 ἄμυναν
823 357 1040 416 πρόθυμον
1068 357 1226 404 ἔαυτόν.
1297 361 1365 403 καὶ
1388 358 1500 416 ὃμὲν
1518 362 1560 404 ἓν
1578 359 1739 410 τούτοις

295 427 346 486 ἦν
364 432 617 485 δημαγωγῶν
642 431 708 471 καὶ
734 431 1045 485 ὃημοχαριστῶν
1074 429 1115 478 ἒς
1136 427 1189 471 τὰ
1204 422 1404 482 μάλιστα,
1430 429 1465 471 εἰ
1483 429 1550 471 καὶ
1569 428 1616 472 τό
1633 424 1740 483 ἦθος

296 499 409 557 αὐτῷ
426 495 710 552 ἀμετάβλητον
727 492 777 551 ἦν
786 529 800 550 ,
834 496 1023 551 βασιλεὺς
1039 497 1083 539 δὲ
1103 499 1143 539 Γ
1139 499 1343 547 εννουῒτας
1363 495 1477 552 ἠξίου
1492 497 1560 539 καὶ
1578 492 1742 551 ’χρημά-

296 583 378 609 των
395 563 630 620 χιλιοστύας
662 566 797 607 ἐδίδου
817 565 859 615 ἐς
888 563 985 620 ὅπερ
1008 565 1049 615 ἐξ
1070 563 1206 607 αὐτῶν
1227 562 1473 619 ἕσβήσαντες
1496 567 1773 619 acimaas-5

299 634 369 677 κόν
387 631 666 688 ἔπιθῆσονται.
722 631 743 676 ὅ
767 629 935 688 ξύγκλυς
955 632 999 675 δ’
1022 631 1142 687 ὄχλος
1165 634 1220 682 εἷς
1243 631 1392 675 ταύτὸν
1409 629 1626 688 γεγονότες,
1661 631 1745 674 ἐπεὶ

244 709 276 744 E
300 702 351 745 τὰ
372 702 446 757 μὲν
464 700 539 751 ἔξω
565 701 675 743 δεινὰ
701 701 1037 757 κατηγγέλλοντο,
1075 700 1225 750 αὐτοῦς
1254 699 1297 742 δ’
1322 699 1397 743 οὐκ
1418 695 1465 755 ἦν
1485 701 1565 743 ἐκεῖ
1581 698 1746 756 γενομέ-

298 787 393 820 νους
411 767 657 824 ἀμύνεσθαι,
692 767 870 824 ἔγνωσαν
889 775 973 818 τοῖς
994 768 1106 818 ἐντὸς
1125 773 1197 823 τῆς
1214 766 1367 817 πόλεως
1387 765 1636 817 Κατελάνοις
1658 768 1746 810 ἔπι-

295 845 453 894 χειρεῖν.
523 834 586 886 οἷς
612 837 686 891 μὲν
713 833 764 892 ἦν
792 834 1015 893 συνδιᾶγειν
1040 836 1143 879 κατὰ
1165 836 1239 891 τὴν
1267 838 1438 892 περαίαν
1455 843 1539 886 τοῖς
1557 839 1598 878 Γ
1593 837 1746 878 euvoti?-

299 923 410 958 ταις,
457 903 532 947 οὐκ
557 903 663 958 εἶχον
691 905 772 948 ἐκεῖ
795 903 997 960 γενόμενοι
1013 911 1225 960 τιμωρεῖν·
1259 902 1468 960 μαθόντες
1485 905 1531 947 δὲ
1545 902 1745 960 τηρουμέ-
1758 914 1802 952 10

300 991 395 1024 νους
413 970 547 1024 τινάς,
584 973 625 1015 ἐν
648 970 708 1022 οἷς
731 971 752 1016 ὅ
772 973 986 1028 ἆμηραλῆς
1007 974 1219 1029 ἐπεφέρετο
1234 1005 1245 1024 ,
1282 973 1387 1015 κατὰ
1406 972 1480 1027 τὴν
1500 976 1574 1015 τοῦ
1597 971 1748 1026 παχέος

295 1041 441 1085 ‘Pamin
461 1042 614 1093 οῗκίαν,
649 1044 887 1096 παμπληθιὶ
905 1039 1198 1096 συρρεύσαντες
1218 1041 1427 1097 ἓμβριθῶς
1444 1038 1628 1097 ἀπῄτουν
1648 1039 1748 1082 ἐκεί-

302 1127 411 1160 νους.
481 1107 536 1158 ὥς
564 1108 612 1151 δ’
647 1108 720 1152 οὐκ
743 1105 794 1164 ἦν
817 1110 988 1159 ἐκείνους
1018 1110 1061 1151 ἐκ
1087 1113 1160 1151 τοῦ
1180 1108 1312 1168 ῥᾷστα
1332 1109 1614 1163 προδοθέντας
1631 1100 1749 1149 ἀναι-

62 1210 69 1227 .
165 1189 192 1223 P
216 1187 284 1222 370
308 1185 413 1235 ρεῖν,
451 1181 534 1233 πῦρ
567 1177 716 1220 ἐνιᾶσιν
741 1177 886 1219 αὐτίκα
916 1179 982 1219 καὶ
1013 1178 1140 1219 οἰκίαν
1173 1180 1447 1232 πυρπολοῦσιν
1470 1177 1646 1230 ἐκείνην,
1680 1175 1749 1217 καὶ

302 1244 437 1290 πάντα
456 1262 498 1287 τε
516 1244 678 1303 τάκείνῃ
698 1245 939 1302 διαφέρουσι
959 1246 1024 1287 καὶ
1045 1244 1119 1287 οὐκ
1139 1244 1252 1300 ὀλίγα
1273 1244 1382 1287 δεινὰ
1400 1243 1505 1286 κατὰ
1525 1243 1598 1298 τὴν
1619 1243 1748 1285 οἲκίαν
1760 1248 1803 1284 15

303 1319 386 1358 τῶν
406 1311 650 1367 τολμώντων
671 1314 830 1369 ἐγίνετο.
901 1310 1161 1362 Κατελάνους
1181 1313 1226 1355 δὲ
1240 1311 1357 1368 μέχρι
1376 1314 1443 1355 καὶ
1465 1311 1592 1355 αὐτοῦ
1612 1307 1751 1354 θανά-

302 1400 377 1426 του
398 1386 576 1439 στερρῶς
594 1381 885 1437 ἀντεχομένους
915 1381 992 1425 σῧν
1016 1385 1153 1440 πολλῷ
1173 1385 1230 1441 τῷ
1252 1379 1364 1441 πόνῳ
1392 1379 1479 1435 ἅμα
1497 1380 1572 1435 μὲν
1594 1375 1751 1438 σιδήρῳ

302 1491 462 1532 classem3
493 1500 593 1534 quam
627 1490 727 1522 etiam
754 1489 846 1533 ipse,
877 1488 905 1522 si
929 1490 1020 1522 esset
1045 1498 1150 1534 opus,
1182 1487 1341 1522 alacriter
1362 1487 1622 1530 conscenderet,
1646 1486 1753 1522 ducc—

302 1541 423 1580 retque
444 1534 608 1568 adversus
640 1534 841 1568 infestantes
863 1545 955 1568 mare
977 1534 1162 1568 Romanum
1194 1534 1319 1569 hostes.
1364 1534 1444 1579 quin
1466 1534 1552 1569 adeo
1574 1533 1641 1568 iam
1663 1543 1751 1567 nunc

302 1592 378 1616 sese
408 1578 578 1624 proficisci
607 1579 651 1613 ad
683 1591 755 1613 eam
785 1591 854 1613 rem
885 1579 1090 1623 urgendam‚
1130 1579 1296 1624 istiusque
1329 1579 1455 1624 negotii
1484 1579 1657 1613 adiutores
1687 1589 1751 1611 ex-

302 1637 444 1672 poscere
466 1635 607 1669 quorum
630 1624 775 1658 eminere
795 1624 908 1658 studia.
931 1624 1084 1669 publicae
1106 1624 1226 1658 salutis
1249 1626 1283 1658 in
1305 1623 1380 1669 ipsa
1403 1624 1562 1658 concione
1584 1626 1751 1658 cerneret.

303 1671 353 1706 sic
375 1670 450 1715 ipsa
473 1669 584 1714 capita
606 1670 778 1703 turbarum
801 1681 912 1703 secum
935 1670 1050 1704 abiens
1073 1670 1223 1710 abduxit,
1247 1681 1312 1702 non
1333 1669 1493 1703 mediocri
1516 1680 1578 1703 nec
1595 1680 1615 1704 a
1639 1667 1752 1712 rigida

304 1716 377 1752 eius
398 1714 510 1750 indole
531 1714 630 1748 facile
653 1714 813 1760 sperabili
835 1715 978 1749 artificio
1001 1715 1135 1759 gratiae
1157 1714 1246 1758 vulgi
1268 1726 1350 1748 sane
1381 1714 1416 1748 in
1438 1719 1591 1760 tempore
1613 1718 1753 1760 captan-

305 1763 381 1798 dae.
428 1760 561 1795 interim
584 1761 783 1794 Genuenses
805 1761 928 1795 orabat
949 1760 1151 1806 imperator,
1175 1760 1303 1805 aliquot
1325 1759 1427 1794 etiam
1451 1771 1654 1794 nummorum
1676 1759 1754 1794 mil·

305 1809 350 1843 lia
385 1807 474 1841 ultro
505 1805 672 1850 largiens,
702 1811 742 1840 ut
773 1816 793 1840 e
824 1806 895 1840 suis
917 1806 982 1840 sibi
1006 1806 1181 1839 navarcbis
1213 1805 1254 1839 ad
1280 1805 1314 1839 id
1349 1811 1462 1850 aptum
1485 1806 1628 1850 aliquem
1650 1804 1754 1839 classi

303 1854 475 1888 Romanae
497 1851 758 1896 praeficiendum
780 1851 912 1886 darent.
957 1851 1130 1885 multitudo
1160 1862 1260 1896 porro
1295 1862 1520 1885 convenarum
1542 1857 1668 1885 temere
1691 1859 1754 1896 pet

304 1900 420 1934 urbem
444 1908 594 1941 vagans,
617 1908 740 1931 causae
762 1908 803 1931 ae
825 1897 983 1931 fortunae
1001 1897 1164 1931 societate
1186 1897 1218 1930 in
1242 1908 1341 1930 unum
1361 1902 1479 1932 coacta
1501 1902 1647 1938 coetum,
1667 1907 1755 1941 que-

305 1944 389 1979 rulis
412 1954 450 1977 se
472 1950 605 1984 mutuo,
626 1948 665 1976 ut
690 1942 766 1976 fieri
788 1944 885 1986 solet,
906 1942 1106 1977 incendebat
1129 1942 1287 1984 vocibus,
1311 1942 1440 1977 iterans
1464 1954 1551 1987 quae
1573 1942 1616 1976 de
1636 1945 1757 1976 vasta-

304 1989 453 2024 tionibus
475 1988 647 2033 regionum
669 1993 768 2022 extra
789 1989 905 2022 urbem
927 1988 1046 2032 gravia
1077 1988 1110 2021 in
1144 1988 1243 2022 horas
1274 1993 1310 2022 et
1333 1988 1533 2023 miserabilia
1555 1987 1756 2022 nuntiaban-

306 2039 373 2069 tur.
419 2034 590 2069 addebant
620 2033 752 2079 quidam
785 2034 964 2079 provinciis
995 2033 1137 2079 perditis
1159 2033 1330 2068 civitatem
1352 2045 1440 2068 nunc
1461 2034 1590 2079 ipsam,
1621 2033 1755 2067 unicum

305 2080 449 2114 cladium
472 2079 675 2125 perfugium,
699 2090 804 2124 prope
828 2091 849 2114 a
871 2079 1043 2114 dominatu
1067 2078 1209 2113 bostium
1235 2080 1366 2116 abesse.
1413 2079 1446 2114 in
1461 2091 1503 2114 ea
1524 2080 1659 2124 impune
1674 2089 1756 2112 ver-

306 2126 395 2164 sari,
434 2125 643 2170 indulgenter
674 2125 785 2159 foveri
814 2126 1018 2168 Catelanos‚
1047 2125 1147 2158 etiam
1180 2130 1354 2171 postquam
1383 2124 1417 2159 in
1447 2124 1605 2170 flagranti
1626 2123 1756 2158 scelere

307 2169 517 2207 consiliorum
547 2170 784 2215 opprimendae
809 2171 1015 2217 reipublicae
1046 2171 1247 2216 deprehensi
1279 2173 1374 2205 modo
1406 2169 1485 2205 sint.
1539 2169 1629 2205 haud
1652 2179 1755 2212 aegre

307 2215 383 2249 hinc
405 2216 586 2250 deventum
612 2216 655 2250 ad
690 2217 866 2251 vehemens
899 2217 1106 2262 propositum
1138 2216 1401 2250 ulciscendorum
1432 2226 1529 2250 manu
1552 2213 1754 2250 nefariorum

306 2260 450 2295 hostiurn
484 2261 644 2305 urbisque
666 2263 801 2296 funesta
823 2263 1008 2297 colluvione
1033 2262 1239 2307 purgandae.
1286 2274 1360 2296 cum
1383 2266 1494 2296 autem
1517 2260 1755 2295 Catelanorum

305 2306 486 2351 plerosque
516 2310 687 2351 receptum
719 2307 808 2351 apud
843 2309 1003 2342 Peraeam
1036 2309 1126 2341 inter
1153 2308 1350 2341 Genuenses
1371 2306 1543 2352 quaesisse
1572 2314 1756 2354 cognosce-

306 2355 401 2392 rent,
423 2351 492 2384 illic
513 2355 605 2385 tutos
629 2363 650 2385 a
671 2352 779 2397 plebis
803 2352 1191 2398 Constantinopolitanae
1213 2352 1269 2394 vi,
1292 2358 1328 2386 at
1350 2362 1408 2385 eos
1431 2355 1525 2385 certe
1547 2350 1604 2396 qui
1626 2349 1756 2384 servati

304 2396 398 2430 intra
420 2397 535 2430 urbem
557 2397 709 2441 contigui
737 2397 807 2431 suis
836 2399 916 2432 telis
947 2403 1082 2440 essent,
1116 2398 1203 2431 haud
1226 2398 1350 2431 inultos
1380 2395 1594 2429 dimittendos
1624 2398 1756 2429 statue-

306 2444 395 2476 runt.
442 2441 506 2474 hoc
527 2441 657 2486 impulsi
679 2443 794 2476 surore
815 2454 913 2477 manu
937 2455 1057 2487 magna
1079 2445 1171 2477 facta
1193 2443 1294 2476 aedes
1316 2441 1478 2475 invadunt
1493 2441 1608 2475 Rasilis
1625 2440 1756 2483 Crassi,

307 2486 365 2520 ubi
388 2486 477 2531 apud
500 2497 652 2520 socerum
675 2487 839 2521 amerales
862 2489 1025 2521 custodiri
1048 2489 1231 2521 ferebatur.
1278 2487 1313 2520 in
1334 2498 1406 2520 eam
1439 2497 1576 2520 numero
1599 2485 1754 2528 maximo,

307 2531 548 2566 vociferatione
571 2542 612 2565 ac
632 2531 758 2576 impetu
794 2533 947 2567 vaesanis
969 2533 1192 2577 irrumpentes
1222 2532 1375 2573 domum,
1403 2531 1479 2564 dedi
1510 2531 1576 2566 sibi
1608 2532 1755 2566 latentes

305 2578 377 2612 illic
399 2576 579 2610 Catelanos
600 2576 768 2620 flagitant.
815 2588 961 2622 moxque
981 2578 1118 2611 incertis
1140 2576 1268 2610 consilii
1290 2576 1476 2610 domesticis
1499 2577 1586 2611 haud
1609 2583 1663 2612 sat
1685 2577 1755 2612 cito

307 2621 563 2667 expedientibus
583 2632 797 2666 responsum,
819 2626 878 2655 aut
902 2623 1014 2667 potius
1036 2623 1124 2666 quod
1147 2622 1376 2666 imperabatur
1398 2623 1658 2667 exequentibus,
1675 2623 1754 2667 igne

305 2668 407 2703 tectis
427 2666 578 2702 subiecto
609 2666 808 2700 domicilium
838 2666 872 2700 id
905 2671 1010 2700 totum
1035 2667 1070 2701 in
1098 2667 1243 2700 cinerem
1267 2666 1443 2711 redigunt,
1466 2669 1596 2712 multis,
1619 2667 1754 2702 interim

307 2715 385 2748 dum
406 2712 591 2747 incendium
612 2717 809 2757 grassatur,
832 2712 1040 2746 crudelitatis
1063 2718 1099 2746 et
1121 2712 1284 2746 avaritiae
1313 2713 1348 2746 in
1376 2712 1621 2757 direptionibus
1640 2725 1755 2748 rerum

306 2765 343 2794 et
367 2759 526 2793 resistere
546 2769 701 2792 ausorum
723 2757 824 2801 gravi
847 2758 1042 2792 multatione
1064 2757 1277 2792 familiarium
1299 2757 1400 2792 editis
1424 2759 1596 2805 exemplis.
1641 2759 1676 2793 in
1698 2759 1754 2793 his

307 2804 463 2840 Catelani
481 2803 556 2840 sine
583 2815 646 2850 spe
675 2803 797 2839 veniae
827 2814 889 2850 pro
919 2803 1031 2850 capite
1061 2807 1164 2849 atque
1188 2804 1298 2838 anima
1319 2808 1509 2849 pugnantes
1542 2805 1633 2840 baud
1654 2803 1754 2839 inulti
