1858 3126
305 151 401 215 674
701 164 1009 209 OBSERVAT.
1039 164 1349 210 rAcnYMER.

307 289 406 327 simo
432 293 471 325 et
495 285 593 324 mihi
618 285 852 324 amicissimo
872 285 1075 324 Dominico
1097 284 1244 335 Magrio
1269 284 1654 336 theologo-ecclesiae
1673 283 1742 321 Vi·-

305 341 528 392 terbiensis3
560 343 627 393 qui
654 355 738 380 rem
764 342 859 380 adeo
884 342 1066 394 probavit
1094 347 1140 378 ut
1165 340 1317 390 statim,
1347 354 1445 391 quae
1467 341 1616 379 dudum
1642 340 1743 379 scri·-

305 405 437 451 pserat
467 398 510 437 in
540 412 611 436 suo
643 398 894 437 Onomastico
924 397 1186 437 ecclesiastico
1213 397 1364 435 duabus
1399 397 1475 435 iam
1507 395 1743 434 editionibus

304 456 479 506 vulgato,
507 468 684 506 quaeque
701 456 742 492 in
762 455 894 503 tertia,
923 455 966 493 in
987 468 1062 506 qua
1083 467 1189 491 nunc
1210 454 1386 504 praelum
1406 452 1579 499 laborat,
1607 451 1744 499 decre-

171 514 197 546 P
220 513 286 548 473
309 518 417 550 verat
445 524 590 562 ponere
619 511 668 549 de
690 512 849 549 notione
873 511 983 550 vocis
1016 509 1296 547 dibambulam
1322 508 1501 560 opinioni
1522 505 1683 545 Meuraii
1706 512 1746 545 et

307 567 480 607 Martinii
501 573 780 616 consentanea,
808 568 849 604 in
871 580 994 604 meam
1015 566 1244 604 sententiam
1262 564 1477 605 refluxerit.

416 623 614 662 Hactenus
639 623 687 661 de
712 623 772 661 his
790 624 1020 675 scripseram
1034 654 1045 670 ‚
1074 635 1164 659 cum
1188 622 1291 658 sorte
1315 621 1456 658 incidit
1471 619 1514 656 in
1532 631 1637 655 meas
1653 630 1747 655 ma·-

306 692 380 718 nus
397 679 561 718 historia
581 679 727 717 Graeca
746 680 903 717 concilii
928 678 1143 717 Florentini
1156 707 1166 726 ,
1197 682 1374 726 auctore,
1403 682 1450 714 ut
1467 687 1640 726 nuperus
1661 672 1747 711 edi-

306 741 539 789 torAvocat,
564 735 765 785 Sylvestro
791 736 1033 788 Sguropulo:
1063 734 1128 772 alii
1148 733 1388 784 Syropulum
1418 731 1568 769 dictum
1589 729 1745 768 volunt.

305 793 348 830 in
376 791 454 829 hoc
487 805 555 839 ego
586 792 688 829 libro
715 792 844 843 reperi
871 792 1108 829 luculentam
1141 788 1474 827 confirmationem
1501 785 1748 824 coniecturae

307 849 358 886 de
374 846 605 886 dihamhalu
634 859 762 896 meae,
794 861 911 897 quam
931 847 1091 886 tacitam
1118 845 1382 883 transmittere
1407 841 1668 896 praevaricari
1684 840 1747 880 sit.

308 910 441 942 narrat
466 904 499 941 is
521 902 691 954 scriptor
715 917 748 940 c.
768 905 818 944 17
844 909 937 943 sect.
956 906 982 944 3
1008 917 1045 954 p.
1067 905 1139 949 62,
1169 915 1260 939 cum
1280 906 1381 939 esset
1397 897 1620 951 patriarcha
1641 896 1747 936 Con-

303 959 681 1011 stantinopolitauus
702 958 743 996 in
760 959 970 1009 procinctu
985 958 1224 997 desideratae
1240 957 1316 996 sibi
1334 953 1592 1007 navigationis
1613 954 1657 991 iu
1668 952 1747 990 lta÷

304 1016 398 1054 liam
427 1015 477 1053 ad
503 1015 714 1053 concilium
740 1014 824 1052 illic
853 1015 1127 1053 celebrandum
1153 1020 1191 1052 et
1217 1012 1467 1051 concordiam
1497 1009 1747 1048 ecclesiarum

306 1071 564 1120 statuendam,
593 1071 778 1119 voluisse,
806 1077 1044 1123 repugnante
1063 1070 1260 1121 Syropulo
1285 1075 1324 1106 et
1342 1069 1429 1106 aliis
1452 1065 1683 1118 quibusdam
1702 1063 1747 1102 iu

306 1127 518 1166 schismate
538 1133 578 1166 et
599 1127 691 1165 odio
713 1128 940 1165 Latinorum
964 1126 1202 1174 obfirmatis,
1230 1124 1381 1176 portari
1403 1136 1537 1162 secum
1564 1134 1656 1160 vasa
1682 1133 1747 1156 sa-

308 1197 375 1222 cra
402 1184 531 1221 omnia
559 1189 715 1221 sanctae
741 1197 901 1233 magnae
933 1181 1136 1221 ecclesiae:
1174 1178 1415 1233 πατριάρχης
1441 1172 1747 1230 παρεκελεύσατο

307 1238 592 1292 ἓτοιμασθῆναι
615 1237 683 1279 καὶ
703 1235 750 1278 τὰ
775 1237 859 1291 ἱεροὶ
878 1235 1000 1290 σκεύη
1022 1235 1154 1278 πάντα
1167 1240 1240 1289 τῆς
1258 1232 1477 1289 ἁγιωτάτης
1491 1230 1668 1288 ,μεγάλης
1683 1230 1748 1272 ἐκ·

306 1296 482 1346 πλησίας,
511 1291 846 1347 δυσχεραινόντων
862 1294 903 1334 δὲ
921 1294 1039 1347 ἡμῶν
1068 1300 1140 1332 etc.
1196 1307 1240 1330 ea
1266 1291 1491 1339 occasione,
1519 1302 1610 1328 cum
1636 1300 1748 1326 sacra

306 1351 375 1389 illa
399 1365 492 1390 vasa
521 1358 817 1389 recenserentur
844 1352 886 1388 in
914 1351 1085 1389 sarcinas
1112 1348 1290 1400 liganda,
1320 1360 1420 1399 quae
1446 1347 1624 1398 ipsorum
1653 1357 1748 1382 aevo

307 1413 381 1446 aut<
394 1408 511 1457 longo
532 1420 607 1445 usu
625 1421 736 1458 passa
758 1406 958 1458 quippiam
977 1408 1145 1454 fuerant,
1173 1404 1451 1444 recent-innata
1468 1415 1514 1440 ac
1534 1405 1751 1447 restaurata

307 1469 420 1511 sunt;
460 1463 502 1501 iu
532 1476 610 1513 quo
644 1462 737 1500 dum
765 1463 966 1502 elaborant
992 1462 1183 1506 artifices,
1222 1459 1388 1509 contigit
1423 1457 1558 1496 offerri
1585 1455 1643 1494 eis
1672 1454 1750 1494 tria

309 1518 473 1570 ῥιπίδια.
530 1520 772 1568 Creygtonus
787 1519 927 1557 inscite
941 1517 1109 1570 pyxides
1127 1517 1256 1556 vertit.
1311 1513 1535 1552 ventilabra
1557 1511 1660 1550 enim
1678 1510 1749 1549 illa

308 1585 389 1610 vox
416 1579 551 1621 sonat,
581 1578 647 1610 aut
675 1581 722 1611 ut
744 1581 882 1612 auctor
909 1575 1092 1624 antiquus
1117 1573 1221 1610 vitae
1248 1573 1287 1610 S.
1305 1571 1412 1609 Petri
1436 1568 1619 1607 cavensis
1640 1565 1750 1618 apud

307 1627 601 1666 Henschenium
625 1628 689 1666 die
713 1628 739 1668 4
760 1630 890 1667 Martii
911 1643 944 1668 c.
963 1628 989 1669 4
1015 1628 1175 1676 scribit,
1197 1627 1382 1678 flabella.
1437 1623 1559 1663 verba
1581 1622 1664 1660 eius
1682 1621 1749 1660 hic

308 1698 468 1736 ponam,
498 1683 590 1735 quia
607 1697 723 1722 usum
743 1688 822 1724 τῶν
840 1685 1025 1736 §nauffinna
1042 1685 1085 1722 in
1101 1697 1212 1721 sacro
1233 1682 1432 1720 indicant:
1461 1693 1555 1717 cum
1577 1678 1750 1718 Ter-esini

309 1742 354 1778 in
371 1740 536 1780 ecclesia
559 1741 601 1780 S.
624 1734 785 1778 Ioannis
809 1742 953 1778 mismo
975 1739 1039 1791 (S.
1058 1742 1201 1777 Petrus
1227 1735 1438 1788 cavensis)
1457 1735 1684 1779 celebraret,
1713 1739 1751 1771 et

309 1794 476 1847 quidam
483 1796 647 1847 flabelli
664 1798 928 1834 ministerium
943 1797 1183 1847 negligenter
1199 1793 1401 1842 exhiberet,
1429 1789 1658 1842 lampadem
1676 1790 1751 1826 im-

301 1852 415 1902 pulit
439 1859 474 1888 et
501 1853 630 1889 oleum
648 1866 766 1903 super
785 1853 914 1890 altare
930 1851 1061 1902 fudit.
1117 1857 1228 1889 erant
1245 1862 1384 1900 nempe
1407 1848 1560 1898 ῥιπίδια
1583 1845 1751 1884 laminae

307 1914 443 1946 tenues
463 1907 505 1945 in
524 1908 672 1947 alarum
689 1909 832 1947 formas
852 1914 1045 1957 extensae,
1064 1920 1162 1958 quae
1180 1906 1286 1945 cirea
1306 1904 1452 1943 Christi
1471 1915 1631 1954 corpus,
1653 1901 1750 1939 ditm

308 1963 351 2000 in
373 1963 487 2001 altari
507 1964 651 2014 stabat,
681 1978 703 2002 a
723 1964 909 2003 ministris
927 1964 1199 2004 movebantur.
1254 1959 1476 2000 istiusmodi
1489 1959 1751 1997 instrumenta

310 2019 386 2057 tria
415 2032 435 2057 e
463 2019 636 2070 pretioso
663 2019 751 2058 fusa
777 2021 955 2071 metallo,
983 2020 1052 2058 sed
1078 2025 1240 2058 contusa
1268 2023 1337 2056 aut
1358 2015 1558 2054 maculosa
1581 2013 1751 2063 ideoque

308 2075 565 2124 reparationis
585 2076 748 2126 egentia,
774 2076 1077 2127 haudquaquam
1102 2076 1221 2123 fuere,
1250 2079 1296 2111 ut
1312 2073 1399 2121 alia,
1426 2072 1468 2109 in
1488 2070 1662 2122 priorem
1681 2081 1751 2106 re-

310 2129 401 2166 ficta
421 2136 458 2167 et
477 2131 633 2170 elimata
652 2131 827 2182 figuram,
856 2146 995 2171 verum
1015 2132 1057 2170 in
1086 2131 1247 2169 unicum
1269 2128 1437 2167 conflata
1456 2124 1749 2164 dibambuluma‘

310 2181 399 2224 ἀντὶ
414 2189 487 2225 τοῦ
506 2185 751 2240 ἑδρασθῆναι
770 2188 837 2228 καὶ
861 2185 1189 2242 εἰῗτρεπισθῆναι,λ
1208 2182 1262 2234 ὦς
1278 2185 1345 2225 καὶ
1361 2181 1409 2224 τοὶ
1425 2181 1543 2223 λοιπὰ
1561 2177 1750 2232 miro-‘an'-

311 2244 468 2291 σθησαν
489 2273 498 2307 3
521 2274 528 2282 .
551 2275 559 2283 .
581 2274 591 2283 .
619 2244 675 2290 εἷς
694 2234 962 2296 διβοῖμβουλον
984 2239 1370 2295 μετεσκευάσθησαν,
1397 2241 1468 2291 τῆς
1490 2238 1647 2289 μορφῆς
1669 2235 1750 2297 ’ξῶν

309 2294 582 2349 ἑξαπτερυγων
602 2294 836 2351 οἷποπτᾶσης
851 2297 879 2351 ’ἢ
900 2290 1200 2350 οἷπελασθείσης,
1222 2297 1359 2344 εἰπεῖν,
1382 2294 1422 2342 ἐξ
1438 2289 1580 2333 αὐτῶν.
1614 2290 1750 2341 prwn'

298 2350 444 2404 forma
473 2354 515 2389 in
544 2355 596 2390 iis
622 2355 780 2405 sculpta
801 2352 1113 2394 cherubinorum
1137 2368 1203 2391 sex
1231 2353 1310 2389 alis
1337 2353 1621 2388 instructorum
1648 2358 1750 2382 ανο-

312 2406 420 2442 lante
436 2415 507 2443 aut
524 2408 636 2458 inde,
667 2417 712 2446 ut
734 2413 794 2447 sic
809 2410 956 2460 dicam,
987 2411 1165 2461 expulsa.
1221 2421 1268 2446 en
1288 2419 1378 2456 ergo
1395 2418 1442 2442 ex
1457 2401 1647 2442 relatione
1670 2402 1749 2451 Sy-

308 2460 460 2512 ropuli,
489 2468 567 2500 tres
595 2464 760 2503 laminas
786 2473 983 2516 argenteas
1010 2463 1230 2505 simulacris
1253 2459 1565 2499 cherubinorum
1592 2457 1749 2505 celatas,

312 2515 355 2553 in
379 2529 500 2555 unum
527 2519 714 2557 conflatas
743 2519 1032 2559 dibambalum.
1088 2526 1208 2558 restat
1226 2518 1361 2556 videre
1390 2514 1487 2565 quid
1514 2512 1670 2550 tandem
1689 2511 1749 2550 rei

313 2579 394 2610 esse
414 2570 692 2612 dihambulum
708 2576 1000 2623 existimaverit,
1030 2577 1148 2613 immo
1167 2579 1272 2612 certo
1291 2570 1436 2620 scierit,
1465 2575 1504 2608 et
1523 2581 1572 2607 ex
1590 2566 1749 2620 publica

311 2633 408 2666 tunc
432 2630 603 2668 omnium
622 2629 764 2668 notitia
781 2631 944 2669 innuere
967 2631 1060 2669 satis
1078 2628 1256 2668 habuerit
1274 2627 1493 2678 Syropulus
1510 2625 1626 2663 idem.
1681 2621 1749 2660 in-

311 2683 505 2734 telligitur
519 2685 560 2723 id
577 2699 626 2723 ex
645 2686 812 2736 quadam
828 2686 952 2739 ipsius
972 2686 1226 2736 auguratione
1237 2684 1328 2721 inde
1346 2686 1518 2734 captata;
1548 2693 1666 2732 quam
1682 2677 1748 2716 his

308 2739 443 2778 verbis
463 2755 555 2779 mox
580 2741 772 2792 explicat:
801 2742 867 2782 καὶ
893 2738 982 2782 ἀντὶ
1009 2744 1082 2782 τοῦ
1108 2741 1203 2796 θείᾳ
1228 2739 1537 2780 ἐναποτίθεσθαι
1564 2733 1751 2788 τραπέζης

309 2793 362 2842 ὦς
390 2794 498 2849 ἱερόν
521 2793 731 2851 ἀνάθημα,
758 2795 802 2840 τὸ
825 2795 870 2839 δὲ
894 2799 1173 2852 λαμπαδοῦχον
1190 2791 1449 2850 περιάγεσθαι
1469 2787 1547 2848 ᾆδε
1564 2786 1750 2846 ηκᾷκεῖσεῑ
