1820 3112
266 165 365 212 276
692 158 930 204 GEORGII
968 159 1325 204 PACHYMERIS

266 277 464 333 κυσμένον
481 276 771 330 παλινδρομεῖν
791 274 834 326 ἐξ
854 273 1109 324 ἀσυνθεσίας
1142 272 1272 317 δεινὸν
1300 267 1352 328 «ἦν
1375 274 1443 316 καὶ
1461 270 1589 329 μόνον
1609 283 1740 317 κατα-

271 344 490 402 νοούμενον
505 358 514 368 ·
552 341 773 387 ἐκλύεσθαι
791 343 871 400 γὰρ
891 341 1044 399 ἀνάγκη
1065 342 1113 386 τὸ
1136 340 1358 398 πρόθυμον
1381 341 1629 398 ἀποτυχόντι
1654 346 1740 386 τῶν

268 419 474 470 εἶλπισμῶν
506 415 573 457 καὶ
601 412 847 456 τούντεῦθεν
875 411 1104 469 ἔχθραίνειν
1135 415 1294 466 μᾶλλον
1320 409 1740 464 ὖποκνισθέντι,.καὶ

265 485 368 543 πρὸς
398 484 450 526 τὰ
481 484 602 538 μείζω
635 481 691 537 μὴ
723 478 1007 535 εὐοδοῦμενον.
1077 485 1214 524 ταῦτα
1241 479 1316 536 τὴν
1345 480 1546 534 βασιλέως
1572 479 1739 523 ἔπειθον

130 574 158 608 p
184 572 250 607 137
272 552 438 612 γνώμην
457 553 524 595 καὶ
543 550 655 608 παρὰ
674 550 721 593 τὸ
741 550 845 601 εἰκὸς
866 548 1248 606 πραγματεύεσθαι.
1297 550 1363 591 καὶ
1384 548 1435 604 δὴ
1456 547 1551 592 ὅλον
1569 549 1773 594 vincenii-5

266 641 337 667 ται
367 621 436 665 διὰ
470 621 688 677 πρεσβείας
718 619 790 663 τὸν
819 617 999 677 κροῖλην,
1042 616 1240 673 μαθόντα
1260 617 1334 673 τὴν
1370 618 1434 660 ἐπὶ
1453 619 1630 676 θυγατρὶ
1650 616 1742 661 ἀντὶ

268 696 344 747 τῆς
365 690 546 747 ἀδελφῆς
562 692 638 732 τοῦ
662 687 864 743 βασιλέως
882 687 1112 745 συγγένειαν
1125 699 1135 711 ·
1165 689 1231 731 καὶ
1251 686 1365 743 ὅρκοι
1382 685 1429 730 τό
1447 686 1590 730 λοιπὸν
1609 683 1742 743 πρού-

267 766 412 816 βαινον
445 759 509 802 ἐπὶ
538 755 703 807 τούτοις
730 758 798 800 καὶ
828 758 1070 810 συνθεσίαι,
1117 758 1183 799 καὶ
1213 754 1238 811 ἡ
1268 751 1520 806 ὁεσπόσυνος
1539 752 1742 813 κράλαινα

271 828 521 884 ἔπικέκλητο.
588 823 717 882 μόνον
747 825 790 869 δ’
825 822 875 882 ἦν
904 825 1093 869 ἀπαντᾶν
1123 824 1264 868 λοιπὸν
1287 824 1392 868 κατὰ
1410 824 1487 880 τὴν
1514 827 1741 869 Θεσσαλῶν

268 895 523 956 μητρόπολιν
551 894 749 950 βασιλέα,
801 894 858 946 ὥς
878 894 1287 951 διαπρεσβευομένοις
1317 893 1540 948 συνέκειτο,
1579 894 1647 938 καὶ
1669 890 1739 936 οῧ-
1753 905 1797 940 10

270 985 355 1018 τως
385 968 521 1009 ἐλθεῖν
552 961 732 1022 κράλην,
770 966 839 1007 καὶ
865 964 940 1019 τὴν
968 968 1041 1007 τοῦ
1075 967 1257 1021 Τερτερῆ
1288 964 1362 1018 μὲν
1391 962 1652 1006 ἀποστέλλειν
1681 965 1742 1021 τῷ

220 1050 248 1084 Β
272 1040 457 1092 βασιλεῖ,
496 1031 737 1091 προδιδόναι
765 1033 810 1076 δὲ
840 1035 908 1077 καὶ
937 1032 1008 1076 τὸν
1036 1033 1319 1087 Κοτανίτζην,
1355 1029 1579 1087 λαμβάνειν
1606 1030 1742 1087 δὲτὴν

269 1109 345 1150 τοῦ
376 1102 579 1158 βασιλέως
608 1102 802 1159 γνησίαν,
838 1101 890 1157 ἣν
922 1101 971 1157 δὴ
1000 1103 1067 1144 καὶ
1089 1102 1301 1157 Σιμωνίδα
1329 1098 1628 1158 ἔκυριωνύμουν
1641 1097 1743 1144 Ῥω-

271 1181 412 1230 μαΐοι,
452 1173 520 1216 καὶ
554 1169 685 1222 οὕτως
710 1170 816 1228 αὐτῇ
841 1175 1136 1223 συνοικοῦντα,
1175 1169 1280 1225 πλὴν
1309 1169 1382 1212 τὸν
1410 1171 1634 1227 συναφείας
1650 1187 1744 1212 και-

272 1244 346 1302 ρὸν
373 1240 655 1298 ἀναμένοντα,
702 1238 745 1283 ἔν
774 1241 892 1284 παισὶ
918 1237 1120 1295 τετάχθαι
1139 1240 1207 1282 καὶ
1233 1240 1368 1296 φίλοις
1386 1240 1565 1295 γνησίοις
1583 1242 1642 1299 τῷ
1658 1242 1740 1292 βα-
1754 1247 1797 1284 15

269 1317 385 1358 σιλεῖ.

224 1397 254 1431 c
423 1381 502 1426 32.
576 1377 637 1422 Οὖ
652 1383 790 1434 χεῖρον
820 1375 862 1420 δ’
884 1375 985 1428 ἴσως
1015 1377 1082 1420 καὶ
1105 1375 1179 1433 τὴν
1196 1379 1270 1432 τῆς
1290 1375 1514 1431 ὀνομασίας
1533 1375 1668 1419 αἰτίαν
1687 1375 1744 1419 εἳ-

273 1456 362 1495 πεῖν
397 1450 646 1506 ἱστοροῦσιν.
719 1443 854 1489 ἐλύπει
880 1450 939 1507 τῷ
971 1449 1140 1502 βασιλεῖ’
1157 1446 1315 1489 παίδων
1347 1449 1526 1502 θηλειῶν
1555 1443 1743 1501 ἀποβολὴ

364 1536 417 1570 18.
443 1531 510 1571 τὸν
530 1531 707 1581 βασιλὲαἰ)

269 1616 357 1650 tales
381 1625 402 1647 a
425 1611 579 1658 principe
602 1609 788 1657 suspectae·
807 1610 970 1646 hactenus
991 1611 1139 1646 levitatis
1161 1611 1361 1658 ingeminari
1384 1611 1450 1646 sibi
1479 1610 1744 1646 contestatione·

269 1658 519 1696 sincerissimae
551 1662 588 1692 et
610 1658 653 1692 ab
677 1657 766 1691 omni
787 1657 939 1702 periculo
973 1658 1209 1692 instabilitatis
1231 1657 1479 1692 remotissimae
1501 1656 1680 1692 fidelitatis
1701 1656 1745 1691 li-

271 1708 395 1741 benter
417 1705 580 1739 audiebat
602 1704 808 1749 imperator;
841 1703 951 1749 iisque
973 1708 1013 1737 ut
1036 1704 1210 1745 crederet,
1235 1716 1275 1738 eo
1300 1703 1476 1738 efficacius
1498 1704 1744 1745 adducebatur,

273 1752 363 1798 quod
396 1751 482 1786 satis
511 1749 724 1794 intelligebat
753 1748 877 1783 nullam
907 1749 1081 1784 undelibet
1113 1749 1231 1784 offerri
1258 1750 1368 1784 Serbo
1391 1761 1491 1794 posse
1521 1749 1745 1784 conditionem

271 1802 415 1842 tantam,
438 1808 527 1842 quae
548 1795 824 1875 praeponderans
850 1796 1029 1830 commodis
1054 1807 1097 1829 ex
1123 1795 1339 1840 imperatorio
1362 1795 1573 1830 matrimonio
1595 1795 1745 1841 speratis

271 1845 364 1879 illum
389 1843 526 1878 eliceret
556 1843 591 1876 in
614 1843 715 1876 ulam
738 1841 975 1886 cogitationem
999 1842 1182 1884 novitatis,
1212 1853 1282 1887 qua
1314 1841 1583 1887 irreparabiliter
1604 1853 1643 1876 se
1666 1851 1745 1875 cor-

272 1893 452 1936 rupturum
484 1893 554 1923 tam
588 1888 718 1934 amplas
751 1894 787 1922 et
820 1892 934 1922 certas
969 1900 1047 1933 spes
1081 1888 1223 1922 haberet
1246 1887 1492 1922 evidentissime
1515 1891 1744 1934 perspectum.

275 1947 383 1982 quare
405 1936 470 1970 hoc
492 1934 689 1980 propensius
710 1933 863 1968 incubuit
884 1934 919 1968 in
942 1933 1053 1977 istud,
1086 1938 1268 1980 utcumque
1290 1934 1362 1968 suis
1385 1945 1451 1968 non
1473 1945 1595 1969 carens
1616 1933 1746 1968 incom-

275 1982 401 2023 modis,
439 1980 612 2015 consilium
640 1980 718 2015 talis
748 1979 878 2025 negotii
909 1980 1075 2025 urgendi,
1105 1981 1195 2026 quod
1228 1984 1263 2014 et
1292 1980 1377 2014 fecit
1407 1979 1746 2014 honorificentissima

274 2028 391 2062 statim
414 2027 614 2061 destinanda
635 2025 805 2071 legatione
829 2025 871 2060 ad
895 2029 1042 2069 craIem,
1077 2038 1145 2071 qua
1170 2026 1275 2060 filiam
1306 2026 1475 2060 offerebat
1495 2026 1531 2060 in
1557 2025 1667 2060 locum
1688 2035 1747 2059 so-

276 2073 379 2115 roris,
404 2072 661 2107 commendando
685 2073 785 2107 etiam
808 2083 870 2117 per
894 2083 932 2106 se
954 2072 1208 2118 incomparabili
1230 2073 1378 2106 muneris
1399 2071 1533 2118 pretio,
1555 2075 1624 2106 tam
1647 2072 1746 2106 blau-

248 2133 253 2137 ·
277 2119 333 2152 dis
357 2119 548 2164 exquisitae
572 2118 729 2152 caritatis
751 2117 897 2162 indiciis,
911 2123 950 2153 ut
972 2118 1213 2153 incredibiliter
1235 2118 1396 2153 delinitus
1418 2117 1460 2152 iis
1480 2118 1658 2152 barbarus
1671 2119 1746 2151 sta-

277 2164 340 2199 tim
359 2164 452 2198 ultro
475 2164 642 2199 iuraverit
672 2169 845 2199 aeternam
877 2176 951 2199 cum
981 2164 1186 2210 imperatore
1207 2164 1442 2206 concordiam3
1472 2175 1515 2198 ex
1537 2174 1646 2208 eoque
1676 2161 1746 2196 iam

279 2214 432 2255 tempore
454 2211 666 2255 sponsalibus
686 2210 754 2245 rite
777 2211 946 2256 utrimque
968 2211 1158 2256 stipulatis‚
1188 2222 1275 2256 quae
1293 2210 1389 2255 regia
1409 2209 1607 2254 virguncula
1630 2210 1746 2243 suerat

279 2259 421 2291 eatenus
454 2256 668 2301 desposyna‚
699 2257 763 2291 hoc
792 2261 847 2291 est
879 2257 1118 2292 dominantium
1140 2257 1231 2300 filia,
1264 2260 1407 2300 vocata,
1439 2255 1598 2289 cralaena
1618 2253 1699 2289 inde
1722 2265 1745 2290 a

279 2301 398 2349 spousi
426 2303 590 2336 vocabulo
622 2302 786 2337 nominari
818 2307 941 2348 coepta
974 2308 1038 2338 est.
1085 2303 1264 2337 restabant
1294 2302 1401 2336 solum
1426 2300 1617 2334 executioni
1648 2311 1746 2335 man-

280 2347 412 2382 dandae
436 2349 590 2393 concepti
611 2348 784 2395 iuratique
807 2348 976 2394 utrimque
998 2362 1019 2383 a
1042 2348 1166 2394 legatis
1198 2347 1414 2393 imperatoris
1439 2350 1475 2380 et
1497 2346 1598 2380 cralis
1629 2346 1748 2381 condi-

280 2392 393 2427 tiones
415 2393 573 2427 foederis.
619 2406 682 2440 per
703 2395 764 2429 bas
788 2399 864 2429 erat
883 2395 1083 2440 promissum
1105 2395 1231 2428 iturum
1253 2394 1289 2428 in
1310 2391 1552 2427 Thessalorum
1575 2397 1749 2439 metropo-

279 2437 340 2473 lim
362 2439 617 2484 imperatorem,
650 2452 758 2486 eoque
789 2451 866 2475 mox
897 2441 940 2474 ad
964 2441 1054 2475 illum
1077 2445 1253 2474 venturum
1276 2438 1419 2477 etalem,
1451 2439 1641 2483 praemissa
1667 2437 1748 2484 ipsi,

284 2495 386 2530 quam
409 2495 497 2519 nunc
527 2484 603 2519 vice
625 2486 777 2530 coniugis
798 2486 959 2529 haberet,
981 2487 1054 2521 filia
1075 2485 1254 2528 Terteris;
1286 2484 1479 2518 dediturum
1510 2484 1614 2519 etiam
1636 2484 1746 2519 eidem

284 2529 513 2573 Cotanitzam,
535 2541 665 2575 proque
687 2531 754 2566 illis
776 2531 925 2566 vicissim
948 2535 1163 2577 accepturum
1185 2530 1332 2575 Augusti
1352 2530 1455 2564 filiam
1468 2556 1479 2574 ,
1512 2541 1614 2577 quam
1636 2530 1749 2565 Simo-

284 2575 399 2611 nidem
420 2575 557 2621 proprio
579 2576 722 2611 Romani
751 2577 884 2612 nomine
914 2578 1102 2621 vocabant3
1133 2588 1208 2611 eam
1236 2577 1273 2610 in
1297 2576 1395 2610 domo
1417 2575 1518 2611 cralis
1541 2576 1749 2612 educandam

284 2633 395 2667 usque
417 2622 461 2656 ad
484 2621 630 2655 nubilem
653 2627 822 2666 aetatem;
851 2626 956 2668 atque
985 2623 1092 2669 ipsum
1124 2623 1259 2657 interim
1293 2625 1329 2656 et
1351 2633 1394 2656 ex
1415 2626 1498 2657 tunc
1519 2622 1581 2657 filii
1602 2621 1750 2656 necessi-

283 2667 393 2702 tudini
422 2670 459 2701 et
484 2666 677 2702 individuae
711 2669 822 2703 intimi
862 2668 961 2704 amici
992 2668 1151 2704 societati
1182 2673 1442 2704 consentaneum
1473 2668 1608 2714 gratiae
1638 2668 1748 2704 locum

284 2714 376 2759 apud
397 2713 633 2759 imperatorem
657 2714 861 2750 habiturum.

375 2769 432 2804 32.
479 2768 558 2804 Non
583 2769 646 2803 abs
669 2781 708 2804 re
730 2771 851 2817 opinor
883 2771 988 2806 fuerit
1019 2771 1143 2806 docere
1173 2770 1231 2806 hic
1263 2770 1559 2826 obiter-lectorem
1581 2780 1748 2817 quaenam

279 2813 365 2848 satis
395 2813 578 2850 inusitatae
606 2813 642 2849 in
673 2815 738 2851 hac
771 2817 867 2862 regia
899 2817 1096 2864 virguncula
1117 2816 1404 2868 *nomenclationis
1425 2816 1584 2852 inciderit
1603 2814 1746 2851 occasio.
