1858 3126
242 155 341 201 388
656 153 892 198 GEORGII
936 154 1289 200 PACHYMERIS

239 269 315 323 μὲν
338 262 411 311 οὖν
427 266 521 309 κατ’
544 267 694 310 ἐκεῖνον
709 272 905 321 τοιαῦτα,
945 266 1041 323 ἡμῖν
1062 269 1107 312 δὲ
1134 270 1202 311 καὶ
1219 268 1272 312 τὰ
1298 270 1421 314 λοιπὰ
1441 271 1707 329 προσθετέον,

242 337 498 390 ἀναλαβοῦσι
516 335 662 391 μικρὸν
680 335 858 383 ἄνωθεν.

191 408 219 442 Β
382 405 427 450 9.
494 402 681 461 “Υπε’ρρει
699 406 774 459 μὲν
793 405 845 448 τὰ
865 404 959 447 κατ’
986 405 1192 455 ἀνατολὰς
1212 407 1320 449 ἐσαεὶ
1339 407 1407 448 καὶ
1426 406 1487 448 ἐπὶ
1503 406 1550 450 τό
1571 413 1706 463 χεῖρον

240 472 512 530 προέκοπτεν,
547 472 651 516 ὥστε
679 476 746 516 καὶ
775 472 971 530 ὁσημέραι
994 474 1178 530 ἀγγελίας
1198 474 1266 517 ἐπ’
1288 474 1491 530 ἀγγελίαις
1503 477 1707 530 χειρίστας

242 543 305 585 ἐπὶ
335 543 485 591 δειναῖς
513 541 776 599 ἀφικνεῖσθαι
810 542 912 598 πρὸς
932 544 1119 597 βασιλέα.
1190 543 1243 585 τὰ
1271 544 1346 596 μὲν
1379 538 1451 586 οὖν
1470 543 1578 586 καθ’
1598 541 1740 598 ἦμῐὶς5

242 615 375 654 ταῦτα
406 612 473 653 καὶ
499 610 737 667 ὀφθαλμοῖς
767 609 979 667 ἑωρῶμεν,
1018 613 1084 654 καὶ
1117 615 1199 654 τῶν
1225 609 1467 668 ἑωρακότων
1496 610 1522 667 ἢ
1550 615 1708 666 μᾶλλον

241 680 292 735 δὴ
313 684 396 722 τῶν
424 678 671 731 παθόντων,
707 679 758 734 τ’]’ν
781 697 842 730 τις
873 682 939 723 καὶ
955 680 1101 723 λαθών
1119 680 1281 736 διέφυγε
1303 681 1350 724 τὸ
1372 678 1523 733 δεινόν,
1562 679 1708 737 ἔκτρα-

238 745 478 807 γῳδούντων
495 748 547 791 τὰ
572 746 692 803 πάθη
715 747 916 803 ἠκούομεν
930 782 943 801 ,
980 751 1046 792 καὶ
1064 744 1112 803 ἦν
1129 749 1256 803 μέσον
1277 750 1441 806 ἐχθρῶν
1459 750 1526 792 καὶ
1546 746 1663 804 ἧμῶν
1683 747 1704 792 ὃ

238 816 434 874 πορθμὸς
454 810 576 866 οὗτος
595 816 738 871 διέχων
763 819 829 860 καὶ
845 815 997 871 μόνος,
1029 817 1175 872 ἀνέδην
1196 815 1522 872 ἐπεμβαινόντων
1535 818 1603 860 καὶ
1623 815 1708 872 χῶ-

238 902 315 943 ρας
338 883 503 935 ἆπάσας
527 886 594 928 καὶ
623 885 747 936 ναοὺς
779 887 846 928 καὶ
870 886 1000 940 μονὰς
1034 889 1254 936 καλλίστας
1275 888 1346 929 καί
1362 905 1452 930 τινα
1471 890 1553 930 τῶν
1573 903 1706 943 φρου-
1718 898 1761 932 10

96 958 125 991 P
149 959 217 995 270
240 956 338 1012 ρίων
356 958 491 1004 κακῶς
511 951 762 1007 ποιούντων,
800 957 868 997 καὶ
888 953 1207 1012 πυρπολούντων
1234 955 1287 998 τιὶ
1310 953 1507 999 κάλλιστα
1518 988 1532 1007 ,
1569 959 1707 1010 καθη-

235 1015 415 1080 μερινοΐς
445 1039 489 1065 τε
519 1020 661 1080 φόνοις
700 1021 952 1079 τρυφώντων
990 1026 1057 1066 καὶ
1088 1024 1325 1080 ἀπαγωγαῒς
1354 1024 1459 1067 πολὺ
1491 1023 1539 1067 τὸ
1575 1023 1706 1066 δεινὸν

238 1089 425 1147 ἐχούσαις
447 1093 513 1134 καὶ
534 1086 621 1134 οἷον
643 1091 716 1135 οὐκ
736 1091 934 1146 ἤκουσται
960 1090 1137 1136 πώποτε.
1207 1093 1260 1135 τὰ
1287 1093 1331 1135 δ’
1355 1091 1539 1149 ἀνώτερα
1566 1095 1705 1135 Βιθυ-

236 1162 326 1210 νίας
343 1178 384 1203 τε
413 1161 480 1202 καὶ
507 1161 680 1210 ΖΙἸυσίας
704 1161 889 1218 Φρυγίας
917 1178 960 1203 τε
983 1163 1049 1203 καὶ
1078 1162 1249 1210 Λυδίας
1266 1163 1333 1203 καὶ
1354 1165 1426 1216 τῆς
1446 1159 1704 1215 ὑμνουμένης

231 1229 392 1283 Ἀσίας,
424 1226 529 1285 πλήν
546 1246 589 1286 γε
607 1233 688 1273 τῶν
709 1227 973 1285 πολισμάτων
991 1231 1058 1273 καὶ
1074 1227 1233 1285 μόνων,
1267 1231 1320 1280 εἷς
1341 1230 1456 1280 τέλος
1475 1227 1703 1287 διαπεπρά-
1713 1238 1757 1275 15

233 1385 414 1432 suspendio
446 1385 565 1421 infelix
594 1385 698 1422 vitam
729 1385 888 1422 absolvit.
935 1385 988 1421 his
1019 1385 1064 1420 de
1093 1386 1218 1420 misero
1240 1385 1362 1420 Melita
1392 1385 1558 1420 hactenns
1589 1384 1702 1429 dictis,

233 1433 331 1467 nobis
355 1432 420 1466 iam
443 1433 479 1466 in
502 1436 645 1478 coeptae
668 1433 784 1467 orbem
807 1432 966 1468 historiae
987 1433 1210 1467 redeuntibus
1236 1431 1448 1466 subtexenda
1479 1432 1572 1477 prius
1595 1443 1703 1478 expo-

233 1478 309 1512 sitis
332 1479 575 1524 consequentia
597 1482 799 1525 supersunt3
829 1479 864 1513 id
888 1479 978 1524 quod
1001 1484 1173 1524 resumpto
1199 1478 1300 1524 paulo
1324 1478 1425 1513 altius
1448 1489 1602 1512 sermone
1623 1488 1701 1511 mox

230 1524 382 1558 facimus.

325 1570 359 1603 9.
406 1569 545 1603 Pessum
580 1568 668 1603 inter
698 1569 784 1604 haec
814 1570 980 1612 ruebant,
1013 1569 1139 1615 impetu
1174 1570 1298 1604 dudum
1329 1570 1363 1604 in
1394 1579 1561 1615 praeceps
1586 1572 1701 1614 capto,

233 1619 364 1649 tractus
388 1615 583 1649 Orientales
613 1615 781 1657 universi,
811 1626 1012 1661 semperque
1039 1627 1081 1650 ex
1112 1616 1199 1650 malo
1231 1616 1265 1649 in
1296 1615 1394 1660 peius
1420 1615 1542 1649 damna
1565 1614 1700 1659 publica

234 1661 446 1709 crescebant,
470 1661 522 1695 ita
544 1664 583 1693 ut
607 1661 759 1706 quotidie
779 1661 822 1695 ad
838 1661 1074 1706 imperatorem
1099 1662 1296 1696 advolarent
1317 1661 1378 1695 alii
1400 1672 1504 1706 super
1526 1660 1612 1694 alios
1633 1659 1702 1694 tri—

233 1707 332 1741 stium
363 1705 495 1740 indices
525 1717 662 1740 casuum
685 1707 812 1748 nuntii,
848 1718 990 1751 quorum
1023 1718 1200 1752 numquam
1224 1719 1287 1741 non
1312 1706 1520 1752 posteriores
1540 1706 1714 1750 graviora

231 1764 332 1798 quam
355 1752 487 1798 priores
510 1752 748 1798 atrocioraque
769 1754 975 1786 referebant.
1022 1764 1225 1798 quamquam
1245 1757 1281 1786 et
1304 1753 1390 1787 adeo
1413 1764 1450 1786 se
1474 1752 1700 1786 admovebant

231 1798 332 1833 nobis
354 1799 471 1832 urbem
497 1801 682 1842 Augustam
703 1798 926 1832 incolentibus
949 1798 1022 1832 dira
1046 1798 1123 1832 belli
1146 1799 1255 1840 mala,
1278 1804 1318 1833 ut
1340 1810 1378 1833 se
1401 1798 1581 1832 comminus
1601 1797 1700 1842 inge-

231 1848 349 1879 rerent
370 1843 622 1888 spectantibus,
657 1855 700 1878 ne
722 1845 833 1878 famae
856 1844 1037 1889 longinqua
1065 1845 1283 1879 memorantis
1306 1849 1434 1879 moesto
1465 1843 1573 1878 solum
1594 1854 1699 1878 aures

231 1890 414 1936 praeconio
437 1890 665 1935 pulsarentur.
710 1891 770 1924 sed
804 1894 839 1924 et
867 1901 928 1935 per
959 1891 1020 1924 has
1043 1891 1190 1924 acerbae
1211 1890 1437 1926 miserationis
1458 1890 1595 1924 aculeos
1617 1900 1700 1935 pas-

232 1937 296 1970 sim
327 1936 514 1980 infigebant
544 1936 670 1970 nostris
700 1936 817 1970 animis
850 1935 989 1970 auditae
1016 1948 1128 1970 coram
1161 1948 1280 1979 voces,
1313 1948 1379 1971 non
1401 1936 1538 1970 testium
1566 1935 1700 1970 alienae

232 1982 338 2015 cladis
362 1982 485 2016 cursim
509 1994 528 2016 e
557 1982 740 2027 longinquo
771 1983 1017 2027 profectorum,
1051 1987 1088 2016 at
1116 1982 1270 2026 planctus
1303 1983 1517 2027 eiulatusque
1547 1981 1699 2027 ipsorum

230 2027 397 2061 dirissima
430 2039 629 2072 passorum,
661 2028 689 2061 si
721 2029 798 2073 quis
825 2029 942 2062 horum
963 2029 1070 2062 minus
1089 2027 1208 2062 infelix
1230 2029 1358 2063 salvum
1381 2028 1502 2062 saltem
1523 2039 1562 2062 os
1584 2031 1622 2062 et
1643 2027 1699 2062 lo-

230 2073 290 2118 qui
313 2073 424 2107 adhuc
447 2074 564 2108 valens
587 2086 607 2107 e
629 2074 763 2119 patriae
783 2074 902 2118 ruinis,
925 2075 1131 2109 latebrarum
1153 2086 1195 2109 ac
1215 2076 1319 2120 fugae
1344 2075 1494 2109 furtivae
1515 2073 1699 2113 beneficio,

229 2118 272 2152 ad
297 2129 357 2152 nos
381 2120 535 2164 perferre
557 2120 736 2165 potuisset.
783 2120 926 2154 medium
950 2121 1036 2154 enim
1059 2121 1147 2154 inter
1177 2132 1238 2155 nos
1264 2126 1300 2155 et
1324 2122 1438 2155 hostes
1459 2131 1561 2154 unum
1582 2122 1699 2154 resta·-

229 2165 292 2198 bat
313 2165 457 2206 fretum,
492 2177 559 2210 quo
582 2166 783 2209 Byzantium
811 2168 855 2200 ab
888 2166 1033 2201 adversa
1056 2166 1249 2201 continente
1271 2166 1461 2201 dirimitur:
1493 2167 1616 2210 caput,
1641 2164 1697 2198 in-

229 2220 341 2255 quam,
365 2210 493 2255 imperii
515 2211 606 2245 unici
628 2212 781 2256 angustis
799 2213 941 2257 Bospori
963 2213 1114 2246 distabat
1137 2224 1158 2247 a
1180 2213 1308 2247 ditione
1331 2212 1486 2247 hostium.
1533 2215 1570 2245 at
1591 2220 1694 2255 quan}

228 2257 377 2289 ferorum
400 2267 568 2301 quamque
589 2258 856 2292 truculentorum
879 2259 1040 2292 hostium!
1065 2259 1123 2304 qui
1145 2258 1226 2292 nihil
1247 2271 1313 2292 non
1336 2257 1617 2303 aggrederentur,
1639 2254 1697 2288 ni·-

228 2300 275 2335 bil
299 2312 364 2334 non
387 2302 606 2345 frangerent3
640 2303 697 2348 qui
718 2315 782 2348 per
803 2315 918 2338 omnes
940 2316 1041 2348 agros
1063 2305 1164 2338 etiam
1195 2308 1231 2338 et
1252 2305 1349 2338 villas
1370 2304 1443 2337 sine
1465 2304 1625 2349 respectu
1649 2311 1695 2335 ac

226 2345 416 2381 discrimine
447 2347 538 2380 sacri
570 2353 629 2381 aut
662 2349 795 2393 profani
826 2350 1044 2394 sanguinaria
1075 2354 1111 2384 et
1137 2349 1286 2384 fanatica
1315 2347 1521 2383 immanitate
1541 2346 1695 2382 baccha-

226 2395 368 2433 rentur,
401 2392 536 2437 templis
558 2394 799 2437 sanctissimis,
830 2396 1042 2430 monasteriis
1072 2395 1252 2439 magnifice
1281 2393 1420 2428 structis
1449 2393 1690 2428 deformandis.

226 2448 290 2472 nec
312 2448 409 2471 arces
431 2438 523 2482 ipsos
546 2439 761 2482 praesidiave
793 2441 1037 2485 prohibebant,
1071 2440 1249 2486 quominus
1278 2439 1363 2485 ipsis
1395 2438 1632 2472 munitionibus
1653 2437 1692 2472 vi

225 2483 396 2529 perruptis
427 2483 649 2528 pulcherrima
682 2485 731 2518 his
754 2484 884 2520 inclusa
918 2487 972 2520 vel
995 2486 1189 2520 circumsita
1211 2485 1369 2519 aedificia
1390 2485 1445 2519 vel
1468 2485 1609 2529 praedia
1635 2483 1693 2518 vi-

226 2529 352 2564 sendae
375 2528 588 2563 amoenitatis
609 2530 701 2564 ferro
721 2529 922 2576 flammaque
946 2535 1192 2566 consumerent.
1237 2530 1296 2574 qui
1317 2530 1391 2564 dies
1411 2535 1503 2564 totos
1526 2529 1691 2564 caedibus

226 2574 401 2620 patrandis
422 2574 596 2608 ludibundi
620 2586 661 2608 ac
683 2576 895 2619 gratulantes
917 2577 1170 2622 impenderent3
1205 2575 1266 2621 qui
1293 2587 1359 2610 non
1388 2575 1510 2610 minori
1542 2575 1693 2610 crudeli-

224 2624 299 2655 tate
320 2625 497 2665 raptarent
518 2620 763 2655 infelicissimos
786 2633 919 2666 greges,
942 2623 1148 2657 miseriorum
1171 2633 1271 2667 quam
1295 2622 1326 2656 si
1349 2622 1607 2663 occiderentur,
1630 2632 1694 2656 oa—

223 2666 392 2712 ptivorum
414 2665 520 2700 omnis
541 2677 643 2700 sexus
665 2666 792 2701 ordinis
825 2668 967 2710 aetatis,
997 2667 1189 2702 calamitate
1220 2667 1365 2701 omnium
1388 2679 1476 2714 quae
1498 2667 1602 2702 fando
1624 2678 1691 2701 un-

223 2722 323 2756 quam
347 2711 484 2746 auditae
513 2715 591 2746 sunt
619 2712 776 2746 maxima.
823 2725 887 2758 per
916 2715 1005 2748 hunc
1035 2713 1167 2748 modum
1198 2713 1391 2759 superiores
1420 2714 1498 2748 illae
1528 2713 1689 2758 regiones

222 2758 405 2802 Bithyniae
434 2757 654 2803 Mysiaeque‚
690 2758 861 2805 Phrygiae
888 2771 1024 2805 quoque
1055 2771 1098 2793 ac
1129 2759 1260 2803 Lydiae
1293 2764 1331 2793 et
1363 2759 1451 2793 illius
1483 2759 1687 2794 decantatae

221 2803 340 2846 Asiae,
371 2807 511 2849 praeter
540 2805 643 2839 urbes
665 2804 862 2840 munitiores
883 2817 925 2841 ac
947 2806 1093 2842 maiores
1119 2805 1208 2840 solas
1221 2830 1233 2848 ,
1255 2805 1455 2840 exterminio
1477 2805 1514 2840 in
1535 2806 1686 2840 futurum
