1820 3112
291 136 367 179 DE
400 133 731 179 ANDRONICO
766 131 1142 176 PALAEOLOGO
1177 132 1224 174 L.
1259 130 1333 175 ΠΙ.
1459 131 1554 176 251

86 268 190 307 μενοι
210 251 279 294 καὶ
299 248 411 299 ὅπως
432 246 664 304 εὖρέθησαν
684 246 879 300 πέπυστο,
910 246 952 289 ἓν
973 242 1118 304 ἀπόρῳ
1138 239 1190 300 ἦν
1212 245 1281 288 καὶ
1301 243 1349 288 τὸ
1369 244 1557 300 ποιητέον

91 316 270 363 ἐσκόπει·
303 317 352 362 τὸ
379 317 458 374 γὰρ
485 314 742 372 πατριάρχην
768 312 1020 358 Ἀθανάσιον
1040 315 1186 357 δέοντα
1210 312 1351 364 ἀξιοῦν
1372 313 1557 357 ἰδιωτεύ-

91 404 224 432 σαντα
251 383 384 438 anim,
415 385 491 440 οὐχ
521 383 707 441 εὕρισκον
736 382 950 440 αὔταρκες.
1020 380 1121 425 ὅθεν
1138 383 1207 424 καὶ
1225 382 1458 438 συνέρχεται
1481 383 1556 436 μὲν

91 457 232 514 σφίσιν
249 455 293 498 ἔκ
310 457 548 511 προσταγῆς
573 451 595 496 ὅ
608 452 935 508 Ἀλεξανδρείας,
970 451 1206 507 συνέρχεται
1232 451 1278 493 δὲ
1295 448 1317 494 ὅ
1346 455 1422 505 τῆς
1439 450 1558 508 Ἔφέ-
1582 463 1612 497 1)

58 536 80 572 5
96 541 171 568 σου
185 521 392 578 Ἰωάννης,
419 521 551 572 οὕτως
567 520 702 577 ἀργῶς
721 525 797 576 τῆς
816 524 938 575 τιμῆς
958 518 1077 573 ἔχων,
1115 522 1300 573 συνῆσαν
1322 520 1367 562 δὲ
1385 521 1452 562 καὶ
1477 524 1560 563 τῶν

90 591 307 650 ἀρχιερέων
330 591 368 635 οἱ
385 589 728 646 παρευρεθέντες,
766 590 833 632 καὶ
854 592 969 645 κοινῇ
992 587 1134 643 σκέψει
1158 586 1206 630 τὸ
1231 591 1402 644 πρᾶγμα
1424 589 1561 631 ἐδίδο-

91 678 183 704 σαν.
250 663 396 709 κοινῶς
422 654 496 702 οὖν
531 656 803 714 κατεστύγουν
831 656 1032 708 ἅπαντες,
1069 657 1138 699 καὶ
1171 659 1247 710 τῆς
1271 652 1457 712 πράξεως
1486 657 1559 700 τὸν

89 727 304 786 πράξαντα
323 728 364 770 ἓν
383 726 431 770 οὖ
451 730 596 777 καλαῖς
613 724 824 777 ὖπονοιάις
842 721 941 781 ἦγον
953 739 964 749 ·
993 724 1042 768 οὗ
1062 724 1141 781 γὰρ
1160 723 1262 767 ἄλλο
1281 741 1322 767 τι
1342 724 1438 767 ἀλλ’
1462 722 1560 767 ἔαυ-

89 801 150 856 τῷ
180 798 250 840 καὶ
276 793 397 839 πάλιν
425 801 643 853 περιποιεῖν
669 795 746 851 τὴν
772 792 917 851 τιμήν,
957 791 1154 851 ἀφύκτως
1183 791 1294 837 οὕτω
1324 795 1393 836 καὶ
1425 797 1559 837 ταῦτα

38 864 139 910 Ιοὸν
165 865 242 909 οὐκ
267 864 390 921 ἐχρῆν
415 866 660 918 δεσμοῧντα.
729 864 831 914 τέως
858 880 903 919 γε
926 862 1067 917 μέντοι
1084 868 1171 912 τοῖς
1187 862 1262 915 μὲν
1286 859 1415 905 ἐδόκει
1432 861 1560 906 αὐτὸν

92 933 234 985 ἀξιοῦν
261 931 396 986 λύειν,
431 939 519 982 τοῖς
536 933 582 976 δὲ
605 931 702 975 ἀλλ’
726 930 914 975 ἀδύνατα
933 931 1075 982 ἀξιοῦν
1098 932 1166 973 καὶ
1189 929 1326 980 ἄλλως
1343 928 1560 991 ἀπᾴδοντα

91 1002 375 1060 κατεφαίνετο,
411 1000 519 1058 εἷ’περ
550 997 716 1056 ἰδιώτης
741 999 799 1044 ὢν
828 1001 898 1044 καὶ
923 1004 998 1055 τῆς
1025 998 1225 1057 ἱερατείας
1248 1000 1553 1056 γεγυμνωμένος
1575 1007 1607 1042 E

90 1069 223 1114 ἄλυτα
249 1066 363 1113 λύοι·
398 1073 475 1112 τοῦ
499 1069 580 1126 γὰρ
610 1067 711 1112 εἶναι
736 1071 804 1112 καὶ
835 1068 884 1113 τὸ
914 1067 1076 1123 σκέμμα
1100 1071 1159 1126 τῷ
1179 1065 1415 1124 πεπραγότι.
1486 1069 1556 1112 διὰ

90 1142 224 1182 ταῦτα
251 1136 404 1195 ἑτέροις
432 1135 582 1190 ἐδόκει,
630 1139 696 1180 καὶ
726 1142 886 1192 μᾶλλον
915 1143 1000 1187 τοῖς
1032 1135 1238 1193 ἀκριβέσι,
1272 1135 1378 1192 μηδ’
1412 1135 1553 1188 ἀξιοῦν

38 1215 80 1252 15
92 1205 197 1258 ὅλως
227 1206 333 1250 κατὰ
360 1204 499 1259 λύσιν,
538 1205 645 1249 ἀλλὰ
673 1209 820 1262 κρίνειν
842 1205 951 1256 ὅπως
975 1206 1016 1248 ἐν
1036 1203 1176 1264 ἀδήλῳ
1199 1204 1251 1248 τὰ
1273 1204 1424 1262 φρικτὰ
1445 1205 1555 1262 πρά-

90 1277 189 1328 ξειε,
225 1276 293 1319 καὶ
322 1276 380 1327 εἷς
405 1274 630 1332 ἀπολογίαν
657 1279 864 1319 καθιστᾶν
880 1273 962 1319 ὑπὸ
979 1272 1194 1328 Ῥωμαίοις
1210 1277 1334 1317 πᾶσιν
1354 1272 1466 1324 ὅπως
1488 1278 1554 1318 καὶ

89 1452 256 1499 lectisque
275 1452 416 1495 libellis,
449 1455 486 1487 et
508 1452 569 1487 ubi
590 1464 701 1499 quove
724 1464 806 1488 casu
829 1453 958 1498 reperti
981 1453 1128 1488 fuissent
1150 1452 1285 1498 cognito
1298 1477 1310 1495 ‚
1343 1452 1557 1499 disquirebat

89 1498 192 1533 anxio
221 1499 421 1545 incertoque
448 1499 579 1534 consilii
601 1500 711 1534 animo
733 1510 833 1544 quem
854 1499 957 1533 iniret
978 1500 1112 1534 modum
1134 1499 1187 1533 his
1209 1510 1285 1533 sese
1306 1500 1473 1543 angustiis
1495 1513 1555 1535 ex-

87 1543 246 1590 plicandi.
291 1556 369 1580 nam
406 1555 585 1579 recurrere
619 1545 662 1580 ad
706 1544 976 1590 expatriarcham
1009 1550 1045 1579 et
1071 1556 1199 1579 merum
1239 1556 1328 1579 nuuc
1357 1546 1554 1581 monachum

87 1590 321 1634 Athanasium,
344 1594 384 1624 ut
406 1593 554 1626 solveret
571 1591 662 1636 quod
683 1589 757 1636 ipse
779 1591 857 1625 dum
880 1596 972 1625 esset
992 1591 1027 1625 in
1051 1591 1217 1635 dignitate
1231 1591 1431 1634 nudaverat,
1453 1603 1555 1638 prae-

89 1640 145 1670 ter
168 1639 337 1671 caeteram
358 1636 710 1683 intempestivitatem,
742 1636 847 1671 etiam
875 1635 996 1671 inutile
1021 1648 1212 1682 vanumque
1233 1637 1436 1679 videbatur,
1466 1638 1555 1672 defi-

89 1681 201 1716 ciente
221 1682 287 1716 iam
307 1682 344 1716 in
365 1682 441 1728 ipso
465 1684 510 1717 ad
531 1683 622 1717 istud
644 1686 828 1727 potestate.
875 1682 1064 1718 accersitus
1095 1695 1178 1728 ergo
1209 1682 1302 1717 iussu
1326 1683 1473 1727 Augusti
1495 1697 1557 1719 ra·-

89 1727 174 1773 ptim
192 1733 248 1762 est
260 1727 507 1763 Alexandrinus
528 1728 746 1774 patriarcha;
768 1733 908 1763 vocatus
930 1729 1059 1774 pariter
1082 1728 1275 1774 Ephesinns
1291 1729 1451 1771 Ioannes,
1473 1730 1557 1764 licet

90 1771 177 1807 citra
198 1784 295 1808 usum
317 1774 523 1819 pontificalis
544 1775 580 1808 in
603 1786 677 1808 eam
703 1774 879 1809 ecclesiam
908 1775 1144 1817 auctoritatis,
1176 1775 1278 1809 titulo
1301 1775 1479 1809 dumtaxat
1501 1780 1553 1810 te-

89 1828 154 1852 nus
175 1822 269 1853 esset
287 1819 479 1865 episcopus.
524 1820 653 1854 caeteri
683 1832 834 1866 quoque,
869 1824 1039 1866 quotquot
1069 1822 1160 1855 forte
1182 1825 1264 1854 tunc
1286 1819 1323 1853 in
1346 1821 1431 1854 urbe
1453 1832 1555 1866 repe-

89 1862 268 1899 riebantur
289 1866 483 1908 antistites,
515 1866 628 1910 rogati
662 1866 814 1900 similiter
838 1872 1091 1901 concurrerunt.
1138 1866 1175 1900 hi
1197 1865 1438 1900 deliberatione
1461 1878 1554 1900 com-

90 1909 238 1944 muniter
266 1909 353 1944 inita
385 1922 489 1956 super
519 1911 653 1956 negotio
686 1911 861 1957 proposito
894 1912 1036 1957 primum
1067 1923 1188 1956 magno
1211 1922 1376 1945 consensu
1398 1911 1552 1947 detesta-

88 1954 216 1989 bantur
243 1954 393 1998 factum,
425 1962 463 1990 et
483 1957 568 1991 facti
587 1960 760 1991 auctorem
782 1957 936 2002 graviter
964 1958 1184 1999 incusabant,
1216 1957 1326 1990 malae
1347 1957 1468 1992 mentis
1490 1970 1551 1995 ex-

89 1999 200 2034 tantia
227 2000 273 2034 iis
303 2001 490 2036 scribendis
524 2008 560 2036 et
593 2003 839 2037 abscondendis
872 2003 1002 2037 chartis
1023 2003 1149 2037 indicia
1170 2003 1344 2036 trabentes
1367 2003 1410 2037 ad
1432 2003 1550 2039 laevas

89 2045 134 2080 de
155 2045 231 2090 ipso
250 2045 478 2091 suspiciones,
509 2048 609 2092 quasi
630 2047 780 2082 artificio
802 2048 868 2082 isto
891 2048 1020 2092 ligandi
1042 2059 1131 2093 quae
1159 2059 1256 2082 nemo
1279 2054 1418 2092 praeter
1438 2049 1549 2096 ipsum

89 2094 208 2137 posset
228 2091 379 2134 solvere,
412 2092 586 2126 ambitioni
607 2093 794 2127 velificatus
816 2094 997 2138 propriae,
1026 2093 1262 2127 necessitatem
1283 2094 1454 2139 imponere
1475 2101 1552 2130 stu-

91 2136 221 2170 duisset
249 2137 302 2170 sui
332 2137 534 2172 restituendi
566 2138 602 2172 in
634 2149 710 2172 eum
730 2138 821 2172 unde
840 2139 971 2173 invitus
993 2138 1223 2173 descendisset
1244 2139 1411 2176 thronum.
1456 2142 1551 2177 circa

89 2181 323 2217 definitionem
354 2183 428 2218 eius
458 2182 549 2228 qnod
580 2185 673 2218 sacto
697 2187 790 2217 esset
811 2184 972 2228 optimum
994 2184 1052 2218 illo
1075 2184 1219 2219 articulo
1249 2196 1382 2228 rerum,
1413 2187 1550 2233 quidam

90 2227 361 2273 defungebantur
394 2229 596 2264 consulendo
619 2233 659 2263 ut
679 2229 885 2264 Athanasius
915 2229 1100 2264 libellorum
1123 2230 1272 2276 scriptor
1293 2232 1444 2267 adiretur
1457 2258 1469 2275 ,
1504 2235 1548 2268 ab

91 2285 201 2319 eoque
223 2279 398 2319 peteretur
418 2275 588 2310 absolutio
611 2286 828 2309 censurarum
847 2275 881 2309 in
903 2274 948 2309 iis
968 2275 1181 2310 inflictarum.
1221 2277 1274 2311 bis
1298 2277 1357 2312 alii
1378 2290 1551 2324 repugna-

88 2319 174 2354 bant
195 2320 456 2365 contendentes,
487 2324 724 2367 praeterquam
746 2321 930 2364 absonum,
955 2321 1056 2356 etiam
1078 2321 1211 2357 irritum
1233 2322 1269 2356 id
1292 2324 1388 2358 fore:
1419 2337 1497 2360 nam
1515 2331 1552 2360 et

89 2376 166 2399 esse
195 2365 437 2401 inconveniens
467 2366 657 2401 insidiatori
689 2372 824 2408 astuto,
857 2372 1036 2412 postquam
1058 2367 1132 2402 eius
1153 2368 1248 2403 dolos
1270 2368 1550 2415 deprehenderis,

86 2410 209 2445 fraude
231 2412 421 2465 quaesitum
442 2413 531 2447 ultro
552 2412 708 2447 tribuere
729 2423 944 2455 successum3
974 2413 1065 2457 qued
1087 2413 1191 2448 fieret
1211 2425 1300 2449 nuuc
1322 2418 1551 2451 conveniendo

90 2455 297 2500 Athanasio,
330 2469 429 2504 quem
461 2458 539 2493 ideo
563 2459 648 2493 clam
670 2458 846 2504 scripsisse
867 2458 929 2492 hos
950 2459 1082 2493 libellos
1109 2459 1342 2506 intelligimus,
1376 2468 1416 2496 ut
1438 2463 1552 2497 redire

90 2512 154 2536 nos
178 2503 222 2536 ad
244 2513 323 2537 sese
344 2509 504 2549 cogeret,
538 2509 575 2539 et
609 2504 664 2539 vel
694 2505 723 2538 si
757 2507 922 2539 annueret
943 2504 973 2538 is
995 2505 1086 2550 quod
1107 2511 1307 2550 rogaretur,
1341 2509 1473 2543 frustra
1494 2508 1551 2542 ille

91 2551 268 2590 tentaret,
302 2560 363 2583 nos
385 2561 472 2584 vane
495 2561 728 2595 speraremus,
761 2551 880 2595 utique
903 2561 976 2584 cum
999 2551 1047 2584 sit
1068 2550 1295 2586 indubitatum
1317 2553 1443 2588 homini
1465 2565 1552 2599 pon-

90 2591 211 2628 tificali
231 2594 357 2629 nudato
379 2600 571 2640 potestate,
602 2595 734 2642 iamque
765 2607 870 2642 supra
892 2596 1067 2641 privatum
1088 2597 1274 2642 quemlibet
1294 2599 1377 2634 nihil
1398 2599 1550 2639 habenti,

90 2638 289 2674 facultatem
315 2651 383 2674 non
412 2641 522 2677 inesse
554 2641 791 2677 solvendorum
825 2641 1050 2676 anathematis
1081 2653 1237 2679 nexuum.
1288 2650 1430 2690 propter
1463 2645 1549 2678 haec

90 2682 250 2724 aliorum,
271 2688 309 2720 et
329 2686 462 2731 quidem
483 2698 599 2722 eorum
620 2689 694 2722 fere
720 2687 779 2732 qui
801 2686 886 2722 iuris
909 2687 1060 2722 canonici
1081 2689 1302 2725 consultiores
1324 2692 1547 2736 putabantur,

91 2727 178 2762 haec
199 2734 276 2764 erat
295 2732 486 2774 sententia,
509 2732 591 2767 nihil
611 2733 647 2768 in
667 2744 831 2779 praesens
853 2733 897 2767 de
918 2734 1083 2768 solutione
1107 2735 1332 2770 anathematis
1351 2736 1548 2776 curandum,

92 2773 154 2808 sed
186 2774 354 2812 citandum
377 2778 423 2813 ad
444 2779 592 2814 tribunal
622 2779 787 2814 ecclesiae
810 2778 1050 2824 Athanasium,
1080 2779 1194 2827 ibique
1218 2782 1262 2817 ab
1289 2781 1345 2816 illo
1369 2781 1549 2828 exquiren—
