1858 3126
245 152 342 200 368
659 154 896 200 GEORGH
937 155 1288 204 PAGHYMERIS

938 424 1050 478 E.·

103 550 132 584 P
155 550 223 586 956
259 521 357 610 Τῷ
377 549 452 605 μὲν
476 543 551 593 οὖν
581 547 953 608 πατριαρχεύσαντι
969 550 1207 612 Ἀθανασίῳ
1230 550 1256 608 ἦ
1281 549 1390 609 πύλη
1410 556 1485 609 τῆς
1500 552 1605 598 καθ’
1636 552 1715 598 αὖ·

242 620 316 664 τὸν
343 624 474 675 μονῆς
504 618 574 662 ἐπ’
609 619 678 676 ἔτη
709 620 807 663 ὸέκα
848 621 1131 677 κεκλασμένη,
1177 627 1322 677 μηνῶν
1363 620 1538 667 δεόντων
1582 623 1730 677 ἓννὲα,”

242 689 427 748 ἀπρο·ι’·τῳ
454 690 522 731 καὶ
550 688 664 748 αὐτῷ
693 689 857 743 μένοντι
887 691 929 739 ἐς
946 695 1170 744 τοσοῦτον,
1205 689 1508 747 ἤνοικτο,τότε,
1539 693 1645 748 πλὴν
1663 692 1713 737 οὗ

242 757 518 816 πεφεισμένως
546 760 615 801 καὶ
645 757 701 808 ὥς
733 775 846 809 τινας
870 757 1061 814 πλήθους
1089 759 1207 811 ὄντος
1231 760 1283 804 τὰ
1303 765 1377 816 τῆς
1395 758 1556 805 εἰσόδου
1575 779 1714 818 παρα-

239 826 500 883 βιάσασθαι,
531 826 638 870 ἀλλὰ
658 832 830 883 ποιητοῦ
852 828 961 878 τινὸς
982 824 1033 883 ἦν
1054 831 1202 882 εἰπεῖν,
1239 834 1371 886 πᾶσαι
1393 829 1437 872 ‹5'
1462 827 1746 890 ἄνεῴγνυντοό

240 894 380 941 πύλαι.
452 897 519 939 καὶ
540 895 627 951 ἅμα
647 897 721 952 μὲν
745 897 937 951 βασιλεὺς
968 899 1115 954 ἐπέστη
1143 901 1210 941 καὶ
1237 898 1434 956 ἀρχιερεῖς
1450 901 1518 943 καὶ
1535 904 1618 943 τῶν
1634 917 1714 955 μο-

190 971 221 1007 Β
244 970 380 1021 ναχῶν
401 963 498 1008 ὅσον
518 964 723 1024 ἔκκριτον,
763 968 829 1008 καὶ
859 966 938 1021 ἅμ’
963 967 1111 1018 ἐκεῖνος
1138 973 1214 1023 τῆς
1241 968 1385 1024 κέλλης
1403 967 1578 1020 ὖπεξιών
1593 973 1716 1024 χλαῖ-

239 1033 315 1080 νάν
332 1034 372 1079 τ’
398 1034 596 1089 ἔνειμένος
612 1037 679 1078 καὶ
699 1033 938 1094 καλύπτραν
957 1037 1001 1079 ἔκ
1018 1034 1205 1093 καλάμης
1222 1036 1324 1092 ἔχων
1341 1039 1410 1081 καὶ
1431 1035 1540 1097 ξύλῳ
1560 1039 1716 1093 ἐπερει-

240 1102 414 1160 δόμενος
431 1101 612 1161 νάρθηκι
631 1102 796 1161 ὑπήντα
824 1106 988 1155 ἐκείνοις
1007 1106 1113 1149 κατὰ
1144 1107 1196 1150 τὰ
1216 1105 1438 1163 πρόθυρα,
1477 1111 1633 1162 πολλῆς
1652 1124 1716 1150 τι-

241 1174 314 1224 νὸς
332 1174 482 1231 μοίρας
500 1171 825 1230 συνεκπαιούσης
837 1176 904 1217 καὶ
925 1179 1000 1218 τοῦ
1023 1179 1140 1219 λαοῦ.
1212 1178 1279 1218 καὶ
1298 1173 1391 1219 τότε
1413 1173 1589 1233 πρώτως
1605 1193 1713 1230 μαν-
1726 1193 1771 1228 10

240 1241 446 1286 θάνουσιν
470 1242 645 1294 ἅπαντες
665 1242 778 1294 ὅστις
800 1243 899 1287 ποτ’
933 1239 985 1300 ἦν
1012 1244 1160 1294 ἐκεῖνος
1181 1242 1202 1287 ὅ
1231 1245 1295 1287 ἐπὶ
1315 1246 1520 1302 μεγίστοις
1547 1246 1615 1287 καὶ
1631 1262 1715 1299 μυ-

240 1312 424 1369 στηρίοις
445 1316 547 1355 θεοῦ
569 1312 683 1369 παρὰ
702 1317 776 1356 τοῦ
797 1312 974 1364 ἄνακτος
993 1312 1279 1370 φημιζόμενος.
1350 1315 1418 1357 καὶ
1442 1313 1589 1357 αὐτίκα
1608 1310 1715 1356 πάν-

190 1384 220 1418 C
244 1399 309 1432 τες
333 1380 563 1425 ὗπέκυπτον
583 1383 650 1424 καὶ
671 1380 942 1436 ἀταμιεύτους
962 1383 1036 1433 τὰς
1059 1381 1190 1439 ὁρμὰς
1211 1381 1317 1438 εἶχον
1327 1416 1341 1436 ,
1377 1384 1446 1426 καὶ
1459 1386 1619 1438 μᾶλλον
1636 1381 1716 1439 ἄρ-

238 1457 407 1508 χιερεῒς,
443 1451 508 1493 ἐπὶ
527 1454 585 1510 τῷ
604 1455 740 1494 καλεῖν
759 1449 1016 1509 πατριάρχην
1035 1454 1101 1494 καὶ
1121 1456 1448 1508 προσκαλεῖσθαι
1479 1451 1547 1494 ἐπ’
1571 1452 1715 1507 ἔκκλη-

242 1520 336 1562 σίαν
364 1521 431 1562 καὶ
461 1519 538 1569 τὰς
566 1520 769 1576 προτέρας
801 1518 936 1575 τιμάς.
1009 1523 1076 1563 καὶ
1106 1521 1182 1578 γὰρ
1202 1517 1251 1576 ἦν
1267 1520 1371 1578 παρ’
1393 1518 1552 1580 ἑκάστῳ
1571 1518 1714 1576 μνήμη
1726 1536 1770 1573 15

238 1592 323 1631 τῶν
350 1585 478 1630 πάλαι
501 1586 841 1643 ξυμβεβηκότων,
885 1593 959 1632 τοῦ
980 1588 1129 1646 χρόνου
1150 1589 1201 1632 τὰ
1230 1589 1362 1632 πολλὰ
1382 1590 1511 1632 ἐκεῖνα
1532 1588 1714 1644 τραχέων

240 1654 527 1714 καλύψαντος,
563 1658 631 1700 καὶ
650 1655 706 1708 ὡς
728 1659 858 1714 δῆθεν
879 1658 921 1702 ἔν
938 1665 1066 1710 κενοῖς
1088 1662 1297 1713 συμβᾶσιν
1317 1658 1479 1708 ἐκείνοις
1499 1655 1710 1715 ἔπήλγουν.

943 1789 1016 1847 V.

243 1871 365 1941 Ianua
386 1901 491 1948 igitur
512 1902 721 1948 monasterii,
745 1902 804 1938 ubi
826 1903 1064 1938 diversabatur
1087 1901 1293 1938 Athanasius
1313 1902 1481 1949 quondam
1507 1903 1716 1951 patriarcha,

244 1952 362 1986 decem
385 1950 452 1984 iam
476 1950 590 1991 annis,
615 1950 724 1985 minus
747 1962 867 1985 novem
890 1949 1084 1994 mensibus,
1110 1951 1238 1991 clausa,
1262 1961 1351 1996 quae
1372 1950 1581 1986 inaccessum
1603 1950 1717 1997 ipsum

245 2002 282 2032 et
305 1997 405 2042 plane
428 1996 615 2031 solitarium
638 1999 735 2031 tanto
758 1997 850 2031 intus
872 1996 984 2042 spatio
1009 2002 1260 2041 permanentem
1282 2002 1458 2040 servarat,
1490 2000 1611 2043 aperta
1634 2002 1716 2031 tunc

246 2047 319 2085 est;
351 2054 461 2088 neque
483 2043 518 2076 id
543 2043 672 2077 modice
696 2055 738 2078 ac
761 2054 885 2089 parce,
908 2042 958 2076 ita
992 2047 1032 2076 ut
1054 2042 1192 2076 trudere
1215 2053 1253 2076 se
1274 2054 1416 2077 necesse
1439 2047 1531 2078 esset
1552 2047 1657 2089 atque
1678 2043 1716 2078 in

245 2088 410 2133 angustiis
433 2089 621 2124 conflictari
644 2090 842 2124 subeuntem
865 2088 1006 2124 maximo
1028 2100 1166 2123 numero
1190 2089 1368 2134 populum,
1391 2100 1508 2125 verum
1530 2088 1582 2124 sic
1602 2089 1718 2134 plane,

243 2139 283 2170 ut
305 2140 428 2180 poetae
452 2135 624 2170 cuiusdam
649 2135 894 2170 hemistichium
917 2139 998 2180 apte
1021 2135 1087 2169 huc
1110 2135 1250 2170 caderet
1272 2137 1488 2180 “patuerunt
1502 2135 1590 2170 ostia
1607 2133 1716 2170 tota.”

245 2193 288 2215 ac
312 2181 409 2214 simul
431 2179 617 2226 imperator
639 2193 714 2216 cum
744 2181 915 2227 episcopis
947 2181 1210 2227 praecipuisque
1234 2182 1471 2216 monachorum
1493 2181 1592 2216 limen
1613 2179 1716 2214 insti-

246 2227 315 2270 tit,
348 2226 444 2260 simul
466 2227 672 2262 Athanasius
694 2228 779 2263 cella
803 2239 1024 2274 progressus,
1058 2228 1195 2262 indutus
1217 2227 1340 2270 laena,
1369 2227 1519 2272 galerum
1542 2238 1563 2260 e
1585 2225 1715 2270 stipula

246 2276 440 2306 contextum
464 2278 614 2317 gestans,
636 2274 826 2308 bacillossex
847 2275 958 2308 ferula
982 2285 1135 2319 gressum
1158 2269 1312 2314 fulciens,
1336 2272 1464 2318 prodiit
1492 2271 1544 2306 eis
1576 2270 1714 2305 obviam

245 2318 291 2353 ad
314 2318 536 2362 vestibulum,
567 2330 692 2364 magna
721 2319 789 2354 iam
820 2320 920 2354 simul
941 2320 1030 2354 istuc
1052 2319 1096 2354 im
1122 2323 1179 2354 etu
1203 2319 1316 2354 delata
1339 2317 1455 2364 populi
1475 2321 1586 2363 parte.
1631 2320 1714 2352 tunc

245 2376 330 2399 vero
354 2364 495 2409 primum
519 2376 634 2399 omnes
662 2366 904 2400 intellexerunt
926 2365 1003 2411 quis
1025 2370 1084 2400 tan
1109 2377 1160 2400 em
1183 2369 1274 2399 es'set
1308 2364 1366 2398 ille
1397 2366 1450 2397 tot
1469 2363 1646 2409 tantisque
1669 2363 1713 2399 ab

245 2411 449 2456 imperatore
472 2411 665 2455 praeconiis
688 2411 879 2447 celebratus
901 2415 1059 2457 tanquam
1090 2411 1206 2446 intime
1228 2409 1395 2444 admissus
1415 2408 1452 2443 in
1475 2409 1715 2453 conscientiam

246 2456 483 2491 altissimorum
515 2457 752 2500 mysteriorum
782 2457 848 2491 dei.
895 2458 1011 2503 itaque
1029 2457 1158 2492 ·statim
1187 2466 1302 2490 omnes
1332 2454 1366 2489 ei
1388 2465 1464 2489 sese
1485 2455 1718 2491 venerabundi

246 2507 484 2549 prostravere,
513 2502 586 2536 sine
620 2503 690 2537 ulla
722 2503 986 2537 dissimulatione
1016 2503 1230 2547 proferentes
1261 2511 1350 2547 quae
1375 2501 1516 2554 penitus
1539 2501 1572 2537 in
1595 2500 1717 2537 animi!

247 2553 413 2594 concepta
443 2548 607 2582 fovebant
634 2548 670 2582 in
700 2560 774 2583 eum
799 2549 922 2583 studia.
969 2548 1171 2593 praecipuus
1191 2547 1228 2581 in
1250 2558 1291 2581 eo
1316 2547 1434 2581 extitit
1456 2548 1559 2583 ardor
1581 2547 1717 2594 episeo-

246 2605 365 2641 porum
388 2593 616 2640 patriarcham
641 2606 715 2628 eum
738 2593 894 2628 certatim
918 2593 1186 2635 acclamantium,
1203 2592 1480 2639 hortantiumque
1496 2597 1536 2628 ut
1558 2593 1715 2629 continuo

245 2641 397 2687 regimen
419 2639 583 2674 ecclesiae
606 2639 820 2686 prioremque
842 2644 1034 2674 resumeret
1054 2639 1264 2683 dignitatem.
1308 2650 1372 2672 nec
1391 2643 1503 2674 tamen
1524 2639 1548 2675 ii
1570 2651 1636 2674 non
1658 2650 1715 2673 re-

249 2687 478 2722 cordabantur
501 2686 580 2720 olim
601 2689 750 2720 actorum
767 2685 1045 2732 querelarumque
1068 2685 1198 2719 illarum
1221 2696 1264 2718 ex
1283 2683 1476 2720 inclementi
1498 2685 1717 2726 austeritate,

249 2735 314 2768 sub
350 2745 418 2781 qua
448 2737 580 2767 tantum
613 2732 836 2777 gemuissent:
868 2732 928 2767 sed
959 2731 1107 2766 tristium
1139 2731 1280 2765 istorum
1302 2731 1435 2777 species
1452 2732 1637 2766 hebetatae
1659 2730 1716 2765 die

247 2780 368 2825 longa,
399 2778 572 2826 praesenti
603 2778 670 2813 iam
701 2779 834 2823 penitus
857 2777 1084 2823 gratulatione
1106 2777 1326 2821 delebantur,
1361 2789 1429 2823 qua
1451 2777 1568 2812 faciles
1591 2776 1715 2811 redde-

247 2827 374 2861 bantur
397 2837 514 2866 eoran
535 2824 637 2860 animi
668 2825 712 2860 ad
744 2826 900 2861 faventer
921 2823 1237 2871 opinandum'vana
1258 2822 1317 2859 illa
1338 2823 1507 2870 quondam
1527 2823 1635 2859 fuisse
1655 2832 1716 2858 su-
