1858 3126
346 169 421 211 DE
454 167 785 211 ANDRONICO
822 166 1196 212 PALAEOLOGO
1234 169 1279 212 L.
1311 167 1385 212 IV.
1493 169 1590 213 325

127 279 386 343 τῳκηκότας,
437 281 541 324 ἀλλὰ
575 282 644 324 καὶ
668 281 768 324 λαὸν
800 281 939 324 ἱκανὸν
968 281 1012 324 ἔκ
1046 281 1355 337 Πηλοπυθίων,
1392 275 1485 339 ἄρτι
1515 282 1590 333 τὰς

127 357 211 396 τῶν
230 355 406 409 Περσῶν
429 347 657 407 ἐκφυγόντα
675 356 816 407 χεῖρας
839 351 905 392 καὶ
927 352 1024 407 τῇδε
1044 347 1352 407 καταφυγόντα,
1390 350 1589 409 ἐξανδρα-

127 421 368 470 ποδίσαντες
404 416 625 476 πράγματα
654 419 729 473 μὲν
761 415 1052 471 σκυλεύουσιν,
1101 416 1354 474 ἀνθρώπους
1386 420 1430 461 δὲ
1455 437 1582 463 κατα·
1605 428 1637 463 Β

127 487 293 544 σχόντες
325 489 366 530 ἓν
405 489 549 530 ναυσὶν
590 484 719 542 εἶχον,
759 488 826 530 καὶ
857 485 934 541 ἅμ’
967 487 1021 546 ἕῳ
1048 486 1158 529 δεινὰ
1190 487 1362 537 ἐκείνους
1396 487 1585 543 ἠπείλουν

95 563 276 610 sumar,
313 557 348 599 εἲ
375 556 434 611 μὴ
467 555 520 598 τὰ
547 553 758 611 τιμήματα
784 554 878 606 ι’ίξια
904 559 1174 607 καταθεῖντο,
1209 553 1502 611 κρεμαννύντες
1520 559 1588 600 καὶ

127 623 370 680 αἲκιζόμενοι
389 625 455 667 καὶ
476 621 668 681 σφάττειν
691 623 844 678 ἕτοιμοι
867 622 1002 676 ὄντες,
1040 623 1209 678 ἐλεεινὴν
1230 623 1336 666 θίαν
1354 623 1480 678 μέσον
1502 630 1585 668 θα·-

127 691 284 750 λάσσης
300 693 492 742 ἷστῶντες
502 725 515 745 ,
552 694 618 735 καὶ
635 692 710 742 τὰς
728 692 849 747 τιμὰς
866 692 979 750 παρὰ
995 691 1197 746 βασιλέως
1215 691 1310 735 κατ’
1334 691 1445 735 ἵλεον
1464 693 1587 750 ἀναγ-

60 787 67 793 ·
126 769 242 806 καῖον
262 766 403 817 λαβεῖν
423 762 658 813 ἐλπίζοντες.
730 761 798 803 διὰ
816 765 940 804 τοῦτο
962 762 1028 803 καὶ
1050 757 1173 811 πόνος
1193 759 1268 815 οὐχ
1288 758 1309 803 ὁ
1330 761 1464 817 τυχὼν
1487 780 1589 820 κρα-

124 835 278 884 τοῦντι,
300 833 335 874 εἶ
354 827 568 888 φεῦγοντες
587 829 757 886 Πέρσας
775 830 814 872 οἱ
831 830 996 872 δείλαιοι
1013 830 1128 886 χερσὶ
1146 834 1348 886 πειρατῶν
1371 828 1582 885 ἓμπεπτῶ·
1606 837 1636 871 C

73 909 116 943 10
126 917 262 953 nsoav,
299 898 374 943 οὐκ
392 898 527 948 ἄλλως
546 898 687 955 καιρὸν
706 902 780 940 τοῦ
803 903 977 954 θαρρεῖν
1000 895 1174 953 ἐχόντων
1197 899 1231 940 εἲ
1247 898 1303 953 μὴ
1325 899 1367 949 ἐξ
1387 892 1442 942 ὧν
1467 897 1587 953 ὅμαι-

123 973 264 1024 χμοΐεν
292 968 432 1025 σφίσιν
461 965 622 1017 ἑαυτοῖς
630 1000 644 1020 ,
683 964 744 1016 οἷς
765 967 817 1022 δὴ
840 964 1035 1016 πολλάκις
1055 968 1120 1009 καὶ
1137 968 1345 1021 βασιλικαὶ
1374 966 1586 1023 συμβεβή-

125 1053 219 1080 κασι
244 1033 420 1094 χάριτες.
486 1033 679 1091 Ῥωμαῖοι
705 1035 750 1078 δὲ
773 1035 878 1093 παρ’
902 1034 1108 1091 αἲγιαλοὺς
1127 1033 1335 1090 ἱστάμενοι
1358 1035 1432 1091 τὴν
1453 1036 1586 1091 δεινὴν

123 1101 396 1162 κατεστῦγουν
422 1103 528 1147 θέαν
558 1106 625 1147 καὶ
655 1103 703 1146 τὸ
739 1102 880 1154 πάθος
910 1101 1247 1161 ἀπωλοφύροντο.
1319 1104 1358 1146 οἶ
1389 1104 1437 1147 δέ
1452 1122 1495 1161 γε
1518 1107 1584 1148 καὶ

124 1172 301 1228 ἀκμῆτες
324 1175 381 1223 εἷς
407 1171 514 1216 ὅπλα
540 1172 690 1231 ᾔεσαν,
729 1174 795 1215 καὶ
821 1173 1106 1225 Ὀδυσσείους,
1146 1170 1200 1222 αἷς
1232 1174 1379 1222 ἐκεῖνος
1411 1171 1473 1215 ἐπὶ
1505 1173 1579 1229 τὴν
1604 1181 1635 1216 D

71 1245 112 1280 15
124 1241 338 1295 Σκύλλαν,
366 1240 498 1292 οὕτως
515 1236 627 1285 οὗτοι
647 1241 722 1291 τὰς
745 1239 878 1298 ὁρμὰς
899 1239 965 1283 ἐπ’
994 1241 1166 1290 ἐκείνους
1184 1243 1425 1298 προΐσχοντο
1439 1255 1449 1265 ·
1479 1242 1585 1297 πλὴν

124 1310 216 1353 κατ’
247 1309 344 1365 ὄψιν
368 1312 434 1352 καὶ
461 1308 590 1366 μόνην
613 1310 660 1352 τὸ
684 1309 904 1365 ἀμυντικὸν
938 1310 1186 1365 περιίστατο.
1258 1309 1354 1359 τοὺς
1369 1310 1442 1364 μὲν
1460 1310 1538 1367 γὰρ
1560 1309 1581 1353 ὅ

125 1379 306 1435 αι’γιαλὸς
325 1377 401 1433 εἶχε
422 1377 708 1436 σφαδάζοντας
730 1378 805 1428 τὰς
824 1377 955 1435 ὁρμὰς
976 1376 1046 1434 ἔφ’
1070 1372 1179 1436 ᾧπερ
1199 1375 1440 1431 ἀμύνοιντο,
1481 1379 1518 1421 οἶ
1538 1380 1582 1421 δὲ

125 1447 239 1503 παρὰ
258 1444 389 1502 μόνην
407 1447 480 1502 τὴν
505 1445 726 1490 θάλασσαν
749 1445 946 1500 ἇλώσιμοι
965 1445 1076 1496 ὄντες
1086 1478 1099 1498 ,
1136 1447 1202 1488 καὶ
1221 1446 1341 1489 τίνων
1361 1447 1434 1489 οὐκ
1450 1446 1582 1490 ἀσθε-

124 1516 329 1574 νέστεροις
366 1513 478 1570 ὅμως
508 1514 562 1566 ὥς
596 1513 830 1573 ὀχυρώματι
860 1519 912 1573 τῇ
947 1512 1142 1572 θαλάσσῃ
1163 1512 1391 1572 χρώμενοι,
1431 1514 1515 1566 ε’ςὸ
1543 1533 1579 1558 τι

123 1717 185 1759 las,
207 1716 268 1752 sed
290 1720 327 1752 et
348 1722 468 1753 recens
489 1730 530 1753 eo
554 1717 734 1754 advectum
757 1722 812 1754 sat
834 1730 1044 1754 numerosum
1068 1731 1088 1753 e
1107 1718 1306 1764 Pelopithiis
1330 1719 1499 1763 populum,
1522 1718 1579 1762 qui

123 1763 220 1798 modo
238 1775 355 1798 manus
373 1765 553 1799 Persarum
578 1765 748 1810 effugerat
771 1771 808 1800 et
829 1765 899 1800 illic
921 1766 1051 1809 asylum
1074 1765 1244 1810 reperisse
1267 1776 1305 1798 se
1329 1765 1483 1809 putabat,
1506 1774 1581 1796 ser-

123 1808 224 1843 vituti
245 1810 446 1852 subiiciunt,
479 1811 581 1844 rebus
605 1823 720 1845 eorum
743 1812 885 1846 omnium
909 1811 1062 1856 direptis.
1108 1823 1172 1844 nec
1195 1822 1235 1844 eo
1258 1809 1408 1843 contenti
1437 1809 1579 1842 miseros

123 1853 161 1887 in
191 1865 294 1889 naves
323 1860 456 1890 tractos
480 1867 500 1889 a
525 1857 670 1890 diluculo
706 1862 892 1902 coeperunt
914 1857 999 1890 diris
1022 1855 1118 1890 minis
1145 1860 1181 1890 et
1204 1855 1411 1889 cruciatibus
1441 1865 1579 1897 urgere,

124 1902 164 1932 ut
183 1900 296 1952 pretia
317 1899 557 1946 redemptionis
578 1907 706 1946 quanta
736 1903 804 1948 ipsi
835 1903 1072 1948 praefinissent
1100 1903 1290 1942 solverent,
1322 1899 1576 1943 suspendentes,

122 1954 218 1978 varie
238 1949 436 1990 torquentes
457 1951 494 1980 et
515 1948 687 1982 trucidare
709 1960 746 1982 se
770 1954 910 1994 paratos
928 1948 1135 1982 exhibentes,
1182 1947 1266 1980 haec
1287 1945 1417 1978 fiebant
1437 1945 1472 1978 in
1497 1956 1579 1978 ocu-

123 1988 166 2024 lis
194 1989 420 2024 Romanorum
443 2002 463 2024 e
485 1991 600 2026 littore
634 1993 776 2027 adverso
805 1993 1042 2038 spectantium.
1087 1993 1295 2036 extabatque
1322 2002 1342 2023 e
1364 1990 1447 2024 mari
1469 1991 1577 2024 medio

124 2034 314 2069 miserabile
336 2037 566 2080 spectaculum
589 2049 630 2071 eo
653 2039 797 2072 artificio
821 2051 840 2072 a
862 2038 1050 2072 latronibus
1073 2037 1311 2077 constitutum,
1342 2039 1380 2069 ut
1402 2047 1423 2070 a
1446 2036 1576 2070 miseri-

123 2080 240 2115 cordia
270 2081 484 2127 imperatoris
515 2083 689 2126 pecuniam
722 2087 983 2129 extorquerent,
1019 2094 1087 2128 qua
1118 2082 1274 2116 infelices
1301 2081 1374 2114 illos
1397 2082 1512 2126 poenis
1535 2094 1576 2116 ac

123 2125 200 2161 neci
223 2125 397 2160 eximeret.
445 2126 512 2160 suit
535 2138 655 2162 revera
678 2129 844 2163 admonito
873 2129 917 2162 de
946 2129 998 2162 his
1025 2130 1178 2172 Augusto
1202 2128 1405 2172 peracerbus
1427 2128 1575 2169 nuntius,

123 2171 286 2217 dolorque
311 2184 376 2206 non
398 2172 547 2216 vulgaris
571 2175 740 2218 reputanti
763 2173 1064 2218 deploratissimam
1088 2174 1206 2208 horum
1230 2179 1376 2216 sortem,
1408 2173 1467 2218 qui
1490 2175 1577 2208 Per-

123 2228 180 2252 sas
203 2217 372 2262 fugientes
394 2218 429 2252 in
453 2230 571 2252 manus
593 2219 776 2264 piratarum
800 2219 1021 2261 incidissent,
1054 2230 1095 2252 ea
1118 2219 1190 2252 sola
1212 2218 1339 2252 fiducia
1360 2224 1491 2253 tantum
1513 2231 1577 2253 au-

95 2290 98 2291 r
122 2263 270 2298 dentium
294 2264 384 2309 quod
408 2275 429 2298 a
450 2264 592 2299 Venetis
617 2265 754 2299 classem
786 2265 822 2298 in
853 2264 1038 2310 propinquo
1071 2264 1271 2298 habentibus
1291 2265 1425 2309 protegi
1447 2276 1484 2299 se
1507 2265 1575 2298 sci-

122 2312 220 2351 rent,
244 2310 369 2355 quippe
392 2309 589 2355 quibuscum
611 2310 779 2345 latrocinii
802 2311 997 2344 societatem
1019 2309 1214 2352 inivissent,
1241 2310 1426 2345 hominibus
1447 2316 1572 2351 tamen,

123 2365 146 2388 a
168 2354 291 2400 quibus
313 2355 395 2390 nihil
417 2355 525 2390 minus
547 2357 720 2401 expectari
738 2356 921 2399 debuisset,
947 2356 975 2389 si
998 2366 1130 2390 sensum
1152 2355 1255 2390 ullum
1276 2356 1366 2400 grati
1388 2356 1490 2391 animi
1513 2358 1573 2391 ha·

122 2399 262 2442 herent,
285 2404 404 2446 utpote
426 2401 485 2447 qui
508 2402 832 2447 ab.imperatoribus
856 2402 983 2436 crebris
1006 2401 1149 2435 fuissent
1170 2401 1343 2436 beneficiis
1364 2402 1490 2437 affecti.
1538 2408 1573 2436 at

123 2444 264 2480 Romani
285 2447 394 2492 sparsi
415 2458 478 2492 per
501 2448 618 2482 littora
640 2449 717 2482 dum
740 2449 826 2482 haec
846 2448 1039 2488 intuentur,
1061 2446 1222 2481 horribile
1243 2448 1469 2492 spectaculum
1491 2460 1573 2481 exe-

124 2496 280 2534 crantes,
310 2493 481 2526 infandam
512 2493 737 2528 calamitatem
767 2493 957 2528 incredibili
986 2503 1138 2526 moerore
1161 2493 1395 2538 deplorabant.
1440 2494 1572 2538 quidam

124 2535 228 2570 etiam
250 2549 364 2571 eorum
386 2538 421 2572 in
444 2539 522 2572 aevi
544 2539 630 2573 flore
652 2552 750 2574 manu
775 2540 919 2585 prompti
940 2539 1083 2572 ruebant
1114 2537 1157 2572 ad
1191 2550 1304 2581 arma3
1337 2545 1374 2573 et
1395 2539 1574 2583 Ulysseos,

125 2584 164 2615 nt
184 2580 242 2616 ille
264 2583 342 2617 olim
364 2584 528 2618 adversus
550 2585 718 2629 Scyllam,
745 2586 796 2620 sic
818 2585 866 2618 illi
891 2590 1009 2619 contra
1031 2583 1160 2628 piratas
1180 2584 1323 2629 impetus
1344 2586 1573 2619 ostentabant,

125 2629 292 2662 caeterum
315 2629 428 2674 specie
451 2634 549 2664 tenus
571 2632 644 2666 sola
665 2636 757 2665 totus
780 2631 838 2665 ille
860 2629 1044 2665 auxiliandi
1066 2629 1167 2664 ardor
1189 2631 1366 2666 eminebat.
1414 2641 1489 2664 nam
1512 2641 1574 2662 no-

125 2674 215 2724 stros
246 2673 374 2708 frustra
409 2675 572 2710 minantes
596 2682 632 2712 et
654 2682 778 2711 conatu
799 2688 886 2711 vano
914 2679 1146 2710 consumentes
1168 2675 1238 2710 iras
1260 2676 1435 2710 detinebat
1456 2675 1572 2708 littus:

126 2720 258 2760 piratae
278 2730 359 2753 vero
381 2719 415 2754 in
436 2722 521 2756 mari
542 2722 636 2767 solo,
670 2723 729 2756 ubi
760 2729 879 2765 erant,
911 2721 987 2766 capi
1012 2723 1188 2766 poterant,
1223 2733 1286 2766 per
1308 2733 1346 2755 se
1367 2721 1416 2754 illi
1439 2720 1574 2765 quidem

125 2760 318 2797 debilissimi
339 2765 504 2809 omnium,
534 2767 598 2802 nisi
624 2773 745 2813 pontus
767 2768 851 2814 ipsis
873 2767 949 2802 vice
971 2766 1166 2801 munimenti
1186 2767 1409 2801 circumdatus
1431 2765 1578 2799 faculta-

125 2810 191 2841 tem
214 2807 436 2856 fiduciamque
457 2811 555 2848 daret
577 2825 704 2849 avarae
726 2813 938 2849 crudelitatis
960 2812 994 2847 in
1019 2812 1157 2848 miseros
1179 2824 1263 2859 quos
1285 2815 1452 2856 tenerent,
1476 2814 1578 2857 prout
