1858 3126
457 165 563 209 LIB.
590 163 666 208 111.
716 160 1195 206 OERONOLOGICUS.
1445 159 1540 205 831

109 275 316 329 panderet,
358 273 600 325 occupandis
631 277 671 311 et
703 270 947 310 validissimo
979 269 1174 322 praesidio
1198 267 1401 318 tenendis,
1437 268 1545 307 sicut

108 331 228 370 modo
255 344 343 369 eum
371 330 544 369 vidimus
566 329 607 366 in
634 328 840 366 Belocoma
871 327 1031 375 fecisse,
1066 327 1107 363 in
1132 339 1211 377 qua
1241 326 1371 364 claves
1400 323 1545 363 Prusae

108 388 273 439 reperit3
316 386 378 425 uti
401 391 440 424 et
467 386 646 423 Nicaeam
673 383 744 422 sibi
772 383 991 432 subiugasse
1023 383 1134 420 visus
1161 387 1222 420 est
1252 387 1369 432 capta
1395 386 1433 418 et
1461 381 1544 419 suis

106 442 341 482 firmissimis
380 441 504 492 copiis
545 441 690 479 insessa
726 439 941 477 Tricoccia.
1017 451 1093 488 qua
1142 437 1191 475 de
1235 450 1280 475 re
1318 436 1430 474 iuvat
1465 450 1545 474 no-

108 505 234 536 strum
259 497 325 536 hic
344 496 621 548 Pachymerem
650 495 786 534 audire
812 508 850 546 p.
867 496 950 536 637
965 507 1005 533 v-
1029 496 1078 535 13
1107 491 1343 531 scribentem
1369 491 1412 529 in
1438 491 1545 530 hunc

55 595 58 598 ,
108 554 290 592 modum:
326 554 436 590 circa
478 553 671 590 Nicaeam
702 551 808 588 malo
843 564 939 586 sane
976 549 1063 586 loco
1100 563 1163 586 res
1196 554 1327 593 erant,
1371 548 1546 586 Atmanae

110 617 254 648 cuncta
279 609 367 646 illic
393 616 532 660 agente
545 604 783 659 firmeque.
838 619 884 643 ac
911 605 1030 657 paulo
1057 611 1169 657 post:
1199 606 1337 656 itaque
1357 605 1546 655 infinum

109 667 323 702 exercitum
347 684 404 694 -—
431 663 696 712 venientibus,
720 663 874 701 Atman
893 659 1075 699 credidit.
1130 659 1319 699 hactenus
1335 659 1547 712 Pachyme·

109 733 192 766 res,
219 734 270 759 ex
297 719 414 758 cuius-
437 717 590 771 triplici
621 719 738 757 modo
767 723 978 755 memorata
1008 717 1234 755 narratione
1256 729 1388 755 rerum
1408 715 1455 753 ab
1478 717 1547 754 At-

111 789 241 825 mane,
270 775 320 814 ad
350 775 616 813 Nicomediam
642 774 749 817 ,victo
775 773 996 821 munione,
1026 772 1075 810 ad
1102 773 1267 811 Prusam
1294 778 1407 823 capta
1428 772 1546 809 Belo-

111 845 244 880 coma,
282 831 332 869 ad
358 831 539 869 Nicaeam
573 835 792 882 expugnata
817 828 1022 867 Tricoccia
1045 834 1264 878 gestarum,
1293 827 1546 865 manifestum

111 894 171 925 est
192 886 375 925 habuisse
391 887 504 925 illum
527 886 570 924 in
588 892 781 938 potestate
802 885 1024 922 universam
1045 883 1288 935 Bithyniam,
1313 884 1440 921 tribus
1468 883 1548 921 illis

111 943 308 995 primariis
327 943 408 980 eius
429 942 659 994 provinciae
683 941 866 990 urbibus,
895 940 966 978 etsi
988 953 1067 977 non
1092 940 1207 990 plene
1229 939 1440 991 possessis,
1468 939 1550 977 sal-

110 1005 191 1036 tem
209 998 384 1048 undique
403 997 675 1046 circumdatis,
704 1003 743 1035 et
763 997 866 1034 lenta
888 996 947 1033 sic
963 995 1165 1033 obsidione
1184 1009 1273 1033 cum
1290 995 1446 1033 interim
1471 1008 1546 1046 pro

111 1053 227 1092 libito
250 1051 491 1092 macerandis
519 1060 558 1091 et
582 1052 748 1104 pecunia
774 1051 1012 1099 multandis,
1040 1057 1121 1090 tum
1148 1051 1317 1102 denique
1335 1050 1549 1088 certissime

111 1108 312 1149 trahendis
342 1109 416 1148 sul>
441 1108 660 1147 absolutum
689 1107 961 1158 integrumque
990 1106 1220 1145 dominium.
1277 1106 1319 1144 id
1345 1106 1452 1158 quod
1467 1118 1551 1143 non

111 1165 191 1218 ipsi
208 1165 365 1216 quidem
386 1164 525 1216 obtigit
541 1162 711 1203 Atmani.
769 1176 908 1202 verum
925 1163 1032 1201 illins
1052 1160 1189 1201 haeres
1212 1169 1250 1201 et
1266 1161 1371 1200 filius
1392 1160 1550 1200 Urcha-

113 1233 202 1269 nes,
233 1234 347 1272 quem
367 1221 659 1259 Cantacuzenus
679 1220 709 1259 l.
729 1221 755 1262 3
773 1233 807 1260 c.
830 1222 880 1267 9,
909 1225 1053 1256 starum
1068 1218 1110 1256 in
1128 1228 1205 1268 quo
1226 1229 1312 1255 eum
1333 1223 1444 1268 pater
1458 1230 1550 1255 mo-

112 1275 220 1314 riens
248 1276 481 1329 reliquerat,
510 1276 734 1326 exprimens
763 1281 974 1326 satrapam
1005 1273 1216 1312 Orientalis
1247 1272 1453 1324 Bithyniae
1482 1286 1552 1324 ap-

114 1332 259 1384 pellat,
286 1331 398 1370 brevi
421 1345 462 1369 se
478 1330 683 1382 Bithyniae
703 1331 826 1368 totius
853 1330 1072 1382 principem
1095 1329 1266 1367 ostendit
1284 1328 1406 1367 Prusa
1424 1329 1552 1366 Nico-

114 1387 245 1424 media
264 1393 304 1424 et
321 1388 460 1425 Nicaea
478 1386 594 1438 plane
611 1384 783 1435 domitis,
802 1383 1010 1438 postquam
1025 1383 1118 1422 huic
1135 1385 1295 1422 ultimae
1310 1382 1553 1436 periclitanti

115 1441 316 1494 suppetias
346 1442 593 1480 Andronicus
620 1436 754 1480 iunior
782 1450 988 1479 accurrens
1005 1441 1188 1492 repulsus
1206 1447 1245 1478 et
1265 1440 1494 1478 vulneratus
1509 1438 1554 1476 iu

116 1499 264 1536 semote
278 1499 450 1538 recessit.
507 1498 619 1536 cuius
634 1503 789 1548 pugnae
808 1511 853 1535 ac
872 1494 1044 1534 vulneris
1063 1495 1242 1534 meminit
1258 1496 1554 1534 Cantacnzenus
1575 1494 1604 1530 Ρ
1627 1496 1694 1529 603

114 1553 143 1592 l.
163 1557 192 1596 2
208 1566 241 1590 c.
259 1557 309 1600 7,
337 1553 431 1592 inde
450 1559 620 1592 secutam
635 1556 767 1592 tamen
785 1553 951 1590 Nicaeae
975 1551 1210 1590 deditionem
1230 1562 1370 1604 parum
1388 1550 1557 1589 candide

116 1608 386 1657 dissimulans,
424 1623 542 1660 quam
570 1603 736 1659 ingenue
770 1609 944 1646 fatentur
963 1608 1153 1657 Gregoras
1174 1607 1202 1648 l.
1224 1608 1250 1648 9
1276 1611 1315 1645 et
1342 1602 1556 1645 Phrantzes

117 1677 151 1702 c.
169 1666 218 1706 11
238 1664 267 1702 l.
286 1669 307 1706 1
323 1694 336 1713 ,
363 1671 410 1702 ut
427 1666 603 1703 omittam
623 1664 727 1703 idem
746 1663 888 1702 diserte
910 1662 1147 1701 affirmantes
1164 1661 1310 1700 Arabas
1331 1662 1555 1714 scriptores,

115 1719 220 1758 inter
238 1733 337 1770 quos
351 1730 485 1758 omnes
504 1721 686 1759 convenit
702 1718 899 1758 Iznicmid
914 1726 954 1758 et
971 1719 1079 1757 Iznil:
1108 1718 1193 1769 (sic
1212 1718 1271 1755 illi
1287 1718 1555 1756 Nicomediam

116 1782 156 1813 et
183 1774 360 1813 Nicaeam
393 1776 621 1825 nominant)
641 1775 698 1814 ab
730 1774 911 1813 Urchane
939 1774 1144 1813 Othmanis
1175 1773 1256 1811 filio
1296 1778 1387 1825 post
1427 1773 1554 1822 patria

116 1836 283 1868 mortem
321 1836 454 1881 captas
488 1831 620 1870 fuisse.
675 1831 852 1869 Brusiam
889 1842 983 1868 vero
1025 1827 1102 1881 (ita
1135 1828 1295 1867 prusam
1323 1827 1555 1878 appellant)

119 1885 279 1936 quidam
306 1884 467 1923 illorum
488 1886 675 1923 Othmani
693 1881 824 1923 adhuc
845 1886 1015 1930 viventi,
1046 1885 1111 1921 alii
1136 1896 1181 1921 eo
1201 1888 1357 1921 mortuo
1375 1881 1552 1921 Urebani

119 1940 290 1978 deditam
320 1939 443 1979 aiunt.
500 1942 581 1978 fato
614 1950 709 1978 vero
739 1941 922 1978 functum
951 1937 1183 1976 Othmanem
1207 1950 1339 1976 omnes
1357 1938 1387 1975 ii
1410 1951 1550 1988 magno

119 2007 313 2034 consensu
330 1995 493 2032 uadunt
513 2009 614 2032 anno
628 1991 792 2045 Hegirae
808 1998 902 2041 726,
933 1994 1043 2032 cuius
1064 1994 1138 2032 fuit
1155 1993 1311 2031 initium
1328 1993 1410 2032 dies
1428 1996 1455 2035 8
1474 1995 1550 2031 De-

120 2049 288 2088 cembris
313 2050 406 2088 anni
435 2043 578 2088 Christi
608 2050 737 2098 1325,
765 2050 861 2088 adeo
886 2056 934 2088 ut
962 2063 1067 2087 mors
1097 2048 1302 2087 Othmanis
1331 2049 1375 2087 in
1403 2060 1550 2087 aunum

121 2105 269 2144 Christi
286 2107 391 2147 1326
410 2105 591 2144 videatur
606 2105 832 2144 differenda.

230 2189 313 2233 vn.
367 2187 567 2232 Hactenus
594 2189 709 2231 dictis
735 2188 852 2230 liceat
888 2189 985 2229 mihi
1023 2204 1093 2244 per
1126 2190 1335 2243 benignum
1363 2189 1550 2233 lectorem

121 2249 328 2288 mantissae
347 2248 436 2286 loco
459 2263 653 2301 apponere
676 2248 1024 2286 considerationem
1049 2247 1219 2285 duorum
1248 2253 1426 2286 veterum
1458 2263 1550 2288 ora-

125 2305 325 2354 culorum,
363 2316 462 2355 quae
498 2319 570 2356 per
602 2302 700 2342 haec
734 2303 849 2341 fuisse
879 2308 1030 2353 patrata
1057 2302 1209 2340 eventis
1244 2316 1325 2341 non
1355 2304 1553 2344 immerito

123 2361 229 2399 credi
250 2366 381 2413 potest
393 2375 405 2410 ;
431 2360 474 2397 id
494 2360 601 2411 q'uod
626 2369 671 2398 eo
698 2357 828 2396 minus
846 2357 1016 2396 alienum
1036 2357 1084 2394 ab
1104 2355 1181 2395 hoc
1204 2358 1292 2397 loco
1309 2360 1409 2398 forte
1426 2361 1554 2406 fuerit,

125 2416 233 2466 quod
255 2424 388 2454 eorum
414 2415 580 2454 alterum
611 2419 669 2453 est
697 2414 936 2465 implicatum
964 2426 1052 2450 cum
1074 2413 1288 2452 rationibus
1306 2414 1554 2466 chronologi-

125 2465 181 2509 cis
208 2469 459 2522 quibusdam,
489 2481 668 2510 numeros
691 2483 712 2507 a
739 2468 849 2507 nobis
866 2465 934 2506 hic
952 2468 1163 2506 subductos
1180 2475 1290 2508 recto
1306 2471 1455 2523 positos
1476 2472 1554 2508 cal-

126 2527 217 2564 culo
242 2527 546 2566 adstruentibus.
601 2525 739 2565 recitat
757 2524 940 2575 antiquus
959 2524 1127 2575 scriptor
1145 2522 1339 2574 Zosimus,
1367 2524 1554 2564 historia-

126 2593 215 2620 rum
233 2582 262 2622 l.
275 2585 303 2626 2
314 2608 328 2632 ,
353 2580 591 2634 Erythraeae
609 2583 674 2620 vel
695 2577 914 2632 Epiroticae
934 2578 1101 2631 Sibyllae
1120 2576 1198 2618 hoc
1218 2581 1471 2620 vaticinium:

340 2656 391 2710 δή
418 2655 504 2699 τότε
532 2662 722 2700 Βιθυνῶν
750 2662 864 2712 γαῖαν
891 2654 1005 2698 λύκοι
1032 2653 1238 2708 οἰκήσουσι

343 2711 470 2765 Ζηνὸς
496 2711 819 2767 ἐπιφροσύναισι*
848 2711 943 2765 ταχύ
972 2708 1012 2753 δ’
1041 2709 1267 2764 ἐπιβήσεται
1295 2708 1395 2767 dom*

340 2763 557 2823 α’νδρᾶσιν,
585 2772 627 2811 οἳ
652 2765 850 2818 Βύζαντος
877 2768 968 2818 ἕδος
994 2765 1310 2810 καταναιετάωσι.
