1858 3126
271 172 370 220 490
688 174 923 219 GEORGII
956 176 1305 227 PAGHYMEms
1371 195 1385 213 -·

272 286 423 337 αὐτοῦς
452 284 750 344 συμπράττειν,
787 291 853 332 καὶ
871 287 1060 348 μήνυτρα
1086 290 1280 346 δέχεσθαι
1299 293 1367 335 καὶ
1387 290 1632 349 λαμβάνειν,
1668 293 1725 346 ὥς

271 358 334 399 ἐπὶ
367 359 509 410 καιροῦ
541 357 702 407 ἐκείνοις
731 359 797 400 καὶ
828 358 979 408 αὖτοῦς
1002 360 1381 415 συμμαχουμένους.
1451 363 1574 416 δῆλον
1593 364 1724 406 δὲκαὶ

268 426 311 466 ἔκ
331 428 402 467 τοῦ
423 423 573 475 ἄλλους
601 424 786 469 ἀπαντᾶν
813 424 1101 480 ἑτοιμάζεσθαι
1134 423 1351 479 καὶαῦθις
1375 427 1560 486 ἑτέρους,
1593 432 1723 488 φίλων

269 489 504 543 δεικνύντας
526 495 593 536 καὶ
613 492 764 549 τρόπον
790 497 857 538 καὶ
887 495 1033 550 ὄνομα.
1102 496 1175 540 τὸν
1193 497 1272 553 γὰρ
1294 501 1367 541 τοῦ
1388 497 1509 554 (iq-yde
1528 501 1723 555 ,Θευδερί-

267 579 345 616 χου
371 558 500 604 νόθον
523 561 782 620 αὐτάδελφον
803 569 956 618 μαθεῖν
979 564 1112 621 ἔλεγον
1140 567 1207 608 καὶ
1232 565 1357 609 αὐτὸν
1383 565 1547 620 συνάμα
1567 564 1757 611 &abdens

270 632 483 681 ἐκπλεῦσαι
513 633 654 684 ναυσί,
691 635 757 675 καὶ
786 631 883 675 ὅσον
913 633 1028 677 οὔπω
1057 641 1143 684 τοῖς
1172 637 1268 691 τῇδε
1297 638 1544 690 προσβαλεῖν
1574 632 1727 691 τρόπον

220 707 252 742 D
276 699 346 743 τὸν
375 703 585 752 τοιοῦτον,
619 700 759 757 με’χρις
779 700 871 757 Ilm?
890 699 1037 758 ὃλότης
1055 704 1199 759 φανείη
1217 704 1282 746 καὶ
1305 702 1350 746 ἓν
1372 701 1520 754 πάντες
1533 703 1724 759 γένοιντο.

272 766 383 822 ὅμως
402 785 443 824 γε
460 767 598 821 μέντοι
618 771 683 812 καὶ
704 767 1011 823 συνεβούλευον,
1048 774 1083 814 εἰ
1100 772 1292 825 βασιλεῦς
1309 771 1421 816 θέλει
1438 770 1725 828 συμπράττειν,

271 837 518 880 ἆπεντεῦθεν
553 837 623 880 τὸν
655 839 758 893 πρὸς
791 839 965 889 ἐκείνους
995 837 1172 894 πόλεμον
1205 841 1423 895 δέχεσθαι,
1461 839 1542 883 dm}
1569 838 1726 884 τούτων

271 905 375 949 κατὰ
397 903 535 963 θύρας
555 905 808 961 ἀρξαμένους
830 905 885 957 ὥς
905 910 1128 965 προχείρων
1148 908 1291 953 ὅντων.
1359 908 1460 964 ἔχειν
1479 908 1557 964 γὰρ
1577 908 1728 960 αὖτοῦς
1741 916 1783 950 10

213 978 215 982 ’
272 971 478 1030 ἓξαρτύειν
508 972 756 1029 πεντήκοντα
789 980 903 1026 ναῦς.
974 975 1139 1031 ἐζήτουν
1169 979 1214 1021 δὲ
1239 979 1307 1020 καὶ
1332 977 1503 1030 βασιλέα
1526 977 1600 1027 τὰς
1619 978 1726 1030 ἴσας,

271 1042 295 1097 ἢ
313 1042 396 1099 μὴν
417 1042 468 1085 τὰ
495 1043 536 1092 ἔς
560 1041 761 1100 πλήρωμα
783 1042 940 1088 τοίτων
962 1044 1173 1100 χρήματα.
1242 1045 1324 1089 κᾶν·
1337 1045 1395 1101 μὴ
1418 1050 1491 1088 νῦν
1509 1044 1592 1100 ξ’χοι
1613 1043 1728 1089 διδό-

220 1119 252 1153 Ε
277 1129 364 1164 ναι,
402 1111 554 1161 αὐτους
573 1111 671 1162 τέως
687 1111 1001 1166 καταβαλόντας
1019 1113 1124 1157 αὐτὰ
1145 1115 1209 1157 ἐπὶ
1230 1119 1375 1169 καιροῦ
1394 1113 1506 1170 παρὰ
1527 1114 1728 1167 βασιλέως

271 1178 666 1234 ἀνταπολαμβάνειν.
735 1183 840 1237 μηδὲ
870 1181 948 1238 γὰρ
976 1180 1076 1225 εἶναι
1109 1181 1259 1233 αὖτοὺς
1288 1181 1547 1231 ἀλλοδαποὺς
1574 1180 1599 1237 ἢ
1626 1179 1726 1225 Ῥω-

269 1249 420 1303 μαίους
437 1247 695 1293 τούντεῦθεν.
765 1252 830 1293 καὶ
850 1249 973 1294 πόνον
991 1248 1091 1294 εἶναι
1109 1252 1225 1307 σφίσι
1241 1250 1288 1294 τὸ
1305 1250 1363 1306 μὴ
1384 1247 1549 1307 φθάσαι
1566 1267 1726 1307 προαα-
1739 1255 1781 1291 15

268 1321 394 1371 μῦναι
419 1315 634 1372 Ῥωμαίοις
665 1315 866 1374 πάσχουσι
889 1319 986 1362 κατ’
1010 1316 1242 1374 ἀνατολήν,
1280 1320 1322 1371 ἔξ
1347 1313 1403 1362 ὧν
1426 1320 1492 1362 καὶ
1516 1318 1633 1362 αὐτοὶ
1654 1318 1727 1369 τιὶς

270 1449 447 1492 mercium,
471 1450 624 1485 studiose
647 1451 726 1486 hinc
748 1450 938 1486 indicantes
952 1463 1040 1499 quae
1055 1454 1219 1498 geruntur
1229 1477 1240 1494 ,
1263 1454 1299 1486 et
1312 1451 1389 1486 inde
1402 1451 1545 1486 vicissim
1560 1449 1604 1485 de
1619 1449 1727 1486 omni-

269 1496 333 1529 bus
357 1496 529 1538 admoniti,
554 1502 655 1542 prout
678 1509 762 1543 opus
785 1502 924 1532 censent
948 1500 990 1532 ad
1014 1510 1075 1533 sua
1099 1498 1229 1533 nefaria
1252 1498 1391 1532 consilia
1413 1497 1448 1532 in
1471 1508 1643 1532 commune
1665 1508 1728 1531 no-

269 1545 376 1575 strum
407 1541 545 1577 exitium
580 1544 760 1586 patranda.
808 1544 1019 1578 constituunt
1043 1544 1129 1578 enim
1153 1544 1202 1578 sic
1225 1543 1366 1578 invicem
1389 1549 1544 1589 tempora
1566 1554 1641 1576 cum
1664 1554 1726 1576 ex-

267 1591 362 1620 terae
385 1586 565 1621 incursioni
589 1588 840 1622 foederatorum
863 1590 948 1634 ipsis
970 1595 1159 1623 nostrorum
1183 1589 1349 1630 hostium,
1381 1594 1452 1623 tum
1475 1599 1558 1622 suae
1580 1587 1727 1632 ipsoram

267 1631 448 1677 proditioni
472 1637 681 1678 opportuna,
718 1634 931 1677 pollicentes,
963 1635 1061 1669 simul
1091 1634 1139 1668 illi
1165 1635 1230 1668 huc
1253 1633 1387 1668 advecti
1411 1645 1480 1668 rem
1502 1644 1623 1678 gerere
1646 1644 1728 1668 coe-

267 1676 399 1723 perint,
434 1689 496 1723 pro
525 1678 615 1712 virili
648 1682 683 1712 et
712 1679 807 1724 ipsos
830 1680 1023 1724 annisuros,
1056 1681 1151 1714 larva
1174 1679 1328 1724 obsequii
1359 1679 1494 1713 tandem
1517 1679 1670 1712 exuenda
1691 1681 1727 1712 et

270 1723 374 1758 armis
399 1725 509 1768 palam
535 1724 568 1758 in
593 1735 653 1758 nos
677 1725 859 1759 vertendis.
906 1726 990 1760 haec
1019 1725 1104 1760 satis
1137 1731 1293 1759 constare
1316 1735 1357 1758 ex
1381 1736 1421 1758 eo
1445 1724 1555 1779 quod,
1589 1729 1728 1770 praeter

269 1769 367 1804 modo
390 1769 423 1803 in
447 1775 564 1815 portus
589 1769 718 1815 imperii
742 1772 916 1816 appulsam
939 1771 1066 1806 iniussu
1091 1771 1231 1805 classem
1265 1769 1486 1815 Mpyrigerh,
1519 1768 1577 1804 alii
1610 1770 1727 1804 eodem

273 1815 463 1860 navigaturi
487 1827 564 1850 sese
586 1827 708 1861 parare
731 1816 947 1859 nuntientur,
979 1829 1096 1851 rursus
1118 1817 1179 1851 hos
1205 1815 1371 1851 secuturis
1393 1820 1429 1850 et
1450 1814 1544 1859 aliis,
1569 1827 1609 1850 eo
1634 1815 1729 1850 vide-

273 1861 352 1895 licet
375 1861 505 1907 perfido
529 1861 638 1896 animo
661 1874 703 1896 ac
726 1862 895 1897 scelerata
918 1875 1001 1908 spe,
1034 1867 1072 1896 ut
1101 1866 1155 1896 tot
1187 1862 1290 1896 semel
1321 1861 1571 1896 insidiatoribus
1592 1861 1728 1896 simula·

275 1908 368 1941 tione
391 1907 558 1942 amicitiae
579 1907 670 1943 intra
692 1911 808 1943 nostra
831 1908 1000 1954 praesidia
1023 1908 1160 1942 credule
1183 1907 1356 1948 admissis,
1388 1906 1446 1942 ubi
1468 1906 1590 1941 deinde
1613 1906 1731 1942 conin-

277 1953 362 1987 ratis
391 1965 504 1988 secum
528 1952 562 1988 in
586 1965 647 1988 nos
670 1954 778 2008 palam
802 1954 1007 1989 irruentibus
1029 1954 1094 1999 ipsi
1118 1965 1159 1988 ex
1183 1959 1357 1999 compacto
1381 1953 1634 1999 conspirantes.
1668 1963 1730 1987 re-

275 1999 498 2041 bellaverint,
533 2011 632 2045 pares
656 2000 750 2034 sunu!
774 2000 925 2035 externis
947 2000 1235 2046 oppugnatoribus
1262 1999 1480 2044 internisque?
1503 1997 1730 2043 perduellibus

274 2057 342 2079 una
372 2045 572 2080 sustinendis
601 2058 642 2080 ac
674 2046 874 2091 repellendis
903 2058 979 2081 esse
1011 2056 1226 2092 nequeamus.
1272 2057 1313 2079 en
1345 2049 1470 2090 quanto
1500 2043 1550 2078 rei
1582 2055 1730 2078 summae

274 2090 424 2136 periculo
459 2091 536 2125 istis
569 2091 714 2136 ignotis,
746 2092 868 2127 amicos
899 2104 936 2126 se
967 2094 1072 2126 verbo
1095 2098 1131 2126 et
1155 2091 1268 2137 specie
1291 2091 1502 2133 ferentibus,
1534 2089 1661 2124 aditum
1684 2089 1730 2124 ad

275 2139 391 2170 nostra
414 2137 532 2171 intima
554 2138 749 2183 pandamus.
782 2138 877 2173 nobis
901 2138 988 2173 enim
1012 2143 1215 2183 compertum
1239 2140 1420 2182 praeterea
1437 2141 1490 2170 est
1504 2135 1595 2181 regis
1609 2135 1726 2170 Theu-

275 2181 401 2216 derichi
424 2184 562 2217 fratrem
587 2185 722 2217 nothum
746 2196 820 2218 cum
843 2184 986 2219 navibus
1015 2183 1190 2218 duodecim
1212 2183 1286 2217 vela
1309 2183 1375 2216 iam
1399 2181 1524 2216 fecisse
1546 2181 1589 2215 ad
1612 2185 1727 2214 nostra

273 2228 411 2268 littora,
445 2240 512 2274 quo
543 2229 675 2263 scilicet
700 2229 799 2264 sociis
823 2230 887 2265 iam
912 2230 977 2264 huc
1009 2229 1159 2275 appulsis
1181 2240 1219 2262 se
1241 2227 1422 2272 adiungat,
1459 2225 1728 2261 dissimulaturus

274 2272 448 2306 consilium
479 2275 693 2319 oppugnandi
726 2287 803 2318 nos,
836 2276 946 2321 quoad
971 2275 1046 2310 aliis
1069 2287 1203 2329 quoque
1226 2285 1358 2308 suorum
1382 2272 1456 2318 pari
1478 2275 1593 2325 nostra
1615 2269 1729 2304 facili-

273 2323 346 2352 tate
380 2319 549 2363 permissis
572 2320 604 2354 ei
628 2332 665 2355 se
688 2333 877 2366 aggregare
907 2333 1034 2356 summa
1057 2321 1124 2354 iam
1147 2319 1215 2365 ipsi
1237 2323 1310 2354 tota
1333 2321 1464 2352 constet
1485 2317 1727 2350 destinatarum

275 2364 373 2399 nobis
398 2365 616 2409 subiugandis
639 2366 851 2412 copiarum.'’
897 2367 949 2402 his
972 2366 1023 2401 sic
1046 2378 1086 2400 ex
1113 2365 1208 2400 ositis
1232 2374 1433 2408 magnopere
1455 2361 1576 2395 deinde
1598 2360 1727 2395 incum-

276 2410 402 2444 bebant
435 2411 477 2444 ad
510 2412 715 2446 suadendum
739 2412 934 2457 imperatori
959 2418 998 2446 ut
1020 2412 1088 2446 nihi
1132 2415 1291 2445 cunctans
1313 2407 1566 2442 dissimulansve
1586 2407 1727 2452 amplius

275 2455 385 2501 palam
408 2454 493 2500 ipsis
516 2456 694 2501 cooperari
718 2458 956 2491 Genuensibus
978 2458 1098 2498 vellet,
1124 2456 1307 2489 Catelanos
1327 2453 1384 2499 qui
1407 2453 1451 2487 ad
1474 2463 1605 2487 manum
1629 2457 1728 2487 erant

277 2500 429 2548 protinus
453 2501 581 2544 paratis
605 2502 691 2535 bello
716 2502 857 2546 aggredi
885 2503 1112 2547 invadereque
1143 2501 1326 2545 imparatos
1349 2498 1458 2532 adhuc
1480 2498 1624 2544 ideoque
1646 2499 1730 2533 sul>-

277 2552 355 2581 actu
389 2545 568 2580 faciliores.
615 2559 715 2593 posse
747 2548 814 2581 iam
848 2559 936 2581 nunc
966 2560 1004 2581 se
1035 2558 1166 2581 armare
1189 2555 1291 2579 naves
1314 2543 1565 2589 quinquaginta.
1610 2555 1727 2590 parem

276 2592 355 2627 huic
378 2603 546 2626 numerum
571 2603 613 2626 ne
635 2596 836 2634 gravaretur
858 2594 1014 2626 conferre
1037 2593 1239 2636 imperator3
1265 2595 1325 2623 aut
1346 2589 1374 2623 si
1398 2589 1574 2633 expeditas
1590 2594 1644 2624 tot
1661 2601 1726 2623 non

279 2639 402 2682 habet,
436 2638 610 2684 pecuniam
641 2638 846 2672 instruendis
877 2638 916 2671 iis
947 2638 1165 2671 suffecturam
1188 2636 1298 2669 daret.
1344 2635 1396 2669 vel
1420 2635 1447 2669 si
1471 2647 1533 2669 nec
1554 2635 1588 2669 in
1611 2646 1729 2669 nume-

279 2691 354 2719 rato
387 2683 508 2719 nummi
536 2685 666 2725 forent,
701 2684 880 2717 collaturos
911 2683 948 2716 in
982 2685 1194 2716 antecessum
1221 2692 1259 2714 se
1289 2681 1333 2714 de
1366 2692 1426 2714 suo
1449 2692 1536 2725 quae
1558 2681 1729 2726 Augustus

279 2731 450 2765 commodo
472 2729 537 2764 sibi
559 2735 709 2775 tempore
731 2734 851 2774 postea
874 2728 1079 2762 refunderet.
1125 2727 1213 2760 hunc
1235 2726 1327 2771 ipsos
1349 2727 1412 2759 sibi
1436 2726 1536 2770 solis,
1560 2727 1656 2761 modo
1677 2725 1728 2760 sic

279 2775 423 2817 adiutis,
454 2775 544 2810 ultro
577 2775 759 2820 deposcere
791 2774 939 2809 laborem
961 2773 1125 2807 liberandi
1150 2773 1317 2806 Romanos
1340 2773 1383 2806 ab
1406 2771 1535 2806 iniuriis
1558 2784 1643 2827 quas
1665 2771 1728 2806 du-

280 2821 357 2856 dum
386 2822 478 2857 diras
506 2832 569 2869 per
595 2821 767 2856 Orientem
791 2832 811 2856 a
834 2825 936 2866 gente
956 2819 1063 2854 infida
1084 2821 1293 2865 paterentur.
1341 2819 1404 2852 hoc
1426 2818 1552 2853 debere
1573 2828 1664 2864 ipsos
1687 2829 1728 2853 eo
