<?xml version="1.0" encoding="UTF-8"?>
<!DOCTYPE html PUBLIC "-//W3C//DTD XHTML 1.0 Transitional//EN"
    "http://www.w3.org/TR/xhtml1/DTD/xhtml1-transitional.dtd">
<html xmlns="http://www.w3.org/1999/xhtml" xml:lang="en" lang="en">
 <head>
  <title>
</title>
<meta http-equiv="Content-Type" content="text/html;charset=utf-8" />
  <meta name='ocr-system' content='tesseract 3.04.00' />
  <meta name='ocr-capabilities' content='ocr_page ocr_carea ocr_par ocr_line ocrx_word'/>
</head>
<body>
  <div class='ocr_page' id='page_1' title='image "./corpusscriptorum18niebuoft_0194.png"; bbox 0 0 1820 3112; ppageno 0'>
   <div class='ocr_carea' id='block_1_1' title="bbox 236 147 1276 219">
    <p class='ocr_par' dir='ltr' id='par_1_1' title="bbox 236 147 1276 219">
     <span class='ocr_line' id='line_1_1' title="bbox 236 147 1276 219; baseline -0.005 -22"><span class='ocrx_word' id='word_1_1' title='bbox 236 150 331 197; x_wconf 88' lang='lat'>178</span> <span class='ocrx_word' id='word_1_2' title='bbox 653 147 889 194; x_wconf 87' lang='lat' dir='ltr'>GEORGII</span> <span class='ocrx_word' id='word_1_3' title='bbox 922 147 1276 219; x_wconf 69' lang='lat' dir='ltr'><strong>PACHYMERIS</strong></span> 
     </span>
    </p>
   </div>
   <div class='ocr_carea' id='block_1_2' title="bbox 88 255 1755 1688">
    <p class='ocr_par' dir='ltr' id='par_1_2' title="bbox 88 255 1755 1688">
     <span class='ocr_line' id='line_1_2' title="bbox 235 255 1698 320; baseline -0.003 -13"><span class='ocrx_word' id='word_1_4' title='bbox 235 263 359 320; x_wconf 81' lang='grc' dir='ltr'><strong><em>κρίσει</em></strong></span> <span class='ocrx_word' id='word_1_5' title='bbox 389 263 609 314; x_wconf 74' lang='grc' dir='ltr'><strong><em>δίδοσθαι,</em></strong></span> <span class='ocrx_word' id='word_1_6' title='bbox 657 264 740 304; x_wconf 84' lang='grc' dir='ltr'>τῶν</span> <span class='ocrx_word' id='word_1_7' title='bbox 772 258 935 304; x_wconf 81' lang='grc' dir='ltr'><strong><em>πάντων</em></strong></span> <span class='ocrx_word' id='word_1_8' title='bbox 970 260 1030 303; x_wconf 82' lang='grc' dir='ltr'><strong><em>δι’</em></strong></span> <span class='ocrx_word' id='word_1_9' title='bbox 1063 259 1215 316; x_wconf 65' lang='grc' dir='ltr'><strong><em>ἔχθους</em></strong></span> <span class='ocrx_word' id='word_1_10' title='bbox 1243 260 1426 313; x_wconf 82' lang='grc' dir='ltr'><strong><em>δικαίου,</em></strong></span> <span class='ocrx_word' id='word_1_11' title='bbox 1466 257 1523 310; x_wconf 82' lang='grc' dir='ltr'>ὥς</span> <span class='ocrx_word' id='word_1_12' title='bbox 1555 255 1698 313; x_wconf 67' lang='grc' dir='ltr'><strong><em>ἐδόκει,</em></strong></span> 
     </span>
     <span class='ocr_line' id='line_1_3' title="bbox 234 326 1700 389; baseline -0.003 -14"><span class='ocrx_word' id='word_1_13' title='bbox 234 330 408 387; x_wconf 68' lang='grc' dir='ltr'><strong><em>ἐχόντων</em></strong></span> <span class='ocrx_word' id='word_1_14' title='bbox 429 330 498 374; x_wconf 83' lang='grc' dir='ltr'>τὸν</span> <span class='ocrx_word' id='word_1_15' title='bbox 523 329 803 386; x_wconf 73' lang='grc' dir='ltr'><strong><em>ἄνθρωπον),</em></strong></span> <span class='ocrx_word' id='word_1_16' title='bbox 836 331 985 372; x_wconf 74' lang='grc' dir='ltr'><strong><em>ἐκεῖνον</em></strong></span> <span class='ocrx_word' id='word_1_17' title='bbox 1004 331 1080 384; x_wconf 76' lang='grc' dir='ltr'>μὲν</span> <span class='ocrx_word' id='word_1_18' title='bbox 1099 335 1150 387; x_wconf 83' lang='grc' dir='ltr'>τῇ</span> <span class='ocrx_word' id='word_1_19' title='bbox 1168 331 1252 389; x_wconf 75' lang='grc' dir='ltr'><strong><em>ῗδίᾳ</em></strong></span> <span class='ocrx_word' id='word_1_20' title='bbox 1272 334 1379 387; x_wconf 84' lang='grc' dir='ltr'><strong><em>μονῇ</em></strong></span> <span class='ocrx_word' id='word_1_21' title='bbox 1397 330 1463 372; x_wconf 76' lang='grc' dir='ltr'>καὶ</span> <span class='ocrx_word' id='word_1_22' title='bbox 1484 326 1606 371; x_wconf 79' lang='grc' dir='ltr'><strong><em>πάλιν</em></strong></span> <span class='ocrx_word' id='word_1_23' title='bbox 1625 345 1700 371; x_wconf 87' lang='grc' dir='ltr'>νυ-</span> 
     </span>
     <span class='ocr_line' id='line_1_4' title="bbox 234 396 1700 458; baseline -0.003 -15"><span class='ocrx_word' id='word_1_24' title='bbox 234 400 329 449; x_wconf 82' lang='grc' dir='ltr'><strong><em>κτὸς</em></strong></span> <span class='ocrx_word' id='word_1_25' title='bbox 348 399 633 450; x_wconf 73' lang='grc' dir='ltr'><strong><em>ἒξαποστείλας</em></strong></span> <span class='ocrx_word' id='word_1_26' title='bbox 650 399 890 458; x_wconf 77' lang='grc' dir='ltr'><strong><em>ἐγκαθιστᾷ,</em></strong></span> <span class='ocrx_word' id='word_1_27' title='bbox 929 397 1031 441; x_wconf 83' lang='grc' dir='ltr'><strong><em>ὅπου</em></strong></span> <span class='ocrx_word' id='word_1_28' title='bbox 1053 398 1127 441; x_wconf 74' lang='grc' dir='ltr'>σῦν</span> <span class='ocrx_word' id='word_1_29' title='bbox 1146 405 1231 448; x_wconf 80' lang='grc' dir='ltr'><strong><em>τοῖς</em></strong></span> <span class='ocrx_word' id='word_1_30' title='bbox 1247 397 1359 454; x_wconf 78' lang='grc' dir='ltr'><strong><em>ἀμφ’</em></strong></span> <span class='ocrx_word' id='word_1_31' title='bbox 1383 396 1509 441; x_wconf 74' lang='grc' dir='ltr'><strong><em>αὑτὸν</em></strong></span> <span class='ocrx_word' id='word_1_32' title='bbox 1532 401 1700 446; x_wconf 79' lang='grc' dir='ltr'><strong><em>πολλοῖς</em></strong></span> 
     </span>
     <span class='ocr_line' id='line_1_5' title="bbox 234 463 1697 524; baseline -0.001 -14"><span class='ocrx_word' id='word_1_33' title='bbox 234 464 326 510; x_wconf 76' lang='grc' dir='ltr'><strong><em>οὖσι</em></strong></span> <span class='ocrx_word' id='word_1_34' title='bbox 349 469 411 510; x_wconf 75' lang='grc' dir='ltr'>ἐπὶ</span> <span class='ocrx_word' id='word_1_35' title='bbox 435 465 599 524; x_wconf 86' lang='grc' dir='ltr'><strong><em>χρόνοις</em></strong></span> <span class='ocrx_word' id='word_1_36' title='bbox 619 466 755 509; x_wconf 78' lang='grc' dir='ltr'><em>ἀσκεῖν</em></span> <span class='ocrx_word' id='word_1_37' title='bbox 786 465 981 522; x_wconf 79' lang='grc' dir='ltr'><strong><em>ἆπρόΐτος</em></strong></span> <span class='ocrx_word' id='word_1_38' title='bbox 1005 467 1142 520; x_wconf 63' lang='grc' dir='ltr'><strong><em>ἔζιιελλε</em></strong></span> <span class='ocrx_word' id='word_1_39' title='bbox 1166 466 1218 509; x_wconf 81' lang='grc' dir='ltr'>τὰ</span> <span class='ocrx_word' id='word_1_40' title='bbox 1247 463 1412 521; x_wconf 79' lang='grc' dir='ltr'><strong><em>συνήθη</em></strong></span> <span class='ocrx_word' id='word_1_41' title='bbox 1427 498 1440 518; x_wconf 93' lang='grc'><strong><em>,</em></strong></span> <span class='ocrx_word' id='word_1_42' title='bbox 1476 472 1563 516; x_wconf 81' lang='grc' dir='ltr'><strong><em>τοῖς</em></strong></span> <span class='ocrx_word' id='word_1_43' title='bbox 1586 465 1636 508; x_wconf 73' lang='grc' dir='ltr'>δέ</span> <span class='ocrx_word' id='word_1_44' title='bbox 1653 482 1697 522; x_wconf 86' lang='grc' dir='ltr'><strong><em>γε</em></strong></span> 
     </span>
     <span class='ocr_line' id='line_1_6' title="bbox 232 532 1729 593; baseline -0.002 -14"><span class='ocrx_word' id='word_1_45' title='bbox 232 536 482 593; x_wconf 76' lang='grc' dir='ltr'><strong><em>ἀρχιερεῦσιν</em></strong></span> <span class='ocrx_word' id='word_1_46' title='bbox 502 535 636 591; x_wconf 70' lang='grc' dir='ltr'><strong><em>ἐφίησι</em></strong></span> <span class='ocrx_word' id='word_1_47' title='bbox 657 535 729 578; x_wconf 86' lang='grc' dir='ltr'>τὸν</span> <span class='ocrx_word' id='word_1_48' title='bbox 749 539 823 590; x_wconf 82' lang='grc' dir='ltr'>τῆς</span> <span class='ocrx_word' id='word_1_49' title='bbox 842 536 1054 590; x_wconf 72' lang='grc' dir='ltr'><strong><em>ἐκκλησίας</em></strong></span> <span class='ocrx_word' id='word_1_50' title='bbox 1075 538 1204 590; x_wconf 84' lang='grc' dir='ltr'><strong><em>ζητεῖν</em></strong></span> <span class='ocrx_word' id='word_1_51' title='bbox 1222 532 1569 591; x_wconf 82' lang='grc' dir='ltr'><strong><em>προστησόμενον.</em></strong></span> <span class='ocrx_word' id='word_1_52' title='bbox 1706 542 1729 577; x_wconf 84' lang='grc'><strong>5</strong></span> 
     </span>
     <span class='ocr_line' id='line_1_7' title="bbox 184 596 1699 660; baseline -0.003 -10"><span class='ocrx_word' id='word_1_53' title='bbox 184 596 231 645; x_wconf 73' lang='grc' dir='ltr'>Π</span> <span class='ocrx_word' id='word_1_54' title='bbox 375 606 454 649; x_wconf 72' lang='lat'>25.</span> <span class='ocrx_word' id='word_1_55' title='bbox 527 605 642 654; x_wconf 77' lang='grc' dir='ltr'><strong><em>Τέως</em></strong></span> <span class='ocrx_word' id='word_1_56' title='bbox 659 604 703 647; x_wconf 80' lang='grc' dir='ltr'>δὲ</span> <span class='ocrx_word' id='word_1_57' title='bbox 725 604 805 660; x_wconf 83' lang='grc' dir='ltr'>πρὸ</span> <span class='ocrx_word' id='word_1_58' title='bbox 828 609 901 647; x_wconf 86' lang='grc' dir='ltr'><strong><em>τοῦ</em></strong></span> <span class='ocrx_word' id='word_1_59' title='bbox 928 603 1024 647; x_wconf 79' lang='grc' dir='ltr'><strong><em>τάδε</em></strong></span> <span class='ocrx_word' id='word_1_60' title='bbox 1051 605 1242 660; x_wconf 75' lang='grc' dir='ltr'><strong><em>γενέσθαι</em></strong></span> <span class='ocrx_word' id='word_1_61' title='bbox 1265 605 1358 646; x_wconf 83' lang='grc' dir='ltr'><strong><em>δυσὶ</em></strong></span> <span class='ocrx_word' id='word_1_62' title='bbox 1379 601 1576 660; x_wconf 83' lang='grc' dir='ltr'><strong><em>πρότερον</em></strong></span> <span class='ocrx_word' id='word_1_63' title='bbox 1595 599 1699 659; x_wconf 81' lang='grc' dir='ltr'><strong><em>χρό-</em></strong></span> 
     </span>
     <span class='ocr_line' id='line_1_8' title="bbox 231 669 1699 730; baseline -0.003 -13"><span class='ocrx_word' id='word_1_64' title='bbox 231 691 339 726; x_wconf 88' lang='grc' dir='ltr'><strong><em>νοις,</em></strong></span> <span class='ocrx_word' id='word_1_65' title='bbox 376 701 426 707; x_wconf 94' lang='grc'><strong>-</strong></span> <span class='ocrx_word' id='word_1_66' title='bbox 459 675 524 715; x_wconf 84' lang='grc' dir='ltr'>καὶ</span> <span class='ocrx_word' id='word_1_67' title='bbox 556 672 707 730; x_wconf 80' lang='grc' dir='ltr'><strong><em>ἀφίημι</em></strong></span> <span class='ocrx_word' id='word_1_68' title='bbox 738 672 791 716; x_wconf 80' lang='grc' dir='ltr'>τὰ</span> <span class='ocrx_word' id='word_1_69' title='bbox 819 672 925 716; x_wconf 77' lang='grc' dir='ltr'><strong><em>κατὰ</em></strong></span> <span class='ocrx_word' id='word_1_70' title='bbox 944 673 1019 728; x_wconf 83' lang='grc' dir='ltr'>τὴν</span> <span class='ocrx_word' id='word_1_71' title='bbox 1037 675 1208 730; x_wconf 78' lang='grc' dir='ltr'><strong><em>περαίαν</em></strong></span> <span class='ocrx_word' id='word_1_72' title='bbox 1230 673 1303 727; x_wconf 82' lang='grc' dir='ltr'>τὴν</span> <span class='ocrx_word' id='word_1_73' title='bbox 1324 669 1512 726; x_wconf 82' lang='grc' dir='ltr'><strong><em>δυτικήν,</em></strong></span> <span class='ocrx_word' id='word_1_74' title='bbox 1550 669 1607 721; x_wconf 82' lang='grc' dir='ltr'>ὥς</span> <span class='ocrx_word' id='word_1_75' title='bbox 1630 673 1699 713; x_wconf 81' lang='grc' dir='ltr'>καὶ</span> 
     </span>
     <span class='ocr_line' id='line_1_9' title="bbox 234 739 1699 798; baseline -0.002 -13"><span class='ocrx_word' id='word_1_76' title='bbox 234 742 344 792; x_wconf 78' lang='grc' dir='ltr'><strong><em>ἅπαξ</em></strong></span> <span class='ocrx_word' id='word_1_77' title='bbox 361 743 427 784; x_wconf 78' lang='grc' dir='ltr'>καὶ</span> <span class='ocrx_word' id='word_1_78' title='bbox 450 743 513 791; x_wconf 83' lang='grc' dir='ltr'>δὶς</span> <span class='ocrx_word' id='word_1_79' title='bbox 534 739 782 798; x_wconf 75' lang='grc' dir='ltr'><strong><em>ἐνεπρήσθη,</em></strong></span> <span class='ocrx_word' id='word_1_80' title='bbox 818 740 927 785; x_wconf 73' lang='grc' dir='ltr'><strong><em>οὕτω</em></strong></span> <span class='ocrx_word' id='word_1_81' title='bbox 947 740 1126 796; x_wconf 84' lang='grc' dir='ltr'><strong><em>συμβάν,</em></strong></span> <span class='ocrx_word' id='word_1_82' title='bbox 1163 743 1225 784; x_wconf 68' lang='grc' dir='ltr'><strong><em>ἐπὶ</em></strong></span> <span class='ocrx_word' id='word_1_83' title='bbox 1244 742 1471 797; x_wconf 85' lang='grc' dir='ltr'><strong><em>Γρηγορίου</em></strong></span> <span class='ocrx_word' id='word_1_84' title='bbox 1494 756 1699 796; x_wconf 85' lang='grc' dir='ltr'><strong><em>πατριαρ-</em></strong></span> 
     </span>
     <span class='ocr_line' id='line_1_10' title="bbox 231 805 1697 866; baseline -0.003 -12"><span class='ocrx_word' id='word_1_85' title='bbox 231 815 416 866; x_wconf 79' lang='grc' dir='ltr'><strong><em>χοῦντος.</em></strong></span> <span class='ocrx_word' id='word_1_86' title='bbox 454 809 552 852; x_wconf 79' lang='grc' dir='ltr'><strong><em>ἀλλ’</em></strong></span> <span class='ocrx_word' id='word_1_87' title='bbox 575 805 648 852; x_wconf 69' lang='grc' dir='ltr'>οὖν</span> <span class='ocrx_word' id='word_1_88' title='bbox 669 810 774 853; x_wconf 80' lang='grc' dir='ltr'><strong><em>κατὰ</em></strong></span> <span class='ocrx_word' id='word_1_89' title='bbox 795 815 907 865; x_wconf 78' lang='grc' dir='ltr'><strong><em>μῆνα</em></strong></span> <span class='ocrx_word' id='word_1_90' title='bbox 923 815 1130 865; x_wconf 81' lang='grc' dir='ltr'><strong><em>μεσοῦντα</em></strong></span> <span class='ocrx_word' id='word_1_91' title='bbox 1152 814 1454 864; x_wconf 85' lang='grc' dir='ltr'><strong><em>Μουνυχιῶνα,</em></strong></span> <span class='ocrx_word' id='word_1_92' title='bbox 1489 806 1561 851; x_wconf 74' lang='grc' dir='ltr'><strong><em>ὕπ’</em></strong></span> <span class='ocrx_word' id='word_1_93' title='bbox 1586 807 1697 865; x_wconf 76' lang='grc' dir='ltr'><strong><em>ἁφὰς</em></strong></span> 
     </span>
     <span class='ocr_line' id='line_1_11' title="bbox 184 877 1755 935; baseline -0.003 -12"><span class='ocrx_word' id='word_1_94' title='bbox 184 891 217 926; x_wconf 86' lang='grc' dir='ltr'><strong>Ε</strong></span> <span class='ocrx_word' id='word_1_95' title='bbox 240 878 421 935; x_wconf 79' lang='grc' dir='ltr'><strong><em>λύχνων,</em></strong></span> <span class='ocrx_word' id='word_1_96' title='bbox 458 878 574 928; x_wconf 74' lang='grc' dir='ltr'><strong><em>ἐντὸς</em></strong></span> <span class='ocrx_word' id='word_1_97' title='bbox 589 883 663 934; x_wconf 80' lang='grc' dir='ltr'>τῆς</span> <span class='ocrx_word' id='word_1_98' title='bbox 680 877 988 934; x_wconf 83' lang='grc' dir='ltr'><strong><em>μεγαλοπόλεως</em></strong></span> <span class='ocrx_word' id='word_1_99' title='bbox 997 913 1009 932; x_wconf 89' lang='grc'><strong><em>,</em></strong></span> <span class='ocrx_word' id='word_1_100' title='bbox 1047 878 1150 922; x_wconf 85' lang='grc' dir='ltr'><strong><em>ὅπου</em></strong></span> <span class='ocrx_word' id='word_1_101' title='bbox 1168 879 1214 922; x_wconf 83' lang='grc' dir='ltr'>τὸ</span> <span class='ocrx_word' id='word_1_102' title='bbox 1234 883 1309 934; x_wconf 80' lang='grc' dir='ltr'>τῆς</span> <span class='ocrx_word' id='word_1_103' title='bbox 1328 878 1483 934; x_wconf 81' lang='grc' dir='ltr'><strong><em>ἀγορᾶς</em></strong></span> <span class='ocrx_word' id='word_1_104' title='bbox 1498 879 1696 931; x_wconf 84' lang='grc' dir='ltr'><strong><em>μεσαίτα-</em></strong></span> <span class='ocrx_word' id='word_1_105' title='bbox 1707 883 1755 918; x_wconf 88' lang='grc'>10</span> 
     </span>
     <span class='ocr_line' id='line_1_12' title="bbox 229 943 1697 1004; baseline -0.001 -14"><span class='ocrx_word' id='word_1_106' title='bbox 229 966 327 1000; x_wconf 85' lang='grc' dir='ltr'><strong><em>τον,</em></strong></span> <span class='ocrx_word' id='word_1_107' title='bbox 364 948 445 991; x_wconf 79' lang='grc' dir='ltr'><strong><em>ἀπὸ</em></strong></span> <span class='ocrx_word' id='word_1_108' title='bbox 468 951 543 1002; x_wconf 81' lang='grc' dir='ltr'>τῆς</span> <span class='ocrx_word' id='word_1_109' title='bbox 562 952 777 1002; x_wconf 80' lang='grc' dir='ltr'><strong><em>βασιλικῆς</em></strong></span> <span class='ocrx_word' id='word_1_110' title='bbox 801 949 1015 1003; x_wconf 75' lang='grc' dir='ltr'><strong><em>λεγομένης</em></strong></span> <span class='ocrx_word' id='word_1_111' title='bbox 1035 946 1167 1003; x_wconf 73' lang='grc' dir='ltr'><strong><em>πύλης</em></strong></span> <span class='ocrx_word' id='word_1_112' title='bbox 1191 947 1358 1004; x_wconf 76' lang='grc' dir='ltr'><strong><em>ἄρχεται</em></strong></span> <span class='ocrx_word' id='word_1_113' title='bbox 1375 947 1423 990; x_wconf 81' lang='grc' dir='ltr'>τὸ</span> <span class='ocrx_word' id='word_1_114' title='bbox 1447 943 1590 989; x_wconf 83' lang='grc' dir='ltr'><strong><em>δεινόν.</em></strong></span> <span class='ocrx_word' id='word_1_115' title='bbox 1627 946 1697 988; x_wconf 78' lang='grc' dir='ltr'>καὶ</span> 
     </span>
     <span class='ocr_line' id='line_1_13' title="bbox 230 1013 1695 1074; baseline -0.002 -15"><span class='ocrx_word' id='word_1_116' title='bbox 230 1015 366 1059; x_wconf 82' lang='grc' dir='ltr'><strong><em>πάντα</em></strong></span> <span class='ocrx_word' id='word_1_117' title='bbox 393 1016 445 1059; x_wconf 76' lang='grc' dir='ltr'>τὰ</span> <span class='ocrx_word' id='word_1_118' title='bbox 477 1013 610 1074; x_wconf 81' lang='grc' dir='ltr'><strong><em>κύκλῳ</em></strong></span> <span class='ocrx_word' id='word_1_119' title='bbox 643 1017 864 1072; x_wconf 75' lang='grc' dir='ltr'><strong><em>περιλαβὸν</em></strong></span> <span class='ocrx_word' id='word_1_120' title='bbox 883 1017 930 1059; x_wconf 84' lang='grc' dir='ltr'>τὸ</span> <span class='ocrx_word' id='word_1_121' title='bbox 952 1015 1174 1073; x_wconf 76' lang='grc' dir='ltr'><strong><em>παμφάγον</em></strong></span> <span class='ocrx_word' id='word_1_122' title='bbox 1195 1019 1262 1059; x_wconf 79' lang='grc' dir='ltr'>καὶ</span> <span class='ocrx_word' id='word_1_123' title='bbox 1284 1013 1570 1058; x_wconf 78' lang='grc' dir='ltr'><strong><em>ἀνυπόστατον</em></strong></span> <span class='ocrx_word' id='word_1_124' title='bbox 1596 1018 1695 1071; x_wconf 88' lang='grc' dir='ltr'><strong><em>πῦρ,</em></strong></span> 
     </span>
     <span class='ocr_line' id='line_1_14' title="bbox 232 1083 1696 1140; baseline -0.001 -13"><span class='ocrx_word' id='word_1_125' title='bbox 232 1087 360 1135; x_wconf 75' lang='grc' dir='ltr'><strong><em>οἰκίας</em></strong></span> <span class='ocrx_word' id='word_1_126' title='bbox 389 1086 540 1134; x_wconf 78' lang='grc' dir='ltr'><strong><em>ἐκείνας</em></strong></span> <span class='ocrx_word' id='word_1_127' title='bbox 571 1083 816 1139; x_wconf 77' lang='grc' dir='ltr'><strong><em>πληθούσας</em></strong></span> <span class='ocrx_word' id='word_1_128' title='bbox 847 1087 1051 1128; x_wconf 77' lang='grc' dir='ltr'><strong><em>παντοίων</em></strong></span> <span class='ocrx_word' id='word_1_129' title='bbox 1080 1090 1163 1129; x_wconf 86' lang='grc' dir='ltr'>τῶν</span> <span class='ocrx_word' id='word_1_130' title='bbox 1195 1085 1252 1135; x_wconf 76' lang='grc' dir='ltr'><strong><em>εἰς</em></strong></span> <span class='ocrx_word' id='word_1_131' title='bbox 1278 1084 1558 1140; x_wconf 81' lang='grc' dir='ltr'><strong><em>πραγματείαν</em></strong></span> <span class='ocrx_word' id='word_1_132' title='bbox 1578 1085 1696 1126; x_wconf 79' lang='grc' dir='ltr'><strong><em>εἲδῶν</em></strong></span> 
     </span>
     <span class='ocr_line' id='line_1_15' title="bbox 231 1150 1696 1208; baseline -0.002 -12"><span class='ocrx_word' id='word_1_133' title='bbox 231 1154 443 1208; x_wconf 79' lang='grc' dir='ltr'><strong><em>αὐτονυχεὶ</em></strong></span> <span class='ocrx_word' id='word_1_134' title='bbox 471 1150 719 1208; x_wconf 80' lang='grc' dir='ltr'><strong><em>διανεμηθέν</em></strong></span> <span class='ocrx_word' id='word_1_135' title='bbox 747 1151 938 1208; x_wconf 73' lang='grc' dir='ltr'><strong><em>ἦμάθυνε</em></strong></span> <span class='ocrx_word' id='word_1_136' title='bbox 961 1154 1007 1197; x_wconf 81' lang='grc' dir='ltr'>τὸ</span> <span class='ocrx_word' id='word_1_137' title='bbox 1035 1151 1256 1207; x_wconf 76' lang='grc' dir='ltr'><strong><em>παράπαν,</em></strong></span> <span class='ocrx_word' id='word_1_138' title='bbox 1295 1151 1399 1196; x_wconf 85' lang='grc' dir='ltr'><strong><em>ὥστε</em></strong></span> <span class='ocrx_word' id='word_1_139' title='bbox 1427 1153 1494 1194; x_wconf 76' lang='grc' dir='ltr'>καὶ</span> <span class='ocrx_word' id='word_1_140' title='bbox 1517 1150 1696 1208; x_wconf 77' lang='grc' dir='ltr'><strong><em>γυμνοῦς</em></strong></span> 
     </span>
     <span class='ocr_line' id='line_1_16' title="bbox 88 1219 1750 1280; baseline -0.005 -12"><span class='ocrx_word' id='word_1_141' title='bbox 88 1233 119 1267; x_wconf 83' lang='grc' dir='ltr'><strong>Ρ</strong></span> <span class='ocrx_word' id='word_1_142' title='bbox 144 1230 210 1274; x_wconf 72' lang='lat'>119</span> <span class='ocrx_word' id='word_1_143' title='bbox 233 1224 419 1279; x_wconf 74' lang='grc' dir='ltr'><strong><em>ἐκφυγεῖν</em></strong></span> <span class='ocrx_word' id='word_1_144' title='bbox 445 1221 543 1271; x_wconf 76' lang='grc' dir='ltr'><strong><em>τοὺς</em></strong></span> <span class='ocrx_word' id='word_1_145' title='bbox 571 1223 867 1280; x_wconf 74' lang='grc' dir='ltr'><strong><em>ε’νῳκημὲνους,</em></strong></span> <span class='ocrx_word' id='word_1_146' title='bbox 911 1222 969 1277; x_wconf 84' lang='grc' dir='ltr'>μὴ</span> <span class='ocrx_word' id='word_1_147' title='bbox 1000 1221 1062 1266; x_wconf 85' lang='grc' dir='ltr'><strong><em>ὅτι</em></strong></span> <span class='ocrx_word' id='word_1_148' title='bbox 1087 1240 1130 1278; x_wconf 89' lang='grc' dir='ltr'><strong><em>γε</em></strong></span> <span class='ocrx_word' id='word_1_149' title='bbox 1156 1219 1336 1264; x_wconf 79' lang='grc' dir='ltr'><strong><em>πλούτου</em></strong></span> <span class='ocrx_word' id='word_1_150' title='bbox 1367 1222 1434 1264; x_wconf 78' lang='grc' dir='ltr'>καὶ</span> <span class='ocrx_word' id='word_1_151' title='bbox 1461 1221 1695 1276; x_wconf 84' lang='grc' dir='ltr'><strong><em>περιουσίας</em></strong></span> <span class='ocrx_word' id='word_1_152' title='bbox 1706 1224 1750 1260; x_wconf 87' lang='grc'>15</span> 
     </span>
     <span class='ocr_line' id='line_1_17' title="bbox 232 1288 1697 1347; baseline -0.003 -13"><span class='ocrx_word' id='word_1_153' title='bbox 232 1291 338 1334; x_wconf 79' lang='grc' dir='ltr'><strong><em>ἀλλὰ</em></strong></span> <span class='ocrx_word' id='word_1_154' title='bbox 365 1293 433 1334; x_wconf 81' lang='grc' dir='ltr'>καὶ</span> <span class='ocrx_word' id='word_1_155' title='bbox 468 1290 605 1333; x_wconf 78' lang='grc' dir='ltr'><strong><em>αὐτῶν</em></strong></span> <span class='ocrx_word' id='word_1_156' title='bbox 643 1288 904 1345; x_wconf 74' lang='grc' dir='ltr'><strong><em>ἐνδυμάτων,</em></strong></span> <span class='ocrx_word' id='word_1_157' title='bbox 942 1293 1009 1334; x_wconf 79' lang='grc' dir='ltr'>καὶ</span> <span class='ocrx_word' id='word_1_158' title='bbox 1036 1292 1165 1347; x_wconf 75' lang='grc' dir='ltr'><strong><em>μηδὲν</em></strong></span> <span class='ocrx_word' id='word_1_159' title='bbox 1185 1290 1306 1333; x_wconf 74' lang='grc' dir='ltr'><strong><em>πλέον</em></strong></span> <span class='ocrx_word' id='word_1_160' title='bbox 1324 1291 1697 1345; x_wconf 69' lang='grc' dir='ltr'><strong><em>ἐγκαταλειφθῆναι</em></strong></span> 
     </span>
     <span class='ocr_line' id='line_1_18' title="bbox 231 1357 1697 1417; baseline -0.003 -15"><span class='ocrx_word' id='word_1_161' title='bbox 231 1362 390 1417; x_wconf 74' lang='grc' dir='ltr'><strong><em>πρωΐας</em></strong></span> <span class='ocrx_word' id='word_1_162' title='bbox 409 1357 470 1402; x_wconf 84' lang='grc' dir='ltr'><strong><em>ὅτι</em></strong></span> <span class='ocrx_word' id='word_1_163' title='bbox 487 1359 545 1414; x_wconf 81' lang='grc' dir='ltr'>μὴ</span> <span class='ocrx_word' id='word_1_164' title='bbox 563 1357 749 1414; x_wconf 76' lang='grc' dir='ltr'><strong><em>κεράμων</em></strong></span> <span class='ocrx_word' id='word_1_165' title='bbox 770 1357 995 1416; x_wconf 81' lang='grc' dir='ltr'><strong><em>κατεαγότα</em></strong></span> <span class='ocrx_word' id='word_1_166' title='bbox 1014 1360 1196 1415; x_wconf 75' lang='grc' dir='ltr'><strong><em>ὄστρακα</em></strong></span> <span class='ocrx_word' id='word_1_167' title='bbox 1216 1361 1282 1402; x_wconf 84' lang='grc' dir='ltr'>καὶ</span> <span class='ocrx_word' id='word_1_168' title='bbox 1299 1358 1425 1414; x_wconf 79' lang='grc' dir='ltr'><strong><em>ἥλους</em></strong></span> <span class='ocrx_word' id='word_1_169' title='bbox 1443 1359 1582 1415; x_wconf 89' lang='grc' dir='ltr'><strong><em>σφίσιν</em></strong></span> <span class='ocrx_word' id='word_1_170' title='bbox 1597 1358 1697 1399; x_wconf 77' lang='grc' dir='ltr'><strong><em>ἔνει-</em></strong></span> 
     </span>
     <span class='ocr_line' id='line_1_19' title="bbox 231 1424 1695 1482; baseline -0.001 -13"><span class='ocrx_word' id='word_1_171' title='bbox 231 1429 453 1482; x_wconf 77' lang='grc' dir='ltr'><strong><em>λημένους,</em></strong></span> <span class='ocrx_word' id='word_1_172' title='bbox 486 1428 665 1481; x_wconf 77' lang='grc' dir='ltr'><strong><em>ἀφέτους</em></strong></span> <span class='ocrx_word' id='word_1_173' title='bbox 688 1433 771 1468; x_wconf 80' lang='grc' dir='ltr'>τῶν</span> <span class='ocrx_word' id='word_1_174' title='bbox 794 1427 925 1476; x_wconf 78' lang='grc' dir='ltr'><strong><em>ξύλων</em></strong></span> <span class='ocrx_word' id='word_1_175' title='bbox 943 1427 1004 1475; x_wconf 73' lang='grc' dir='ltr'><strong><em>οἷς</em></strong></span> <span class='ocrx_word' id='word_1_176' title='bbox 1023 1430 1257 1481; x_wconf 73' lang='grc' dir='ltr'><strong><em>συνέχοντες</em></strong></span> <span class='ocrx_word' id='word_1_177' title='bbox 1278 1428 1446 1481; x_wconf 74' lang='grc' dir='ltr'><strong><em>εἴχοντο.</em></strong></span> <span class='ocrx_word' id='word_1_178' title='bbox 1501 1426 1572 1468; x_wconf 85' lang='grc' dir='ltr'>καί</span> <span class='ocrx_word' id='word_1_179' title='bbox 1585 1442 1629 1480; x_wconf 85' lang='grc' dir='ltr'><strong><em>γε</em></strong></span> <span class='ocrx_word' id='word_1_180' title='bbox 1645 1424 1695 1467; x_wconf 77' lang='grc' dir='ltr'>τὸ</span> 
     </span>
     <span class='ocr_line' id='line_1_20' title="bbox 229 1491 1696 1551; baseline -0.002 -13"><span class='ocrx_word' id='word_1_181' title='bbox 229 1500 304 1549; x_wconf 81' lang='grc' dir='ltr'>τῆς</span> <span class='ocrx_word' id='word_1_182' title='bbox 322 1494 477 1550; x_wconf 78' lang='grc' dir='ltr'><strong><em>ἀγορᾶς</em></strong></span> <span class='ocrx_word' id='word_1_183' title='bbox 494 1492 642 1542; x_wconf 82' lang='grc' dir='ltr'><strong><em>κάλλος</em></strong></span> <span class='ocrx_word' id='word_1_184' title='bbox 660 1491 715 1542; x_wconf 84' lang='grc' dir='ltr'>ὥς</span> <span class='ocrx_word' id='word_1_185' title='bbox 735 1496 871 1536; x_wconf 78' lang='grc' dir='ltr'><strong><em>πεδίον</em></strong></span> <span class='ocrx_word' id='word_1_186' title='bbox 894 1494 1129 1551; x_wconf 79' lang='grc' dir='ltr'><strong><em>ἀφανισμοῦ</em></strong></span> <span class='ocrx_word' id='word_1_187' title='bbox 1147 1497 1425 1551; x_wconf 82' lang='grc' dir='ltr'><strong><em>κατεφαίνετο.</em></strong></span> <span class='ocrx_word' id='word_1_188' title='bbox 1462 1493 1484 1536; x_wconf 82' lang='grc' dir='ltr'>ὃ</span> <span class='ocrx_word' id='word_1_189' title='bbox 1501 1493 1598 1549; x_wconf 83' lang='grc' dir='ltr'><strong><em>μηδ’</em></strong></span> <span class='ocrx_word' id='word_1_190' title='bbox 1617 1492 1696 1535; x_wconf 81' lang='grc' dir='ltr'>αὖ-</span> 
     </span>
     <span class='ocr_line' id='line_1_21' title="bbox 230 1559 1751 1621; baseline -0.003 -15"><span class='ocrx_word' id='word_1_191' title='bbox 230 1563 302 1606; x_wconf 86' lang='grc' dir='ltr'>τὸν</span> <span class='ocrx_word' id='word_1_192' title='bbox 322 1563 496 1616; x_wconf 78' lang='grc' dir='ltr'><strong><em>βασιλέα</em></strong></span> <span class='ocrx_word' id='word_1_193' title='bbox 516 1561 650 1604; x_wconf 82' lang='grc' dir='ltr'><strong><em>λαθὸν</em></strong></span> <span class='ocrx_word' id='word_1_194' title='bbox 670 1565 728 1620; x_wconf 78' lang='grc' dir='ltr'>τῷ</span> <span class='ocrx_word' id='word_1_195' title='bbox 747 1565 960 1621; x_wconf 81' lang='grc' dir='ltr'><strong><em>Νυμφαίῳ</em></strong></span> <span class='ocrx_word' id='word_1_196' title='bbox 979 1564 1286 1618; x_wconf 75' lang='grc' dir='ltr'><strong><em>ἐνδιατρίβοντα</em></strong></span> <span class='ocrx_word' id='word_1_197' title='bbox 1307 1564 1431 1605; x_wconf 73' lang='grc' dir='ltr'><strong><em>ἐποίει</em></strong></span> <span class='ocrx_word' id='word_1_198' title='bbox 1449 1559 1690 1616; x_wconf 78' lang='grc' dir='ltr'><strong><em>θαυμάζειν,</em></strong></span> <span class='ocrx_word' id='word_1_199' title='bbox 1703 1567 1751 1603; x_wconf 79' lang='grc'>20</span> 
     </span>
     <span class='ocr_line' id='line_1_22' title="bbox 177 1627 1691 1688; baseline -0.001 -14"><span class='ocrx_word' id='word_1_200' title='bbox 177 1640 206 1674; x_wconf 87' lang='grc' dir='ltr'><strong>Β</strong></span> <span class='ocrx_word' id='word_1_201' title='bbox 231 1633 297 1674; x_wconf 81' lang='grc' dir='ltr'>καὶ</span> <span class='ocrx_word' id='word_1_202' title='bbox 326 1630 395 1688; x_wconf 74' lang='grc' dir='ltr'>ἐφ’</span> <span class='ocrx_word' id='word_1_203' title='bbox 427 1628 598 1687; x_wconf 67' lang='grc' dir='ltr'><strong><em>ἡμέραις</em></strong></span> <span class='ocrx_word' id='word_1_204' title='bbox 629 1631 780 1685; x_wconf 77' lang='grc' dir='ltr'><strong><em>ζητεῖν,</em></strong></span> <span class='ocrx_word' id='word_1_205' title='bbox 827 1631 868 1673; x_wconf 81' lang='grc' dir='ltr'><strong><em>εἴ</em></strong></span> <span class='ocrx_word' id='word_1_206' title='bbox 897 1629 976 1674; x_wconf 85' lang='grc' dir='ltr'>πού</span> <span class='ocrx_word' id='word_1_207' title='bbox 1008 1648 1069 1681; x_wconf 83' lang='grc' dir='ltr'><strong><em>τις</em></strong></span> <span class='ocrx_word' id='word_1_208' title='bbox 1100 1631 1379 1684; x_wconf 84' lang='grc' dir='ltr'><strong><em>Βυζαντίοθεν</em></strong></span> <span class='ocrx_word' id='word_1_209' title='bbox 1415 1627 1691 1688; x_wconf 77' lang='grc' dir='ltr'><strong><em>παραβάλλοι,</em></strong></span> 
     </span>
    </p>
   </div>
   <div class='ocr_carea' id='block_1_3' title="bbox 230 1828 1695 2839">
    <p class='ocr_par' dir='ltr' id='par_1_3' title="bbox 230 1828 1695 2106">
     <span class='ocr_line' id='line_1_23' title="bbox 231 1828 1694 1876; baseline -0.002 -10"><span class='ocrx_word' id='word_1_210' title='bbox 231 1829 409 1876; x_wconf 76' lang='lat' dir='ltr'>expediret</span> <span class='ocrx_word' id='word_1_211' title='bbox 431 1829 475 1865; x_wconf 88' lang='lat' dir='ltr'>ad</span> <span class='ocrx_word' id='word_1_212' title='bbox 499 1830 644 1875; x_wconf 88' lang='lat' dir='ltr'>quietem</span> <span class='ocrx_word' id='word_1_213' title='bbox 668 1830 744 1876; x_wconf 85' lang='lat' dir='ltr'>plus</span> <span class='ocrx_word' id='word_1_214' title='bbox 767 1829 851 1865; x_wconf 83' lang='lat' dir='ltr'>satis</span> <span class='ocrx_word' id='word_1_215' title='bbox 875 1830 1012 1865; x_wconf 77' lang='lat' dir='ltr'>aliunde</span> <span class='ocrx_word' id='word_1_216' title='bbox 1041 1830 1245 1865; x_wconf 80' lang='lat' dir='ltr'>iactatamm</span> <span class='ocrx_word' id='word_1_217' title='bbox 1275 1829 1440 1865; x_wconf 86' lang='lat' dir='ltr'>ecclesiae</span> <span class='ocrx_word' id='word_1_218' title='bbox 1461 1840 1504 1865; x_wconf 80' lang='lat' dir='ltr'>ac</span> <span class='ocrx_word' id='word_1_219' title='bbox 1525 1828 1694 1875; x_wconf 79' lang='lat' dir='ltr'>reipubli-</span> 
     </span>
     <span class='ocr_line' id='line_1_24' title="bbox 232 1875 1695 1922; baseline -0.001 -12"><span class='ocrx_word' id='word_1_220' title='bbox 232 1888 303 1911; x_wconf 90' lang='lat' dir='ltr'>cae.</span> <span class='ocrx_word' id='word_1_221' title='bbox 351 1888 458 1922; x_wconf 89' lang='lat' dir='ltr'>quare</span> <span class='ocrx_word' id='word_1_222' title='bbox 492 1876 577 1910; x_wconf 88' lang='lat' dir='ltr'>satis</span> <span class='ocrx_word' id='word_1_223' title='bbox 609 1877 728 1910; x_wconf 89' lang='lat' dir='ltr'>habuit</span> <span class='ocrx_word' id='word_1_224' title='bbox 759 1877 832 1911; x_wconf 91' lang='lat' dir='ltr'>sine</span> <span class='ocrx_word' id='word_1_225' title='bbox 861 1877 1008 1922; x_wconf 88' lang='lat' dir='ltr'>strepitu</span> <span class='ocrx_word' id='word_1_226' title='bbox 1033 1877 1305 1922; x_wconf 84' lang='lat' dir='ltr'>expatriarcham</span> <span class='ocrx_word' id='word_1_227' title='bbox 1329 1875 1468 1922; x_wconf 82' lang='lat' dir='ltr'>proprio</span> <span class='ocrx_word' id='word_1_228' title='bbox 1490 1886 1609 1910; x_wconf 82' lang='lat' dir='ltr'>rursus</span> <span class='ocrx_word' id='word_1_229' title='bbox 1631 1886 1695 1909; x_wconf 87' lang='lat' dir='ltr'>no-</span> 
     </span>
     <span class='ocr_line' id='line_1_25' title="bbox 234 1921 1694 1965; baseline -0.001 -8"><span class='ocrx_word' id='word_1_230' title='bbox 234 1927 353 1958; x_wconf 85' lang='lat' dir='ltr'>cturna</span> <span class='ocrx_word' id='word_1_231' title='bbox 376 1923 576 1957; x_wconf 91' lang='lat' dir='ltr'>deductione</span> <span class='ocrx_word' id='word_1_232' title='bbox 598 1923 774 1957; x_wconf 82' lang='lat' dir='ltr'>recludere</span> <span class='ocrx_word' id='word_1_233' title='bbox 796 1923 1023 1965; x_wconf 86' lang='lat' dir='ltr'>monasterio,</span> <span class='ocrx_word' id='word_1_234' title='bbox 1053 1923 1112 1957; x_wconf 91' lang='lat' dir='ltr'>ubi</span> <span class='ocrx_word' id='word_1_235' title='bbox 1136 1935 1210 1957; x_wconf 87' lang='lat' dir='ltr'>cum</span> <span class='ocrx_word' id='word_1_236' title='bbox 1234 1923 1310 1957; x_wconf 87' lang='lat' dir='ltr'>aliis</span> <span class='ocrx_word' id='word_1_237' title='bbox 1337 1921 1560 1956; x_wconf 74' lang='lat' dir='ltr'>familiaribus</span> <span class='ocrx_word' id='word_1_238' title='bbox 1582 1921 1694 1956; x_wconf 84' lang='lat' dir='ltr'>multis</span> 
     </span>
     <span class='ocr_line' id='line_1_26' title="bbox 230 1969 1694 2014; baseline -0.001 -12"><span class='ocrx_word' id='word_1_239' title='bbox 230 1969 415 2003; x_wconf 79' lang='lat' dir='ltr'>asceticam</span> <span class='ocrx_word' id='word_1_240' title='bbox 448 1980 511 2014; x_wconf 87' lang='lat' dir='ltr'>per</span> <span class='ocrx_word' id='word_1_241' title='bbox 540 1969 645 2003; x_wconf 89' lang='lat' dir='ltr'>otium</span> <span class='ocrx_word' id='word_1_242' title='bbox 673 1969 763 2002; x_wconf 90' lang='lat' dir='ltr'>nullo</span> <span class='ocrx_word' id='word_1_243' title='bbox 795 1969 1032 2014; x_wconf 85' lang='lat' dir='ltr'>interpellante</span> <span class='ocrx_word' id='word_1_244' title='bbox 1067 1969 1277 2003; x_wconf 83' lang='lat' dir='ltr'>exerciturus</span> <span class='ocrx_word' id='word_1_245' title='bbox 1299 1980 1404 2014; x_wconf 86' lang='lat' dir='ltr'>porro</span> <span class='ocrx_word' id='word_1_246' title='bbox 1429 1972 1522 2002; x_wconf 90' lang='lat' dir='ltr'>esset</span> <span class='ocrx_word' id='word_1_247' title='bbox 1545 1979 1608 2013; x_wconf 86' lang='lat' dir='ltr'>pro</span> <span class='ocrx_word' id='word_1_248' title='bbox 1631 1978 1694 2002; x_wconf 89' lang='lat' dir='ltr'>suo</span> 
     </span>
     <span class='ocr_line' id='line_1_27' title="bbox 230 2013 1694 2062; baseline 0 -15"><span class='ocrx_word' id='word_1_249' title='bbox 230 2025 324 2048; x_wconf 90' lang='lat' dir='ltr'>more</span> <span class='ocrx_word' id='word_1_250' title='bbox 345 2014 568 2060; x_wconf 80' lang='lat' dir='ltr'>disciplinam.</span> <span class='ocrx_word' id='word_1_251' title='bbox 614 2015 784 2060; x_wconf 88' lang='lat' dir='ltr'>episcopis</span> <span class='ocrx_word' id='word_1_252' title='bbox 805 2026 889 2050; x_wconf 84' lang='lat' dir='ltr'>vero</span> <span class='ocrx_word' id='word_1_253' title='bbox 912 2014 1078 2050; x_wconf 87' lang='lat' dir='ltr'>commisit</span> <span class='ocrx_word' id='word_1_254' title='bbox 1105 2015 1356 2062; x_wconf 83' lang='lat' dir='ltr'>inquisitionem</span> <span class='ocrx_word' id='word_1_255' title='bbox 1377 2014 1490 2049; x_wconf 88' lang='lat' dir='ltr'>idonei</span> <span class='ocrx_word' id='word_1_256' title='bbox 1511 2013 1572 2060; x_wconf 85' lang='lat' dir='ltr'>qni</span> <span class='ocrx_word' id='word_1_257' title='bbox 1591 2024 1694 2060; x_wconf 80' lang='lat' dir='ltr'>prae-</span> 
     </span>
     <span class='ocr_line' id='line_1_28' title="bbox 230 2060 781 2106; baseline 0.002 -12"><span class='ocrx_word' id='word_1_258' title='bbox 230 2060 392 2094; x_wconf 83' lang='lat' dir='ltr'>ficeretur</span> <span class='ocrx_word' id='word_1_259' title='bbox 415 2061 580 2095; x_wconf 86' lang='lat' dir='ltr'>ecclesiae</span> <span class='ocrx_word' id='word_1_260' title='bbox 604 2061 781 2106; x_wconf 79' lang='lat' dir='ltr'>praesulis.</span> 
     </span>
    </p>

    <p class='ocr_par' dir='ltr' id='par_1_4' title="bbox 230 2105 1695 2839">
     <span class='ocr_line' id='line_1_29' title="bbox 323 2105 1694 2152; baseline -0.001 -12"><span class='ocrx_word' id='word_1_261' title='bbox 323 2106 379 2140; x_wconf 73' lang='lat'>25.</span> <span class='ocrx_word' id='word_1_262' title='bbox 427 2107 566 2140; x_wconf 90' lang='lat' dir='ltr'>Duobus</span> <span class='ocrx_word' id='word_1_263' title='bbox 587 2107 781 2152; x_wconf 82' lang='lat' dir='ltr'>priusquam</span> <span class='ocrx_word' id='word_1_264' title='bbox 803 2106 888 2140; x_wconf 85' lang='lat' dir='ltr'>haec</span> <span class='ocrx_word' id='word_1_265' title='bbox 909 2106 1042 2149; x_wconf 82' lang='lat' dir='ltr'>fierent,</span> <span class='ocrx_word' id='word_1_266' title='bbox 1066 2106 1163 2141; x_wconf 89' lang='lat' dir='ltr'>annis</span> <span class='ocrx_word' id='word_1_267' title='bbox 1184 2105 1329 2151; x_wconf 79' lang='lat' dir='ltr'>contigit</span> <span class='ocrx_word' id='word_1_268' title='bbox 1349 2106 1540 2140; x_wconf 80' lang='lat' dir='ltr'>incendium</span> <span class='ocrx_word' id='word_1_269' title='bbox 1556 2105 1593 2140; x_wconf 86' lang='lat' dir='ltr'>in</span> <span class='ocrx_word' id='word_1_270' title='bbox 1607 2105 1694 2140; x_wconf 83' lang='lat' dir='ltr'>urbe</span> 
     </span>
     <span class='ocr_line' id='line_1_30' title="bbox 232 2151 1694 2198; baseline -0.001 -12"><span class='ocrx_word' id='word_1_271' title='bbox 232 2151 299 2186; x_wconf 84' lang='lat' dir='ltr'>fori</span> <span class='ocrx_word' id='word_1_272' title='bbox 329 2152 454 2196; x_wconf 81' lang='lat' dir='ltr'>magni.</span> <span class='ocrx_word' id='word_1_273' title='bbox 499 2153 614 2187; x_wconf 85' lang='lat' dir='ltr'>omitto</span> <span class='ocrx_word' id='word_1_274' title='bbox 646 2153 782 2187; x_wconf 87' lang='lat' dir='ltr'>interim</span> <span class='ocrx_word' id='word_1_275' title='bbox 815 2153 881 2187; x_wconf 92' lang='lat' dir='ltr'>duo</span> <span class='ocrx_word' id='word_1_276' title='bbox 911 2153 980 2187; x_wconf 90' lang='lat' dir='ltr'>alia</span> <span class='ocrx_word' id='word_1_277' title='bbox 1010 2152 1167 2188; x_wconf 86' lang='lat' dir='ltr'>incendia.</span> <span class='ocrx_word' id='word_1_278' title='bbox 1201 2164 1290 2198; x_wconf 82' lang='lat' dir='ltr'>quae</span> <span class='ocrx_word' id='word_1_279' title='bbox 1321 2153 1412 2198; x_wconf 76' lang='lat' dir='ltr'>apud</span> <span class='ocrx_word' id='word_1_280' title='bbox 1434 2151 1694 2186; x_wconf 77' lang='lat' dir='ltr'>transmarinum</span> 
     </span>
     <span class='ocr_line' id='line_1_31' title="bbox 233 2197 1694 2243; baseline -0.001 -11"><span class='ocrx_word' id='word_1_281' title='bbox 233 2198 428 2232; x_wconf 80' lang='lat' dir='ltr'>suburbium</span> <span class='ocrx_word' id='word_1_282' title='bbox 469 2199 628 2232; x_wconf 83' lang='lat' dir='ltr'>Galatam</span> <span class='ocrx_word' id='word_1_283' title='bbox 668 2199 840 2243; x_wconf 82' lang='lat' dir='ltr'>Gregorio</span> <span class='ocrx_word' id='word_1_284' title='bbox 873 2198 1142 2242; x_wconf 82' lang='lat' dir='ltr'>patriarchatum</span> <span class='ocrx_word' id='word_1_285' title='bbox 1179 2201 1320 2243; x_wconf 79' lang='lat' dir='ltr'>gerente</span> <span class='ocrx_word' id='word_1_286' title='bbox 1351 2197 1556 2236; x_wconf 81' lang='lat' dir='ltr'>acciderant.</span> <span class='ocrx_word' id='word_1_287' title='bbox 1602 2197 1694 2231; x_wconf 75' lang='lat' dir='ltr'>cirea</span> 
     </span>
     <span class='ocr_line' id='line_1_32' title="bbox 232 2242 1694 2290; baseline -0.001 -13"><span class='ocrx_word' id='word_1_288' title='bbox 232 2243 376 2277; x_wconf 89' lang='lat' dir='ltr'>medium</span> <span class='ocrx_word' id='word_1_289' title='bbox 395 2243 497 2286; x_wconf 86' lang='lat' dir='ltr'>igitur</span> <span class='ocrx_word' id='word_1_290' title='bbox 520 2244 766 2286; x_wconf 87' lang='lat' dir='ltr'>Novembrem‚</span> <span class='ocrx_word' id='word_1_291' title='bbox 786 2245 849 2279; x_wconf 88' lang='lat' dir='ltr'>sub</span> <span class='ocrx_word' id='word_1_292' title='bbox 872 2250 1005 2289; x_wconf 85' lang='lat' dir='ltr'>tempus</span> <span class='ocrx_word' id='word_1_293' title='bbox 1027 2245 1108 2280; x_wconf 84' lang='lat' dir='ltr'>illud</span> <span class='ocrx_word' id='word_1_294' title='bbox 1130 2255 1295 2290; x_wconf 77' lang='lat' dir='ltr'>vesperae</span> <span class='ocrx_word' id='word_1_295' title='bbox 1317 2255 1384 2287; x_wconf 87' lang='lat' dir='ltr'>quo</span> <span class='ocrx_word' id='word_1_296' title='bbox 1406 2242 1522 2288; x_wconf 83' lang='lat' dir='ltr'>primis</span> <span class='ocrx_word' id='word_1_297' title='bbox 1543 2242 1694 2276; x_wconf 79' lang='lat' dir='ltr'>tenebris</span> 
     </span>
     <span class='ocr_line' id='line_1_33' title="bbox 232 2286 1694 2336; baseline -0.001 -14"><span class='ocrx_word' id='word_1_298' title='bbox 232 2289 460 2323; x_wconf 84' lang='lat' dir='ltr'>accenduntur</span> <span class='ocrx_word' id='word_1_299' title='bbox 481 2290 583 2331; x_wconf 81' lang='lat' dir='ltr'>faces,</span> <span class='ocrx_word' id='word_1_300' title='bbox 603 2290 694 2324; x_wconf 88' lang='lat' dir='ltr'>intra</span> <span class='ocrx_word' id='word_1_301' title='bbox 709 2302 861 2334; x_wconf 82' lang='lat' dir='ltr'>magnam</span> <span class='ocrx_word' id='word_1_302' title='bbox 883 2291 1068 2333; x_wconf 86' lang='lat' dir='ltr'>civitatem,</span> <span class='ocrx_word' id='word_1_303' title='bbox 1090 2291 1165 2336; x_wconf 87' lang='lat' dir='ltr'>ipso</span> <span class='ocrx_word' id='word_1_304' title='bbox 1187 2290 1222 2324; x_wconf 90' lang='lat' dir='ltr'>in</span> <span class='ocrx_word' id='word_1_305' title='bbox 1244 2288 1427 2323; x_wconf 88' lang='lat' dir='ltr'>meditullio</span> <span class='ocrx_word' id='word_1_306' title='bbox 1449 2286 1535 2327; x_wconf 73' lang='lat' dir='ltr'>fon-i„</span> <span class='ocrx_word' id='word_1_307' title='bbox 1549 2299 1571 2321; x_wconf 76' lang='lat' dir='ltr'>a</span> <span class='ocrx_word' id='word_1_308' title='bbox 1592 2291 1694 2332; x_wconf 86' lang='lat' dir='ltr'>porta</span> 
     </span>
     <span class='ocr_line' id='line_1_34' title="bbox 232 2333 1695 2380; baseline -0.001 -12"><span class='ocrx_word' id='word_1_309' title='bbox 232 2346 323 2380; x_wconf 85' lang='lat' dir='ltr'>quae</span> <span class='ocrx_word' id='word_1_310' title='bbox 344 2335 439 2378; x_wconf 87' lang='lat' dir='ltr'>regia</span> <span class='ocrx_word' id='word_1_311' title='bbox 463 2335 609 2377; x_wconf 88' lang='lat' dir='ltr'>dicitur,</span> <span class='ocrx_word' id='word_1_312' title='bbox 630 2337 751 2370; x_wconf 87' lang='lat' dir='ltr'>malum</span> <span class='ocrx_word' id='word_1_313' title='bbox 775 2340 927 2370; x_wconf 79' lang='lat' dir='ltr'>exortum</span> <span class='ocrx_word' id='word_1_314' title='bbox 951 2341 1015 2371; x_wconf 89' lang='lat' dir='ltr'>est.</span> <span class='ocrx_word' id='word_1_315' title='bbox 1060 2337 1141 2370; x_wconf 89' lang='lat' dir='ltr'>inde</span> <span class='ocrx_word' id='word_1_316' title='bbox 1165 2335 1276 2370; x_wconf 86' lang='lat' dir='ltr'>omnia</span> <span class='ocrx_word' id='word_1_317' title='bbox 1298 2345 1362 2380; x_wconf 84' lang='lat' dir='ltr'>pet</span> <span class='ocrx_word' id='word_1_318' title='bbox 1386 2333 1562 2368; x_wconf 85' lang='lat' dir='ltr'>circuitum</span> <span class='ocrx_word' id='word_1_319' title='bbox 1583 2333 1695 2367; x_wconf 85' lang='lat' dir='ltr'>corri-</span> 
     </span>
     <span class='ocr_line' id='line_1_35' title="bbox 233 2379 1693 2427; baseline -0.001 -13"><span class='ocrx_word' id='word_1_320' title='bbox 233 2380 351 2426; x_wconf 86' lang='lat' dir='ltr'>piens,</span> <span class='ocrx_word' id='word_1_321' title='bbox 383 2380 591 2414; x_wconf 81' lang='lat' dir='ltr'>ineluctabili</span> <span class='ocrx_word' id='word_1_322' title='bbox 621 2393 723 2415; x_wconf 85' lang='lat' dir='ltr'>ruens</span> <span class='ocrx_word' id='word_1_323' title='bbox 755 2381 882 2427; x_wconf 89' lang='lat' dir='ltr'>impetu</span> <span class='ocrx_word' id='word_1_324' title='bbox 910 2394 1019 2416; x_wconf 87' lang='lat' dir='ltr'>vorax</span> <span class='ocrx_word' id='word_1_325' title='bbox 1040 2382 1147 2426; x_wconf 85' lang='lat' dir='ltr'>ignis,</span> <span class='ocrx_word' id='word_1_326' title='bbox 1179 2381 1294 2415; x_wconf 89' lang='lat' dir='ltr'>domos</span> <span class='ocrx_word' id='word_1_327' title='bbox 1316 2379 1393 2413; x_wconf 86' lang='lat' dir='ltr'>illas</span> <span class='ocrx_word' id='word_1_328' title='bbox 1415 2379 1561 2413; x_wconf 83' lang='lat' dir='ltr'>refertas</span> <span class='ocrx_word' id='word_1_329' title='bbox 1584 2379 1693 2414; x_wconf 81' lang='lat' dir='ltr'>omnis</span> 
     </span>
     <span class='ocr_line' id='line_1_36' title="bbox 233 2424 1691 2472; baseline -0.001 -13"><span class='ocrx_word' id='word_1_330' title='bbox 233 2426 369 2471; x_wconf 86' lang='lat' dir='ltr'>generis</span> <span class='ocrx_word' id='word_1_331' title='bbox 399 2426 559 2460; x_wconf 86' lang='lat' dir='ltr'>mercium</span> <span class='ocrx_word' id='word_1_332' title='bbox 593 2426 667 2471; x_wconf 83' lang='lat' dir='ltr'>ipsa</span> <span class='ocrx_word' id='word_1_333' title='bbox 696 2433 796 2461; x_wconf 80' lang='lat' dir='ltr'>nocte</span> <span class='ocrx_word' id='word_1_334' title='bbox 827 2428 1005 2461; x_wconf 77' lang='lat' dir='ltr'>absumens</span> <span class='ocrx_word' id='word_1_335' title='bbox 1029 2428 1127 2472; x_wconf 87' lang='lat' dir='ltr'>plane</span> <span class='ocrx_word' id='word_1_336' title='bbox 1148 2426 1283 2470; x_wconf 84' lang='lat' dir='ltr'>redegit</span> <span class='ocrx_word' id='word_1_337' title='bbox 1304 2425 1339 2458; x_wconf 92' lang='lat' dir='ltr'>in</span> <span class='ocrx_word' id='word_1_338' title='bbox 1363 2424 1516 2468; x_wconf 86' lang='lat' dir='ltr'>cineres,</span> <span class='ocrx_word' id='word_1_339' title='bbox 1551 2428 1590 2458; x_wconf 92' lang='lat' dir='ltr'>ut</span> <span class='ocrx_word' id='word_1_340' title='bbox 1611 2424 1691 2459; x_wconf 88' lang='lat' dir='ltr'>nudi</span> 
     </span>
     <span class='ocr_line' id='line_1_37' title="bbox 233 2470 1691 2516; baseline -0.001 -10"><span class='ocrx_word' id='word_1_341' title='bbox 233 2471 426 2516; x_wconf 85' lang='lat' dir='ltr'>effugerent</span> <span class='ocrx_word' id='word_1_342' title='bbox 458 2472 516 2516; x_wconf 91' lang='lat' dir='ltr'>qui</span> <span class='ocrx_word' id='word_1_343' title='bbox 545 2471 616 2505; x_wconf 90' lang='lat' dir='ltr'>illic</span> <span class='ocrx_word' id='word_1_344' title='bbox 645 2472 863 2516; x_wconf 83' lang='lat' dir='ltr'>habitabant,</span> <span class='ocrx_word' id='word_1_345' title='bbox 894 2473 974 2506; x_wconf 86' lang='lat' dir='ltr'>nudi</span> <span class='ocrx_word' id='word_1_346' title='bbox 997 2479 1109 2506; x_wconf 84' lang='lat' dir='ltr'>autem</span> <span class='ocrx_word' id='word_1_347' title='bbox 1133 2484 1198 2506; x_wconf 91' lang='lat' dir='ltr'>non</span> <span class='ocrx_word' id='word_1_348' title='bbox 1221 2470 1348 2505; x_wconf 88' lang='lat' dir='ltr'>divitiis</span> <span class='ocrx_word' id='word_1_349' title='bbox 1369 2470 1475 2504; x_wconf 90' lang='lat' dir='ltr'>solum</span> <span class='ocrx_word' id='word_1_350' title='bbox 1497 2472 1533 2504; x_wconf 91' lang='lat' dir='ltr'>et</span> <span class='ocrx_word' id='word_1_351' title='bbox 1555 2474 1691 2512; x_wconf 83' lang='lat' dir='ltr'>ornatu,</span> 
     </span>
     <span class='ocr_line' id='line_1_38' title="bbox 231 2515 1691 2563; baseline -0.001 -11"><span class='ocrx_word' id='word_1_352' title='bbox 231 2517 294 2552; x_wconf 89' lang='lat' dir='ltr'>sed</span> <span class='ocrx_word' id='word_1_353' title='bbox 316 2517 403 2563; x_wconf 85' lang='lat' dir='ltr'>ipsis</span> <span class='ocrx_word' id='word_1_354' title='bbox 425 2517 558 2562; x_wconf 87' lang='lat' dir='ltr'>corpori</span> <span class='ocrx_word' id='word_1_355' title='bbox 588 2519 733 2562; x_wconf 82' lang='lat' dir='ltr'>tegendo</span> <span class='ocrx_word' id='word_1_356' title='bbox 765 2518 965 2552; x_wconf 83' lang='lat' dir='ltr'>necessariis</span> <span class='ocrx_word' id='word_1_357' title='bbox 994 2519 1166 2558; x_wconf 82' lang='lat' dir='ltr'>vestibus,</span> <span class='ocrx_word' id='word_1_358' title='bbox 1198 2517 1348 2561; x_wconf 86' lang='lat' dir='ltr'>nihilque</span> <span class='ocrx_word' id='word_1_359' title='bbox 1377 2515 1453 2560; x_wconf 87' lang='lat' dir='ltr'>plus</span> <span class='ocrx_word' id='word_1_360' title='bbox 1481 2527 1580 2550; x_wconf 86' lang='lat' dir='ltr'>mane</span> <span class='ocrx_word' id='word_1_361' title='bbox 1607 2515 1691 2550; x_wconf 85' lang='lat' dir='ltr'>reli-</span> 
     </span>
     <span class='ocr_line' id='line_1_39' title="bbox 232 2560 1691 2609; baseline -0.001 -12"><span class='ocrx_word' id='word_1_362' title='bbox 232 2574 335 2609; x_wconf 88' lang='lat' dir='ltr'>quum</span> <span class='ocrx_word' id='word_1_363' title='bbox 363 2568 561 2597; x_wconf 83' lang='lat' dir='ltr'>cerneretur</span> <span class='ocrx_word' id='word_1_364' title='bbox 589 2575 688 2608; x_wconf 86' lang='lat' dir='ltr'>quam</span> <span class='ocrx_word' id='word_1_365' title='bbox 721 2567 834 2597; x_wconf 85' lang='lat' dir='ltr'>testae</span> <span class='ocrx_word' id='word_1_366' title='bbox 862 2565 1043 2597; x_wconf 78' lang='lat' dir='ltr'>fractorum</span> <span class='ocrx_word' id='word_1_367' title='bbox 1075 2564 1216 2597; x_wconf 88' lang='lat' dir='ltr'>laterum</span> <span class='ocrx_word' id='word_1_368' title='bbox 1239 2565 1275 2596; x_wconf 89' lang='lat' dir='ltr'>et</span> <span class='ocrx_word' id='word_1_369' title='bbox 1297 2561 1387 2596; x_wconf 81' lang='lat' dir='ltr'>clavi</span> <span class='ocrx_word' id='word_1_370' title='bbox 1409 2560 1467 2607; x_wconf 89' lang='lat' dir='ltr'>qui</span> <span class='ocrx_word' id='word_1_371' title='bbox 1490 2561 1625 2596; x_wconf 85' lang='lat' dir='ltr'>tabulas</span> <span class='ocrx_word' id='word_1_372' title='bbox 1647 2573 1691 2596; x_wconf 84' lang='lat' dir='ltr'>ac</span> 
     </span>
     <span class='ocr_line' id='line_1_40' title="bbox 232 2606 1690 2654; baseline -0.003 -10"><span class='ocrx_word' id='word_1_373' title='bbox 232 2609 330 2654; x_wconf 86' lang='lat' dir='ltr'>tigna</span> <span class='ocrx_word' id='word_1_374' title='bbox 353 2609 598 2649; x_wconf 83' lang='lat' dir='ltr'>commiserant,</span> <span class='ocrx_word' id='word_1_375' title='bbox 620 2610 755 2642; x_wconf 72' lang='lat' dir='ltr'>ferreae</span> <span class='ocrx_word' id='word_1_376' title='bbox 777 2608 939 2642; x_wconf 86' lang='lat' dir='ltr'>materiae</span> <span class='ocrx_word' id='word_1_377' title='bbox 962 2609 1139 2653; x_wconf 84' lang='lat' dir='ltr'>privilegio</span> <span class='ocrx_word' id='word_1_378' title='bbox 1156 2619 1177 2642; x_wconf 91' lang='lat' dir='ltr'>a</span> <span class='ocrx_word' id='word_1_379' title='bbox 1196 2607 1234 2641; x_wconf 83' lang='lat' dir='ltr'>vi</span> <span class='ocrx_word' id='word_1_380' title='bbox 1248 2607 1403 2642; x_wconf 86' lang='lat' dir='ltr'>flammae</span> <span class='ocrx_word' id='word_1_381' title='bbox 1417 2607 1557 2651; x_wconf 80' lang='lat' dir='ltr'>servati,</span> <span class='ocrx_word' id='word_1_382' title='bbox 1580 2606 1690 2653; x_wconf 78' lang='lat' dir='ltr'>priori</span> 
     </span>
     <span class='ocr_line' id='line_1_41' title="bbox 233 2652 1692 2700; baseline -0.003 -10"><span class='ocrx_word' id='word_1_383' title='bbox 233 2655 324 2690; x_wconf 89' lang='lat' dir='ltr'>omni</span> <span class='ocrx_word' id='word_1_384' title='bbox 350 2655 467 2700; x_wconf 75' lang='lat' dir='ltr'>specie</span> <span class='ocrx_word' id='word_1_385' title='bbox 495 2654 632 2698; x_wconf 86' lang='lat' dir='ltr'>plateae</span> <span class='ocrx_word' id='word_1_386' title='bbox 652 2654 743 2688; x_wconf 88' lang='lat' dir='ltr'>illius</span> <span class='ocrx_word' id='word_1_387' title='bbox 763 2654 1009 2699; x_wconf 85' lang='lat' dir='ltr'>pulcherrimae</span> <span class='ocrx_word' id='word_1_388' title='bbox 1029 2654 1063 2688; x_wconf 92' lang='lat' dir='ltr'>in</span> <span class='ocrx_word' id='word_1_389' title='bbox 1087 2665 1240 2700; x_wconf 83' lang='lat' dir='ltr'>campum</span> <span class='ocrx_word' id='word_1_390' title='bbox 1270 2652 1405 2687; x_wconf 86' lang='lat' dir='ltr'>informi</span> <span class='ocrx_word' id='word_1_391' title='bbox 1428 2653 1587 2697; x_wconf 84' lang='lat' dir='ltr'>congerie</span> <span class='ocrx_word' id='word_1_392' title='bbox 1610 2664 1692 2687; x_wconf 86' lang='lat' dir='ltr'>con-</span> 
     </span>
     <span class='ocr_line' id='line_1_42' title="bbox 230 2697 1692 2746; baseline -0.003 -10"><span class='ocrx_word' id='word_1_393' title='bbox 230 2704 374 2736; x_wconf 81' lang='lat' dir='ltr'>stratum</span> <span class='ocrx_word' id='word_1_394' title='bbox 395 2700 438 2735; x_wconf 88' lang='lat' dir='ltr'>ad</span> <span class='ocrx_word' id='word_1_395' title='bbox 461 2700 605 2744; x_wconf 83' lang='lat' dir='ltr'>lugubre</span> <span class='ocrx_word' id='word_1_396' title='bbox 635 2699 864 2745; x_wconf 82' lang='lat' dir='ltr'>spectaculum</span> <span class='ocrx_word' id='word_1_397' title='bbox 887 2711 1060 2734; x_wconf 85' lang='lat' dir='ltr'>conversa.</span> <span class='ocrx_word' id='word_1_398' title='bbox 1106 2699 1141 2734; x_wconf 90' lang='lat' dir='ltr'>id</span> <span class='ocrx_word' id='word_1_399' title='bbox 1163 2699 1253 2746; x_wconf 86' lang='lat' dir='ltr'>quod</span> <span class='ocrx_word' id='word_1_400' title='bbox 1278 2698 1476 2744; x_wconf 83' lang='lat' dir='ltr'>imperatori</span> <span class='ocrx_word' id='word_1_401' title='bbox 1497 2697 1692 2744; x_wconf 80' lang='lat' dir='ltr'>Nymphaei</span> 
     </span>
     <span class='ocr_line' id='line_1_43' title="bbox 230 2744 1692 2791; baseline -0.002 -10"><span class='ocrx_word' id='word_1_402' title='bbox 230 2751 313 2781; x_wconf 90' lang='lat' dir='ltr'>tunc</span> <span class='ocrx_word' id='word_1_403' title='bbox 331 2745 470 2791; x_wconf 83' lang='lat' dir='ltr'>degenti</span> <span class='ocrx_word' id='word_1_404' title='bbox 491 2745 680 2780; x_wconf 87' lang='lat' dir='ltr'>nuntiatum</span> <span class='ocrx_word' id='word_1_405' title='bbox 700 2746 954 2780; x_wconf 85' lang='lat' dir='ltr'>admirationem</span> <span class='ocrx_word' id='word_1_406' title='bbox 975 2744 1117 2780; x_wconf 87' lang='lat' dir='ltr'>incussit</span> <span class='ocrx_word' id='word_1_407' title='bbox 1138 2757 1205 2780; x_wconf 90' lang='lat' dir='ltr'>non</span> <span class='ocrx_word' id='word_1_408' title='bbox 1228 2744 1411 2786; x_wconf 78' lang='lat' dir='ltr'>modicam,</span> <span class='ocrx_word' id='word_1_409' title='bbox 1434 2748 1470 2779; x_wconf 89' lang='lat' dir='ltr'>et</span> <span class='ocrx_word' id='word_1_410' title='bbox 1492 2755 1606 2779; x_wconf 85' lang='lat' dir='ltr'>curam</span> <span class='ocrx_word' id='word_1_411' title='bbox 1629 2754 1692 2778; x_wconf 85' lang='lat' dir='ltr'>ex-</span> 
     </span>
     <span class='ocr_line' id='line_1_44' title="bbox 230 2789 1690 2839; baseline -0.001 -12"><span class='ocrx_word' id='word_1_412' title='bbox 230 2792 416 2839; x_wconf 86' lang='lat' dir='ltr'>quirendae</span> <span class='ocrx_word' id='word_1_413' title='bbox 437 2791 590 2828; x_wconf 85' lang='lat' dir='ltr'>occultae</span> <span class='ocrx_word' id='word_1_414' title='bbox 611 2792 690 2827; x_wconf 87' lang='lat' dir='ltr'>mali</span> <span class='ocrx_word' id='word_1_415' title='bbox 710 2791 869 2837; x_wconf 76' lang='lat' dir='ltr'>originis,</span> <span class='ocrx_word' id='word_1_416' title='bbox 891 2795 931 2826; x_wconf 92' lang='lat' dir='ltr'>ut</span> <span class='ocrx_word' id='word_1_417' title='bbox 952 2791 1066 2827; x_wconf 85' lang='lat' dir='ltr'>multis</span> <span class='ocrx_word' id='word_1_418' title='bbox 1086 2791 1168 2826; x_wconf 86' lang='lat' dir='ltr'>inde</span> <span class='ocrx_word' id='word_1_419' title='bbox 1189 2790 1327 2833; x_wconf 87' lang='lat' dir='ltr'>diebus,</span> <span class='ocrx_word' id='word_1_420' title='bbox 1348 2790 1408 2826; x_wconf 90' lang='lat' dir='ltr'>ubi</span> <span class='ocrx_word' id='word_1_421' title='bbox 1430 2789 1507 2837; x_wconf 85' lang='lat' dir='ltr'>quis</span> <span class='ocrx_word' id='word_1_422' title='bbox 1523 2789 1690 2835; x_wconf 72' lang='lat' dir='ltr'>Byzantio</span> 
     </span>
    </p>
   </div>
  </div>
 </body>
</html>
