1858 3126
239 164 336 210 7952
360 186 364 188 *
633 163 949 209 OBSERVAT.
982 163 1299 211 PAGHYMER.
1322 188 1325 199 ι

240 277 407 328 denique
422 275 581 327 plenum
601 286 656 320 os,
682 279 728 312 ut
744 279 871 324 antea,
889 274 1024 313 lucens
1042 275 1222 314 ostendit.
1277 274 1340 314 his
1370 276 1452 316 fere
1469 278 1598 318 verbis
1619 292 1693 318 au-

241 340 328 372 ctor
352 331 461 370 istud
476 329 794 382 phaenomenum
817 332 1011 383 exprimit,
1039 338 1184 382 quotus
1207 331 1242 369 is
1267 345 1392 370 annus
1413 332 1461 371 ab
1483 335 1577 374 orbe
1595 349 1694 374 con-

242 390 338 437 dito,
368 401 446 438 qua
469 387 568 425 solet
586 387 786 426 interdum
805 388 866 426 uti
889 401 991 438 aera,
1015 394 1246 426 numeratus
1264 389 1382 427 suerit
1406 395 1551 428 tacens.
1596 405 1695 430 cou-

239 444 344 483 sului
371 457 440 495 ego
460 455 577 495 super
601 442 678 482 hoc
698 443 954 482 domesticum
975 445 1177 483 oraculum
1197 444 1410 483 doctissimi
1431 444 1699 486 humanissimi

239 500 413 551 mihique
444 499 663 538 amicissimi
687 501 811 552 patris
830 501 985 539 Ioannis
1003 501 1202 553 Baptistae
1225 501 1384 540 Riceioli
1409 502 1603 541 societatis
1621 517 1699 542 no-

241 563 364 607 strae,
395 556 498 594 datis
515 555 566 594 ad
590 556 702 595 illum
724 556 820 595 hinc
835 558 960 595 Roma
985 557 1109 596 literis
1134 557 1238 595 eirca
1258 557 1414 596 initium
1434 558 1576 610 Aprilis
1594 572 1699 598 anno

242 612 389 651 Christi
409 615 532 654 1667.
577 612 628 651 ad
645 625 709 651 eas
726 619 905 653 mutuam
922 613 1003 652 eius
1022 613 1223 666 epistolam
1238 613 1304 652 hic
1322 613 1540 654 describere
1557 627 1699 668 operae

241 670 413 722 pretium
440 667 551 708 duxi.

301 804 492 858 Epistola
519 803 688 844 Ioannis
715 805 932 855 Baptistae
962 805 1139 843 Riccioh:
1169 818 1248 843 soc.
1278 804 1369 845 Iesu
1399 802 1460 844 ad
1479 806 1644 846 Petrum

632 861 846 899 Possinum
884 860 1061 899 eiusdem
1097 862 1316 904 societatis.

665 949 890 991 Reverende
917 953 961 990 in
983 948 1146 992 Christo
1161 958 1291 1003 pater.

415 1020 509 1058 Pax
538 1017 704 1057 Christi.

361 1087 460 1125 Cum
474 1085 730 1138 Pachymeres
745 1085 773 1128 l.
790 1085 817 1127 4
837 1098 872 1126 c.
892 1084 942 1127 15
962 1091 1097 1124 narret
1115 1086 1238 1126 visam
1260 1085 1590 1138 Constantinopoli
1608 1085 1702 1125 ecli-

247 1144 348 1197 psim
362 1143 479 1181 lunae
494 1143 656 1181 totalem
674 1154 804 1180 mense
823 1142 1015 1190 Ianuario,
1043 1141 1143 1181 hora
1162 1143 1288 1181 noctis
1304 1146 1342 1190 3,
1372 1143 1425 1180 ita
1442 1148 1488 1181 ut
1504 1143 1597 1181 luna
1612 1148 1705 1195 post

247 1198 390 1239 horam
409 1201 489 1238 sere
509 1205 596 1237 tota
614 1198 722 1236 intra
740 1198 920 1236 umbram
940 1198 1093 1236 telluris
1110 1198 1291 1236 immersa
1314 1199 1432 1237 suerit
1453 1204 1493 1237 et
1511 1211 1705 1251 emergere

249 1257 336 1294 visa
355 1256 408 1294 sit
433 1257 482 1294 ab
503 1255 644 1294 umbra
663 1259 754 1306 post
777 1253 897 1292 horae
917 1254 1098 1293 trientem
1121 1255 1355 1305 tandemque
1377 1261 1465 1307 post
1489 1254 1611 1293 horae
1637 1255 1707 1293 in-

250 1313 465 1351 tervallum
481 1317 568 1350 tota
589 1310 800 1359 emerserit,
818 1323 945 1361 neque
961 1323 1055 1349 vero
1073 1310 1175 1350 diem
1195 1323 1318 1360 neque
1336 1324 1482 1350 annum
1497 1311 1707 1363 exprimat,

249 1369 319 1407 sed
342 1369 468 1407 solum
489 1368 532 1406 id
555 1367 738 1405 accidisse
762 1372 940 1418 tempore
974 1367 1189 1406 Andronici
1209 1367 1422 1418 Palaeologi
1448 1368 1614 1417 reserat,
1641 1362 1707 1406 iu-

248 1426 317 1463 bes
340 1438 414 1474 me,
444 1431 558 1477 pater
578 1423 798 1462 doctissime
816 1429 854 1460 et
875 1423 1146 1470 amantissime,
1174 1424 1370 1474 inquirere
1391 1437 1441 1462 ex
1460 1436 1545 1461 mea
1565 1423 1708 1463 Astro-

250 1481 384 1519 nomia
418 1481 643 1518 Reformata
671 1484 792 1530 quoto
822 1479 1063 1518 Christianae
1099 1479 1268 1532 epochae
1300 1494 1403 1518 anno
1442 1480 1530 1518 talis
1558 1480 1707 1532 eclipsis

251 1536 478 1586 contigerit3
506 1537 768 1587 supponisque
789 1548 839 1573 ex
866 1542 1057 1574 contextu
1080 1549 1213 1575 rerum
1241 1542 1434 1587 gestarum
1461 1549 1608 1575 annum
1626 1535 1709 1574 hu-

250 1592 422 1630 iusmodi
443 1592 653 1628 consistere
683 1591 786 1628 inter
814 1594 920 1633 1298
942 1597 979 1628 et
1007 1595 1114 1634 1310
1144 1592 1270 1629 dictae
1297 1591 1480 1642 epochae.
1535 1597 1583 1630 ut
1601 1591 1707 1631 votis

251 1648 332 1686 tuis
353 1647 673 1694 obsecundaem,
703 1646 923 1685 examinavi
938 1647 1152 1698 plenilunia
1172 1648 1339 1685 Ianuarii
1358 1647 1531 1685 omnium
1548 1647 1708 1699 praedi-

253 1709 411 1741 ctorum
437 1716 650 1752 annorum;
687 1707 726 1739 et
751 1702 968 1753 respondeo
999 1703 1181 1740 distincte
1211 1716 1282 1753 per
1312 1709 1391 1741 tres
1421 1703 1707 1753 conclusiones3

253 1771 511 1810 supponoque
540 1772 614 1810 pro
643 1763 751 1796 certo
765 1786 775 1806 ,
805 1770 855 1795 ex
874 1771 961 1796 mea
986 1764 1074 1796 tum
1094 1758 1337 1810 Geographia
1356 1766 1441 1797 tum
1459 1759 1709 1798 Astronomia

253 1816 500 1863 Reformata,
530 1814 866 1865 Constantinopoli
890 1814 1135 1853 altitudinem
1154 1815 1234 1866 poli
1253 1828 1333 1852 esse
1350 1814 1543 1866 graduum
1562 1815 1618 1858 42
1639 1817 1707 1865 56,

253 1872 414 1922 eiusque
429 1870 686 1909 meridianum
704 1870 991 1908 orientaliorem
1009 1883 1088 1909 esse
1106 1870 1337 1911 Bononiensi
1356 1871 1438 1920 (cui
1457 1871 1598 1911 affixae
1613 1877 1708 1912 sunt

256 1940 364 1966 meae
382 1927 556 1980 tabulae)
574 1925 675 1966 hora
696 1929 717 1968 1
737 1926 830 1965 min.
849 1929 904 1969 20
924 1929 990 1969 26.

815 2037 834 2077 1
871 2051 961 2077 con
975 2038 1149 2078 clusio.

354 2118 464 2155 Inter
483 2129 607 2156 annos
627 2116 771 2155 Christi
797 2118 903 2158 1298
920 2122 960 2155 et
979 2119 1086 2159 1310
1107 2116 1238 2156 nullus
1254 2117 1351 2169 suit,
1379 2118 1422 2156 in
1437 2117 1548 2157 cuius
1565 2117 1708 2159 Ianua-

260 2172 320 2212 rio
337 2173 455 2212 fuerit
472 2173 729 2225 plenilunium
749 2172 990 2224 eclipticum,
1018 2172 1095 2211 nisi
1113 2174 1205 2211 anni
1225 2177 1328 2216 1301
1350 2177 1456 2216 1302
1476 2180 1514 2212 et
1536 2176 1654 2217 1808.

370 2241 485 2278 Ratio
504 2246 564 2278 est
587 2240 692 2291 quia,
717 2246 765 2279 ut
784 2239 899 2278 lunae
922 2239 1070 2292 eclipsis
1088 2239 1139 2279 sit
1158 2241 1392 2279 naturaliter
1406 2241 1615 2292 possibilis,
1642 2240 1709 2278 lu-

261 2308 334 2335 nae
357 2296 543 2334 distantia
570 2309 593 2333 a
621 2296 804 2347 propiore
824 2295 1021 2334 nodorum
1039 2309 1121 2334 non
1142 2297 1257 2335 debet
1283 2297 1470 2335 excedere
1495 2296 1637 2348 gradus
1656 2298 1708 2337 17

262 2355 340 2400 20,
370 2358 417 2389 ut
443 2351 560 2390 docui
589 2351 689 2389 libro
710 2353 737 2394 5
757 2351 964 2402 Almagesti
987 2352 1099 2391 Novi.
1157 2360 1199 2391 at
1226 2353 1267 2391 in
1296 2352 1514 2404 pleniluniis
1538 2351 1710 2389 Ianuarii

264 2407 439 2445 omnium
466 2419 659 2444 annorum
690 2407 738 2444 ab
765 2421 866 2445 anno
896 2410 1001 2450 1298
1025 2407 1077 2445 ad
1108 2411 1236 2458 1310,
1275 2409 1442 2459 demptis
1465 2407 1575 2445 annis
1602 2410 1708 2449 1301

266 2466 377 2504 1302
398 2464 517 2510 1303,
533 2463 627 2499 luna
645 2462 786 2501 distitit
802 2477 824 2499 a
837 2463 1020 2514 propiore
1039 2464 1143 2502 nodo
1165 2465 1254 2515 plus
1269 2478 1384 2514 quam
1403 2463 1546 2514 gradus
1568 2466 1619 2503 17
1642 2466 1710 2511 20,

266 2524 315 2557 ut
335 2531 386 2556 ex
405 2517 530 2570 prima
543 2517 686 2555 tabella
705 2518 805 2556 infra
822 2518 969 2569 scripta
987 2519 1121 2569 liquet.
1177 2533 1269 2571 ergo
1295 2526 1369 2559 etc.
1425 2524 1465 2557 et
1493 2519 1546 2557 ad
1563 2518 1604 2556 id
1627 2517 1709 2557 dis-

266 2574 505 2614 cernendum
524 2573 668 2614 sufficit
686 2574 870 2614 adhibere
887 2574 1101 2626 plenilunia
1120 2575 1260 2615 media.
