1820 3112
394 145 471 188 DE
504 144 835 189 ANDRONICO
869 143 1244 188 PALAEOLOGO
1280 144 1327 188 L.
1346 142 1402 187 Π.
1542 142 1636 189 111

177 259 397 314 εὐσέβειαν.
467 262 586 316 σοφῷ
611 262 710 315 γοῦν
738 259 927 301 δοκοῦντι
953 262 1013 316 τῷ
1040 254 1298 314 πατριάρχῃ,
1325 258 1392 300 καὶ
1413 254 1515 313 ὗπέρ
1532 261 1636 300 πολ-
1661 267 1693 302 C

178 330 277 379 λοῦς
293 335 383 378 ταῖς
401 326 615 382 ἀληθείαις
639 326 747 379 ὄντι,
786 326 859 381 τὴν
880 330 954 369 τοῦ
975 325 1105 380 τόμου
1122 327 1286 382 γραφὴν
1308 326 1526 381 ἐπέτρεπον
1544 324 1647 381 στή-

178 403 253 454 λην
272 399 338 440 καὶ
359 396 564 450 εὖσεβείας
587 395 757 438 ἔσεσθαι
778 395 1043 450 νομιζομένην
1064 397 1130 437 καὶ
1152 400 1227 450 τῆς
1250 399 1331 438 τῶν
1353 393 1647 451 παρεγκλινιῖν-

178 484 262 510 των
291 469 422 521 δῆθεν
453 466 594 514 κακίας
625 471 711 513 τοῖς
742 461 963 518 ὂψιγόνοις.
1033 465 1100 505 καὶ
1123 462 1270 517 ὁὴτῆν
1294 466 1441 515 πρᾶξιν
1460 461 1648 514 ὑποστὰς

146 534 201 579 5ὃ
231 531 537 590 πατριαρχεῦων
564 539 744 587 γενναῖον
772 529 899 586 τόμον
918 533 1164 586 συντίθησι,
1202 534 1390 574 τοσοῖσδε
1412 534 1648 589 κεφαλαίοις

179 602 267 658 ἅμα
297 604 372 657 μὲν
403 600 688 655 ἐπειλημμένος
717 605 800 643 τῶν
827 599 1024 654 λεγόντων
1052 600 1139 654 ἅμα
1170 601 1301 643 δὲκαὶ
1324 601 1499 651 τούτους
1515 600 1648 652 οὕτως

179 671 347 727 ἔχοντας
378 667 724 722 ἀποβαλλόμενος.
798 674 943 711 τοῦτον
973 668 1039 711 ἐπ’
1061 670 1274 723 ἐκκλησίας
1293 667 1491 724 πρότερον
1512 669 1646 726 ἀνεγί-

178 757 359 791 νωσκον,
394 740 462 781 καὶ
491 737 558 780 ἐπ’
593 737 836 793 ὀκρίβαντος
862 736 1021 789 ἀναβάς
1047 755 1109 787 τις
1130 738 1233 780 καθ’
1260 736 1432 781 ἕκαστόν
1452 755 1495 781 τε
1513 737 1644 794 κεφά-

179 813 295 852 λαιον
318 807 395 861 τὴν
423 805 634 861 ἀποβολὴν
657 804 805 860 ἐδήλου
834 804 1134 862 μεγαλοφώνως
1153 806 1250 849 κατ’
1275 805 1405 860 ὄνομα
1427 811 1510 850 τῶν
1532 806 1641 851 οὕτω
1666 825 1699 860 D

124 889 170 923 10
179 875 376 934 λεγόντων
407 877 473 918 καὶ
505 872 780 927 δοξαζόντων,
817 875 1029 928 μετέπειτα
1049 876 1094 918 δὲ
1116 874 1239 925 αὐτὸς
1256 875 1449 928 βασιλεὺς
1469 875 1536 919 διὰ
1559 894 1646 919 κιν-

177 943 391 1000 ναβάρεως
419 943 736 999 καθυπέγραφε,
771 941 857 985 εἶτα
891 945 936 986 δὲ
963 941 1218 1000 πατριάρχης
1247 946 1313 986 καὶ
1345 945 1490 1001 ἐφεξῆς
1508 945 1548 987 οἶ
1566 944 1644 1002 ἆρ-

174 1021 332 1071 χιερεῖς.
383 1014 446 1055 ἐπὶ
468 1013 512 1054 δὲ
530 1011 626 1060 τούς
644 1016 718 1065 τῆς
734 1012 947 1065 ἐκκλησίας
965 1011 1179 1063 ἐλθόντες,
1214 1013 1295 1055 ἐπεὶ
1312 1012 1518 1063 κάκείνους
1537 1011 1643 1056 ὕπο-

177 1083 455 1138 σημαίνεσθαι
478 1081 548 1123 τὸν
571 1078 699 1134 τόμον
717 1079 944 1135 ἠβούλοντο
958 1114 972 1133 ,
1004 1083 1070 1123 καὶ
1087 1085 1246 1135 μᾶλλον
1267 1082 1439 1131 ἐκείνους
1464 1080 1521 1132 ὥς
1538 1080 1643 1125 iino-

178 1150 463 1205 πτευομένους,
502 1147 558 1199 ὥς
579 1148 728 1205 ἔλεγον,
759 1148 886 1199 εὗθῧς
905 1147 1145 1200 ἅνενδότους
1165 1149 1350 1206 εὕρισκον
1372 1152 1439 1192 καὶ
1460 1148 1515 1201 ὥς
1536 1149 1643 1206 εἶχον

124 1226 167 1262 15
179 1219 474 1273 ἐνισταμένους.
544 1217 649 1272 πλὴν
666 1217 744 1273 γὰρ
764 1217 920 1272 ὀλίγων,
951 1220 1018 1260 καὶ
1040 1216 1196 1261 τούτων
1216 1218 1305 1261 ὅσοι
1326 1219 1449 1272 τυχὸν
1466 1221 1535 1262 καὶ
1553 1236 1643 1275 σχι-

175 1286 335 1341 ζόμενοι
352 1285 548 1341 πρότερον
569 1288 718 1339 θερμοὶ
738 1284 1015 1342 συλλήπτορες
1034 1283 1137 1341 ἦσαν
1158 1291 1240 1329 τῶν
1261 1287 1431 1338 ὕστερον
1442 1320 1455 1340 ,
1494 1288 1532 1330 οἱ
1552 1291 1638 1331 λοι·
1661 1302 1694 1338 Ε

179 1358 248 1400 noi
277 1354 425 1404 πάντες
462 1354 556 1396 οὔτε
590 1356 789 1404 θωπείαις
818 1354 1107 1410 καθυπήγοντο
1143 1355 1236 1398 οὔτ’
1269 1356 1452 1405 ἀπειλαῖς
1479 1354 1644 1399 ὑπεκλί-

177 1441 312 1478 νοντο,
342 1422 437 1466 ἀλλ’
458 1422 626 1479 ἰσχυρὸν
649 1418 696 1477 ἦν
717 1424 857 1480 σφίσιν
875 1425 932 1474 εἷς
949 1423 1169 1480 ἀπολογίαν
1187 1423 1239 1467 τὰ
1254 1426 1361 1480 χθὲς
1381 1425 1639 1470 τελεσθέντα.

266 1569 302 1605 3.
325 1566 388 1604 καὶ
410 1564 509 1612 etim]
532 1564 599 1612 μὲν
622 1563 699 1604 εὖσ.
723 1567 763 1601 Ρ.

178 1693 360 1740 explicare.
406 1693 540 1728 erudito
563 1692 670 1738 igitur
692 1693 886 1729 existimato
908 1694 1126 1740 patriarchae
1153 1694 1215 1739 (et
1237 1706 1276 1728 re
1298 1706 1382 1730 vera
1404 1695 1460 1730 ille
1484 1694 1639 1730 doctrina

176 1752 283 1786 supra
303 1739 426 1775 multos
448 1739 660 1783 excellebat)
695 1740 912 1785 scriptionem
943 1739 1025 1774 tomi
1057 1742 1324 1781 demandarunt,
1360 1753 1460 1787 qnam
1489 1753 1640 1786 perenne

177 1786 269 1832 apud
300 1790 454 1832 posteros
484 1788 728 1820 monumentum
760 1787 835 1820 fore
865 1787 1032 1832 putabant
1054 1790 1090 1822 et
1112 1787 1285 1832 religionis
1307 1787 1455 1831 ipsorum
1478 1788 1512 1820 in
1535 1787 1640 1821 recti-

177 1831 296 1867 tudine
314 1831 480 1876 dogmatis
502 1832 649 1866 tenenda
672 1836 708 1866 et
730 1832 855 1867 erroris
878 1833 1172 1875 adversariorum,
1200 1834 1258 1879 qui
1281 1833 1412 1867 scilicet
1434 1844 1455 1866 a
1477 1832 1558 1866 fidei
1581 1844 1639 1867 re-

176 1877 258 1922 gula
279 1877 515 1912 declinassent.
561 1877 709 1912 admissa
732 1882 957 1923 susceptaque
978 1879 1174 1924 patriarcba
1194 1877 1390 1923 provincia,
1421 1882 1546 1911 tomum
1577 1890 1639 1913 va-

176 1923 282 1957 lidum
303 1924 510 1969 composuit,
539 1927 592 1958 tot
612 1923 671 1958 illa
692 1923 882 1968 singillatim
915 1926 1157 1969 expendentem
1181 1924 1294 1968 capita
1312 1931 1479 1957 motarum
1501 1928 1639 1958 contro-

176 1968 382 2008 versiarum;
413 1969 448 2002 in
474 1981 541 2013 quo
563 1969 655 2003 baud
677 1970 823 2004 molliter
849 1971 1015 2014 carpebat
1037 1970 1270 2011 adversarios,
1302 1975 1339 2002 et
1362 1970 1494 2003 diserte
1515 1980 1637 2015 repro-

175 2014 284 2048 babat
314 2013 563 2059 abiiciebatque
596 2020 634 2048 ut
664 2026 769 2049 sanae
800 2015 976 2049 doctrinae
998 2015 1171 2050 contraria
1193 2019 1326 2048 asserta
1348 2015 1508 2060 ipsorum.
1554 2027 1637 2049 con-

177 2059 326 2104 scriptus
360 2059 390 2093 is
419 2063 531 2094 tomus
562 2060 657 2104 prius
687 2060 724 2094 in
755 2060 900 2095 ecclesia
931 2062 1040 2095 lectus
1071 2062 1135 2094 hoc
1167 2061 1264 2094 modo
1296 2066 1362 2094 est.
1409 2061 1637 2096 conscendens

176 2104 254 2159 quis
277 2104 312 2138 in
334 2104 520 2150 pulpitum,
541 2105 619 2138 inde
640 2117 844 2151 unoquoque
865 2106 1011 2152 capitulo
1035 2106 1199 2148 recitato,
1223 2106 1296 2139 eius
1318 2106 1475 2141 continuo
1496 2107 1636 2142 damna-

174 2156 299 2185 tionem
322 2150 566 2195 pronuntiabat
587 2161 672 2184 voce
694 2153 765 2185 late
786 2163 920 2194 sonora,
946 2152 1114 2196 expressis
1129 2151 1316 2195 nominibus
1337 2163 1451 2186 eorum
1474 2164 1560 2198 quos
1581 2154 1635 2188 sic

176 2196 269 2242 loqui
301 2201 337 2230 et
370 2196 498 2230 sentire
533 2196 660 2230 aiebat.
705 2201 785 2241 post
814 2197 900 2232 haec
930 2197 1006 2242 ipse
1036 2198 1221 2243 imperator
1252 2198 1388 2232 rubrica
1420 2198 1635 2244 subscripsit,

177 2239 302 2276 deiude
330 2242 546 2287 patriarcba,
583 2246 653 2276 tum
686 2242 803 2276 ordine
835 2243 1020 2288 praesules.
1067 2244 1110 2277 ad
1142 2243 1267 2278 clerum
1300 2244 1444 2278 subinde
1474 2251 1632 2279 ventum:

176 2299 254 2323 nam
287 2294 324 2321 et
355 2287 660 2322 ecclesiasticorum
695 2288 835 2321 secundi
869 2288 994 2323 ordinis
1025 2288 1154 2323 firmari
1181 2289 1485 2335 subscriptionibus
1506 2296 1634 2325 tomum

174 2333 349 2374 volebant,
371 2333 472 2368 immo
495 2334 539 2368 ab
562 2333 617 2368 his
639 2333 822 2378 praecipue
845 2334 1027 2379 cupiebant
1047 2335 1241 2380 approbari,
1266 2335 1423 2380 quoniam
1445 2347 1511 2370 non
1532 2347 1634 2380 vana,

175 2379 230 2413 uti
262 2379 419 2421 aiebant,
450 2379 597 2424 suspicio
629 2382 704 2413 erat
734 2379 851 2413 horum
884 2391 950 2413 non
979 2391 1104 2425 paucos
1136 2393 1158 2415 a
1188 2381 1342 2416 doctrina
1363 2385 1453 2415 tomo
1477 2382 1634 2427 exposita

175 2425 372 2459 abhorrere.
418 2425 579 2470 quocirca
611 2425 864 2470 exprimendum
886 2426 930 2460 ab
954 2426 1005 2460 his
1026 2426 1264 2462 existimabant
1284 2431 1416 2462 mature
1438 2439 1633 2462 consensum

174 2469 213 2504 in
235 2471 374 2504 decreta
394 2470 559 2505 communi
581 2471 709 2506 calculo
731 2471 930 2506 antistitum.
965 2477 1002 2506 at
1022 2484 1089 2506 non
1110 2474 1212 2507 facile
1231 2473 1267 2507 id
1291 2473 1461 2518 negotium
1484 2485 1548 2508 usu
1571 2474 1633 2508 de·

175 2516 377 2562 prehensum
392 2522 464 2551 est:
485 2521 624 2563 praeter
647 2517 734 2551 enim
757 2529 895 2562 paucos,
919 2529 1005 2563 quos
1026 2524 1063 2552 et
1083 2519 1298 2554 observatum
1321 2524 1375 2553 est
1396 2531 1439 2554 ex
1460 2519 1505 2554 iis
1526 2519 1632 2553 fuisse

177 2561 235 2606 qui
258 2561 480 2597 secessionem
503 2563 596 2608 prius
618 2563 790 2605 fecerant,
822 2575 937 2598 omues
968 2564 1097 2598 caeteri
1120 2565 1236 2600 clerici
1257 2565 1366 2610 prima
1387 2565 1502 2599 statim
1523 2565 1634 2599 inter-

175 2607 358 2650 pellatione
391 2608 435 2642 de
466 2609 710 2643 subscribendo
739 2609 840 2654 plane
870 2609 1091 2644 ostenderunt
1111 2623 1150 2646 se
1170 2611 1403 2645 inflexibiliter
1436 2611 1633 2645 obfirmatos

178 2651 225 2685 ad
255 2653 441 2698 negandam
471 2654 545 2689 sive
575 2654 855 2700 subscriptionem
887 2655 965 2689 sive
987 2655 1085 2690 aliam
1108 2657 1262 2702 quamvis
1282 2668 1404 2692 novam
1428 2655 1634 2690 declaratio-

178 2708 254 2731 nem
276 2709 359 2732 suae
378 2699 422 2734 de
445 2699 499 2734 his
520 2700 719 2734 sententiae.
755 2711 866 2746 neque
889 2700 932 2734 de
953 2701 1019 2736 hac
1039 2702 1234 2737 inductione
1255 2703 1356 2737 animi
1377 2701 1548 2736 blanditiis
1570 2701 1634 2734 de-

177 2742 256 2776 duci
276 2743 375 2787 ullis,
398 2756 441 2780 ac
462 2757 507 2779 ne
527 2741 624 2780 ininis
648 2746 784 2792 quidem
805 2746 971 2781 dimoveri
992 2752 1146 2793 potuere.
1192 2760 1326 2783 cansam
1347 2747 1526 2782 recusandi
1548 2747 1635 2781 vali-

175 2788 345 2824 dissimam
372 2789 543 2827 ducebant
570 2803 614 2826 ex
642 2793 829 2838 asperitate
848 2803 958 2839 nuper
977 2793 1014 2828 in
1033 2793 1128 2840 ipsos
1149 2795 1325 2839 exercita,
1357 2794 1436 2828 dum
1458 2794 1555 2828 fuere
1575 2803 1633 2829 sa-
