1820 3112
223 161 290 207 28
643 158 880 206 GEORGII
912 158 1262 203 PACHYMERIS

223 271 366 320 τάσεσι
392 274 460 319 καὶ
486 274 539 320 τὰ
567 272 670 333 ὖπέρ
697 278 796 319 νοῦν
821 274 996 330 ἐρευνῶν
1022 272 1303 331 ἀνθρωπίνοις
1319 267 1520 330 νοῆμασιν
1538 271 1692 318 ἔλαθεν

170 359 202 396 Β
226 346 302 390 οὖκ
326 347 482 394 οῗσταΐς
511 344 660 394 αι’τίαις
689 343 922 401 περιβαλὼν
949 340 1112 386 ἔαυτόν.
1157 342 1206 386 οὗ
1235 349 1369 400 χεῖρον
1395 342 1443 386 δ’
1469 345 1591 386 εἶπεῖν
1621 345 1691 386 καὶ

224 417 483 470 διασαφῆσαι
500 410 549 456 τό
568 429 612 469 γε
633 409 912 468 ξυμβεβηκός,
949 413 1016 454 καὶ
1042 412 1123 454 τίσι
1153 412 1387 468 περιπαρεὶς
1411 415 1496 456 τῶν
1517 416 1690 469 γραφῶν

224 483 274 527 οὔ
305 486 448 532 καλαῖς
477 487 568 531 ταῖς
596 482 747 532 αἰτίαις
775 481 998 534 ξυνείχετο,
1045 478 1120 523 κᾶν
1149 477 1277 535 μόνος
1306 480 1480 532 ἐκεῖνος,
1512 480 1691 536 μηδενὸς

222 551 352 595 ἄλλοι»
384 547 662 606 συμπράττειν
687 554 946 604 τολμῶντος,
981 549 1200 604 θεολογίας
1227 547 1397 606 ἄπειρον
1425 547 1601 605 πέλαγος
1617 559 1723 604 μι-5

222 625 310 680 κρῷ
340 621 418 663 τινὶ
450 618 630 678 ἀκατίῳ,
665 617 919 676 ἀνθρωπίνῳ
945 620 1031 670 νοΐ,
1060 624 1336 674 παραμετρεῖν
1364 614 1521 672 ἐτόλμα
1547 621 1691 674 πειρᾶ-

220 694 353 742 σθαι,
387 691 448 747 τῷ
476 685 580 744 ὑπὲρ
598 690 675 742 τῆς
693 684 854 743 εἰρήνης
876 683 982 745 ζήλῳ
1006 684 1142 743 ὥσπερ
1166 688 1243 729 τινὶ
1263 683 1480 743 φώσσωνι,
1513 683 1571 737 ὥς
1589 686 1693 729 latei·-

222 775 295 809 νος
330 755 459 818 ᾤετο,
498 753 813 813 κουφιζόμενος,
859 753 1061 798 πιστεύων
1091 761 1179 806 τοῖς
1209 751 1445 812 ὄψιγόνοις,
1483 752 1540 806 ὥς
1566 753 1688 812 ἔλεγε,

221 826 300 870 κᾶν
331 825 371 869 οἱ
403 821 601 882 παρόντες
627 824 702 868 οὐκ
735 823 981 878 ἀπεδέχοντο
1010 823 1060 866 τὸ
1087 823 1316 880 ἐγχείρημα.
1385 824 1536 873 ἐκεῖνος
1553 825 1693 869 τοίνυν

168 910 205 946 c
224 895 301 946 τὰς
317 897 402 939 τῶν
419 891 543 950 ἁγίων
563 892 727 950 γραφὰς
747 891 1050 949 ἐπιμελέστερον
1068 889 1325 950 διερχόμενος
1332 924 1346 946 ,
1383 892 1432 936 τὸ
1449 893 1525 947 μὲν
1544 892 1590 936 ἐκ
1607 911 1691 936 πα·-
1703 901 1748 938 10

218 964 318 1022 πρὸς
356 962 416 1006 δι’
445 963 538 1005 υἱοῦ
581 966 829 1020 προχεῖσθαι
870 959 1090 1015 ἐκλάμπειν
1128 965 1398 1018 χορηγεῖσθαι
1430 960 1615 1018 προϊέναι
1641 962 1690 1006 τὸ

218 1037 381 1087 πνεῦμα
411 1030 460 1074 τὸ
488 1029 604 1087 ἅγιον
636 1034 801 1074 πολλῶν
828 1031 897 1073 καὶ
925 1028 1121 1080 πολλάκις
1150 1027 1350 1086 λεγόντων
1371 1027 1605 1085 ἔμᾶνθανε,
1641 1030 1689 1074 τό

219 1103 268 1145 δὲ
297 1102 363 1144 καὶ
396 1097 692 1156 ἐκπορεύεσθαι
717 1096 892 1157 πρώτως
911 1099 987 1153 μὲν
1007 1098 1122 1155 παρὰ
1144 1103 1204 1158 τῷ
1223 1096 1389 1159 μεγάλῳ
1406 1099 1594 1157 Μαξίμῳ
1611 1097 1691 1156 ῥη-

220 1170 298 1215 θὲν
330 1167 511 1225 εὕρισκε,
547 1168 746 1225 δευτέρως
772 1169 818 1211 δὲ
848 1170 915 1211 καὶ
942 1168 1056 1224 παρὰ
1083 1171 1143 1226 τῷ
1171 1166 1510 1226 θεολογικωτᾶτῳ
1533 1169 1690 1222 Δαμα-

221 1242 360 1298 σκηνῷ
369 1269 384 1291 ,
421 1236 493 1294 ἐφ’
515 1234 577 1286 οἷς
593 1239 661 1280 καὶ
678 1236 751 1280 τὸν
769 1236 897 1293 μέγαν
921 1234 1134 1291 Ταράσιον
1151 1235 1227 1279 σύν
1249 1233 1410 1294 ἕβδόμῃ
1427 1234 1540 1293 πάσῃ
1562 1233 1687 1278 συνό-
1701 1242 1745 1278 15

224 1309 284 1366 δῳ
297 1340 311 1360 ,
348 1307 414 1349 ε’πὶ
442 1303 640 1367 ὁμολογίᾳ
668 1309 744 1361 τῆς
771 1308 943 1356 πίστεως
959 1305 1062 1362 πρὸς
1082 1305 1182 1356 τούς
1200 1304 1470 1355 ἄνατολικοῦς
1483 1302 1690 1362 πατριάρ-

168 1392 200 1428 1)
220 1393 323 1432 χας,
369 1371 573 1431 ἇριδήλως
606 1372 784 1418 κατενόει
817 1378 1134 1431 θεολογοῦντας.
1202 1371 1332 1430 εὑρών
1370 1377 1471 1431 γοῦν
1504 1373 1578 1416 τὸν
1611 1377 1690 1417 τοῦ

219 1444 474 1500 Μαρωνείας
500 1440 687 1499 Νικήταν
713 1444 781 1486 καὶ
806 1441 1129 1500 χαρτοφύλακα,
1163 1441 1337 1499 ’ὕστερον
1363 1443 1410 1485 δὲ
1433 1443 1501 1485 καὶ
1525 1445 1690 1485 Θεσσα-

217 1514 381 1568 λονίκης
412 1509 638 1569 πρόεδρον,
676 1513 744 1555 καὶ
767 1512 831 1554 ἐπὶ
852 1510 988 1571 τούτῳ
1006 1512 1074 1554 καὶ
1091 1511 1163 1555 τὸν
1184 1511 1424 1567 Βλεμμίδην
1444 1508 1690 1568 Νικηφόρον

217 1587 398 1638 γραφαῖς
442 1580 801 1636 συγχρησαμὲνους
838 1583 894 1630 εἷς
933 1581 1009 1635 τὴν
1035 1578 1139 1638 ὑπὲρ
1169 1584 1252 1623 τῶν
1276 1580 1445 1623 Ἰταλῶν
1472 1577 1528 1629 ὧς
1558 1582 1745 1634 δῆθενὲο

220 1649 469 1705 ἀπολογίαν,
506 1651 574 1691 καὶ
606 1647 770 1692 Φώτιον
798 1648 926 1691 αὐτὸν
944 1648 1111 1705 λέγοντα
1137 1647 1192 1699 ὥς
1214 1645 1540 1704 καὶἈμβρόσιός
1559 1666 1602 1691 τε
1620 1649 1690 1691 καὶ

216 1717 504 1775 Λύγουστῖνος
536 1718 605 1760 καὶ
629 1718 767 1775 τρίτος
792 1714 1032 1774 Ἱερώνυμος
1052 1716 1160 1760 οὕτω
1178 1716 1282 1773 μετὰ
1305 1714 1549 1775 προσθήκης
1567 1717 1688 1760 iseo-

212 1851 248 1885 in
271 1848 415 1884 altiores
437 1858 565 1895 easque
587 1847 742 1883 humanis
763 1848 872 1883 invias
894 1848 1062 1883 mentibus
1081 1848 1319 1893 indagationes
1341 1847 1548 1891 divinitatis,
1570 1847 1688 1882 litibus

215 1907 295 1931 sese
317 1894 512 1940 imprudens
533 1906 602 1929 non
624 1905 708 1929 sane
730 1895 880 1928 ferendis
901 1894 1078 1940 implicuit.
1126 1906 1192 1940 quo
1219 1894 1264 1928 de
1291 1897 1365 1929 toto
1390 1894 1465 1929 eius
1487 1895 1581 1928 facto
1603 1905 1688 1928 oon-

215 1942 371 1987 siliisque
393 1952 436 1975 ac
458 1951 621 1986 processu
647 1940 807 1986 ancipitis
829 1941 943 1986 coepti
965 1941 1106 1975 tradere
1128 1940 1184 1974 hic
1205 1940 1332 1986 aliquid
1353 1939 1545 1975 distinctius
1559 1950 1688 1985 operae

216 1988 363 2034 pretium
387 1987 558 2030 existimo,
581 1990 621 2021 ut
643 1985 851 2031 intelligatur
872 1985 994 2032 quibus
1016 1986 1203 2021 transfixus
1225 1986 1518 2028 accusationibus,
1542 1997 1609 2020 non
1630 1985 1687 2020 iu-

217 2034 280 2068 stis
303 2043 386 2067 sane
410 2032 541 2074 causis,
572 2043 651 2067 reus
674 2033 719 2067 sit
740 2037 923 2078 peractus,
956 2032 1015 2086 qui
1038 2036 1178 2066 eatenus
1201 2037 1332 2066 tantum
1351 2031 1472 2078 culpae
1495 2031 1609 2067 affinis
1632 2030 1688 2066 vi-

217 2078 294 2113 deri
316 2078 449 2124 potnit,
472 2078 563 2123 quod
586 2079 701 2119 solus,
723 2079 855 2113 nemine
877 2078 942 2112 alio
965 2077 1031 2123 ipsi
1053 2078 1231 2123 cooperari
1253 2078 1296 2112 ad
1320 2078 1385 2112 hoc
1407 2089 1490 2112 auso
1505 2105 1516 2121 ,
1549 2077 1686 2112 theolo-

217 2124 295 2169 giae
325 2125 520 2158 immensum
550 2125 692 2169 pelagus
721 2124 847 2169 exigua
879 2124 988 2159 cimba
1019 2124 1152 2159 humani
1173 2123 1300 2168 ingenii
1321 2124 1547 2159 transfretare
1570 2123 1689 2158 conari

218 2182 287 2205 non
310 2169 542 2212 dubitaverit,
579 2169 690 2204 studio
714 2171 809 2216 pacis
829 2170 925 2204 velut
947 2170 1093 2215 quodam
1115 2170 1227 2204 velum
1250 2170 1455 2216 impulsuro,
1488 2173 1527 2204 ut
1548 2168 1685 2215 quidem

217 2217 385 2262 putabat,
416 2226 437 2248 a
467 2215 575 2260 puppi
604 2221 707 2250 vento
740 2216 977 2262 provehendus
1007 2216 1042 2250 in
1073 2219 1224 2261 optatum
1247 2219 1398 2261 portum,
1431 2215 1687 2268 confidensqne,

218 2262 310 2307 quod
337 2261 452 2295 dicere
482 2262 631 2303 solebat,
663 2262 810 2307 posteris
832 2266 927 2296 certe
948 2262 1152 2296 laudandum
1174 2273 1269 2296 suum
1293 2261 1488 2303 consilium,
1520 2260 1553 2295 si
1575 2270 1686 2294 minus

216 2307 255 2341 id
278 2317 441 2352 praesens
464 2311 561 2340 aetas
582 2307 729 2351 probare
750 2308 926 2342 voluisset.
973 2319 1055 2352 ergo
1078 2307 1137 2342 ille
1158 2311 1350 2342 sanctorum
1372 2306 1505 2351 scripta
1521 2305 1686 2340 attentius

217 2355 399 2398 perlegens
420 2352 459 2386 in
481 2353 598 2386 horum
631 2352 803 2398 plerisque
825 2365 928 2399 saepe
951 2353 1022 2388 dici
1042 2353 1236 2388 observavit
1258 2353 1424 2387 Sanctum
1446 2350 1613 2397 Spiritum
1642 2361 1686 2385 ex

216 2403 318 2444 patre
343 2409 405 2444 per
426 2397 533 2432 filium
563 2397 740 2444 profundi,
773 2399 1053 2444 explendescere,
1087 2399 1268 2444 praeberi,
1302 2397 1451 2443 prodire.
1496 2395 1687 2442 procedere

216 2444 299 2490 quin
322 2443 425 2478 etiam
447 2444 590 2488 primum
613 2443 778 2478 affirmari
801 2444 933 2489 reperit
955 2456 977 2478 a
999 2446 1128 2479 Sancto
1150 2443 1316 2482 Maximo,
1349 2442 1473 2477 deinde
1503 2453 1526 2476 a
1557 2454 1685 2477 summo

217 2501 354 2535 quoque
376 2489 534 2534 theologo
558 2489 791 2531 Damasceno;
825 2491 948 2535 quibus
979 2497 1206 2524 consentanee
1228 2499 1384 2532 magnum
1408 2491 1589 2534 praeterea
1612 2488 1687 2523 Ta-

216 2535 345 2571 mium
379 2546 455 2569 cum
490 2534 650 2570 universa
682 2535 827 2581 septima
860 2535 989 2579 synodo
1019 2535 1056 2568 in
1082 2534 1295 2570 consessione
1317 2533 1398 2568 fidei
1420 2535 1466 2568 ad
1490 2533 1686 2568 Orientales

217 2581 434 2627 patriarchas
457 2580 634 2615 manifeste
655 2581 880 2626 deprehendit
897 2581 1109 2615 disseruisse.
1158 2581 1201 2614 ad
1225 2581 1309 2614 haec
1333 2591 1407 2613 cum
1430 2579 1570 2633 insuper
1589 2579 1687 2614 inve-

217 2626 326 2661 nisset
348 2626 596 2661 Maroniensem
616 2627 792 2669 Nicetam,
816 2626 1086 2672 chartophylacis
1119 2626 1221 2660 etiam
1254 2625 1423 2670 dignitate
1455 2624 1619 2670 insignem
1643 2637 1685 2659 ac

218 2678 342 2718 postea
359 2672 395 2707 in
417 2672 755 2707 Thessalonicensem
778 2676 932 2707 evectum
955 2672 1170 2714 cathedram,
1198 2672 1346 2717 itemque
1369 2674 1447 2716 post
1468 2671 1557 2705 huuc
1578 2670 1685 2705 Nice-

219 2718 361 2762 phorum
396 2718 616 2753 Blemmidam
648 2718 866 2753 elucubrasse
896 2729 937 2753 ac
968 2718 1127 2762 vulgasse
1160 2717 1290 2762 scripta
1322 2716 1520 2751 testimoniis
1548 2715 1685 2750 firmata

218 2764 465 2810 scripturarum
487 2764 524 2798 in
555 2764 784 2799 defensionem
809 2764 989 2805 Italorum,
1023 2763 1202 2809 ipsumque
1233 2763 1387 2797 Photium
1416 2762 1517 2796 fateri
1542 2762 1686 2796 Ambro-

220 2808 305 2844 sium
337 2810 560 2856 Augustinum
590 2813 627 2845 et
658 2810 901 2856 Hieronymum
931 2809 1179 2858 processionem
1200 2808 1322 2845 Sancti
1345 2807 1497 2855 Spiritus
1519 2819 1561 2843 ex
1584 2811 1686 2856 patro
