1858 3126
629 158 732 202 LIB.
766 158 821 205 11.
886 159 1087 205 NOTAE.
1485 159 1582 205 759

132 268 283 314 videbit
302 267 409 308 baud
435 282 519 308 esse
543 269 758 308 verisimile
783 270 1081 321 imperatorem,
1120 282 1272 308 summa
1292 268 1521 321 praesertim
1542 276 1578 308 et

129 325 254 376 rigida
295 324 443 375 hieme,
477 325 614 365 horam
641 326 802 376 elegisse
830 325 1068 377 profectioni
1097 338 1147 364 ex
1175 326 1271 364 urbe
1310 325 1579 378 capessendae,

131 394 209 432 qua
233 388 354 420 nocte
383 382 592 433 ingruente
620 386 688 420 a'er
719 381 841 432 magis
867 382 1067 432 magisque
1095 381 1382 421 obscuraretur.
1451 382 1579 433 prima

130 450 223 488 ergo
245 451 336 486 pars
356 438 570 490 vespertini
594 438 783 488 temporis
796 468 807 485 ,
836 438 916 475 sole
933 437 983 475 ad
1004 451 1185 476 occasum
1203 444 1387 488 vergente
1403 437 1475 476 sub
1499 444 1576 477 ter-

129 493 224 532 tiam
241 493 380 532 horam
405 509 426 532 a
447 493 630 540 meridie,
661 493 912 543 intelligenda
930 500 1001 532 est.
1058 494 1127 532 tali
1154 494 1258 533 enim
1279 501 1455 547 tempore
1471 501 1578 533 recte

128 549 344 601 imperator
364 563 454 588 cum
473 549 791 588 numerosissimo
818 563 889 587 suo
915 550 1104 587 comitatu
1130 550 1223 588 dare
1242 564 1283 590 se
1304 551 1345 588 in
1373 551 1477 588 viam
1497 565 1577 602 po-

127 606 227 655 tuit,
253 605 431 656 reliquiis
450 606 548 645 lucis
567 605 731 644 diurnae
743 604 967 644 suffecturis
991 606 1040 644 ad
1059 607 1373 657 perveniendum
1389 607 1433 644 in
1455 607 1576 644 dissi-

129 667 212 700 tam
236 661 374 713 paucis
401 661 637 700 milliaribus
669 675 716 699 ac
742 661 1006 700 suburbanam
1043 662 1250 700 stationem
1278 663 1483 714 Dripeam:
1521 662 1577 700 ibi

127 717 232 756 enim
250 717 512 756 diversorium
537 717 705 756 habebat
720 724 900 769 paratum
921 718 964 755 in
989 724 1145 756 noctem
1170 719 1453 769 insequentem.
1493 733 1575 757 uon

127 786 221 824 ergo
238 774 397 825 quando
422 775 515 812 urbe
534 774 746 826 imperator
764 773 890 812 exivit
913 775 996 813 sole
1020 773 1151 812 adhuc
1174 775 1330 814 lucente
1350 775 1482 813 civilis
1499 789 1575 813 ne-

126 829 319 869 cessitatis
338 831 460 880 gratia
482 831 584 868 faces
602 829 937 878 accendebantur,
973 843 1062 869 cum
1081 830 1195 881 longe
1213 831 1489 882 crepusculum
1507 831 1576 868 ab-

126 893 241 924 esset.
297 899 419 936 quare
436 893 560 924 restat
580 893 627 924 ut
646 886 687 924 id
710 886 760 924 ad
792 886 1052 925 ceremoniam
1077 886 1298 937 religiosam
1327 887 1379 925 sit
1396 888 1573 927 reseren-

127 942 245 991 dum,
275 943 463 994 occupati
481 943 667 981 videlicet
685 942 803 980 solita
823 942 900 981 iam
919 949 1004 980 tum
1021 943 1264 994 postridiana
1289 957 1576 982 commemora-

125 998 235 1037 tione
262 998 563 1050 defunctorum,
611 998 874 1037 accendendis
905 1013 976 1050 per
1011 999 1142 1036 omnia
1167 999 1316 1051 templa
1345 999 1574 1038 luminibus.

125 1054 177 1092 ad
193 1060 411 1093 extremum
431 1055 598 1094 observo
619 1055 856 1093 mentionem
878 1054 943 1092 hic
961 1058 1213 1107 παρασκευῆς
1231 1069 1311 1092 non
1334 1055 1575 1094 intellectam

125 1124 149 1148 a
168 1109 361 1150 Vaticano
379 1111 637 1163 paraphraste
654 1112 764 1149 iuxta
783 1125 913 1154 veram
935 1119 973 1148 et
994 1112 1175 1149 usitatam
1201 1111 1353 1149 auctori
1374 1111 1574 1149 notionem

123 1166 245 1205 feriae
259 1173 403 1205 sextae.
459 1169 518 1206 sic
547 1168 653 1205 enim
684 1167 794 1206 hunc
818 1167 952 1205 locum
974 1167 1157 1206 exhibet:
1194 1165 1281 1208 τότε
1314 1170 1417 1221 γοῦν
1445 1183 1572 1217 παρα·

125 1222 362 1270 σκευασθεὶς
379 1222 405 1271 o‘
422 1221 606 1274 βασιλεύς
622 1223 750 1272 ἔξεισι.
779 1231 876 1261 tunc
893 1225 1024 1274 igitur
1037 1231 1214 1274 paratus
1230 1225 1446 1275 imperator
1463 1226 1572 1264 exiit.

124 1278 183 1316 ita
198 1279 285 1328 ille,
315 1280 504 1319 translata
527 1280 577 1318 ad
598 1286 832 1332 apparatum
857 1278 1114 1331 profectionis
1144 1279 1223 1317 diei
1242 1292 1473 1331 parasceues
1491 1293 1573 1318 ex-

122 1334 346 1385 pressione3
376 1349 457 1386 quo
481 1342 522 1374 et
538 1335 652 1374 valde
679 1335 944 1388 superficiarie
962 1335 1191 1374 defunctum
1211 1335 1319 1375 hunc
1337 1336 1575 1387 epitomato—

124 1403 207 1431 rem
241 1398 429 1442 apparet,
467 1398 505 1430 et
530 1406 612 1429 non
636 1393 753 1431 valde
788 1391 909 1430 fuisse
938 1391 1106 1442 peritum
1142 1392 1291 1430 rituum
1330 1393 1573 1430 Graecorum

125 1447 300 1498 suspicio
329 1453 520 1487 movetur.
576 1462 658 1486 non
690 1449 810 1487 fuisse
838 1446 936 1487 mihi
965 1455 1094 1486 tamen
1122 1447 1236 1486 illum
1258 1447 1468 1496 inutilem,
1505 1447 1573 1484 hic

123 1501 210 1554 ipse
235 1509 344 1553 grate
370 1503 586 1555 profitendi
618 1505 733 1542 locus
771 1510 840 1544 est.
906 1517 997 1541 nam
1023 1504 1214 1554 quaedam
1245 1503 1287 1541 in
1321 1503 1397 1541 hoc
1426 1503 1571 1554 eapite,

122 1565 247 1610 prout
279 1559 517 1598 describitur
541 1560 584 1598 in
612 1560 814 1599 codicibus
844 1559 999 1598 duobus
1032 1560 1207 1610 alioquin
1227 1559 1413 1611 optimis,
1442 1558 1572 1597 dimi-

122 1621 221 1653 nute
241 1621 311 1653 aut
327 1616 620 1666 confusiuscule
642 1618 770 1669 posita
801 1615 973 1654 exertius
997 1616 1207 1657 Vaticanus
1237 1615 1511 1667 paraphrastes
1529 1620 1570 1654 et

123 1670 408 1722 intelligibilius
435 1673 614 1724 exponit.
672 1686 794 1724 quare
821 1671 1007 1710 nonnihil
1034 1686 1085 1710 ex
1108 1673 1179 1712 illo
1212 1671 1478 1723 interpretans
1496 1670 1570 1708 ad·-

124 1727 247 1778 scivi5
283 1728 391 1779 quod
419 1729 536 1779 quale
569 1728 642 1778 sit,
677 1743 748 1780 ne,
785 1729 850 1767 cui
873 1729 976 1768 sorte
1003 1728 1045 1766 id
1073 1741 1190 1766 curae
1218 1727 1362 1775 fuerit,
1399 1726 1569 1776 ignoret,

124 1783 242 1822 verba
260 1784 343 1825 eius
368 1784 437 1822 hic
464 1785 698 1826 adscribam.
754 1786 845 1824 loco
866 1785 983 1835 igitur
1010 1797 1147 1823 eorum
1169 1796 1271 1834 quae
1286 1788 1508 1838 sequuntur
1525 1781 1571 1818 iu

125 1844 262 1877 nostro
283 1846 475 1878 contextu
493 1842 642 1879 Graeco
667 1847 759 1891 post
787 1841 853 1881 illa
883 1840 1005 1879 verba
1024 1835 1218 1890 Ἰωάννης
1242 1838 1285 1878 δέ
1301 1851 1423 1887 usque
1439 1832 1492 1874 ad
1511 1836 1571 1874 fi-

123 1907 215 1932 nem
236 1894 398 1944 capitis,
427 1895 640 1934 Vaticanus
657 1896 754 1934 haec
775 1896 956 1934 exhibet.
996 1894 1021 1935 ό
1038 1893 1081 1934 δὲ
1107 1891 1360 1963 πατριάρχης
1369 1893 1495 1943 ἔμαθε
1515 1909 1564 1932 τα
1588 1895 1616 1929 Ρ
1641 1894 1707 1932 545

125 1947 390 2018 βουλευόμενα
405 1966 514 2002 παρα
531 1967 650 1998 τινος.
710 1951 826 1999 ἔξεισι
839 1954 939 2003 γοῦν
953 1953 1006 2004 τῷ
1023 1951 1178 2017 βασιλεῖ
1192 1945 1480 2017 συνταξάμενος
1499 1964 1568 1988 και

124 2002 174 2046 τὰ
193 2004 284 2058 περὶ
302 2002 452 2046 τούτων
469 2003 647 2058 κινήσων
668 2003 920 2058 βουλόμενος.
976 1991 1101 2045 πολλοὶ
1119 2020 1204 2072 γαρ
1210 1999 1264 2056 ἦν
1281 2019 1330 2043 να
1348 1999 1566 2055 προσιστά-

124 2076 226 2113 μενα
251 2063 307 2112 τῷ
329 2059 644 2129 συναλλάγματι,
677 2065 833 2127 πρῶτον
855 2059 900 2102 τό
933 2057 1131 2102 ἀπολῦσαι
1156 2057 1230 2111 τήν
1265 2059 1373 2128 ἰδίαν
1376 2063 1566 2128 γυναῖκα

125 2115 196 2158 τόν
211 2114 384 2168 κροὶλην,
415 2115 600 2170 δεύτερον
620 2113 813 2169 ἄνήλικον
830 2120 902 2167 τῆς
919 2112 1123 2168 θυγατρός,
1152 2116 1283 2167 τρίτον
1298 2113 1342 2156 τὰ
1361 2111 1568 2168 ἆκουσθῆ-

124 2189 194 2213 ναι
219 2172 274 2221 aig
296 2171 595 2225 ἕπιδημήσασαν
626 2189 700 2224 την
728 2170 906 2243 uovazv’iv
932 2170 1249 2223 γυναικαδέλφην
1272 2173 1345 2212 τοῦ
1373 2170 1564 2239 προτέρου

123 2227 301 2278 ἀδελφοῦ
322 2226 537 2279 Στεφάνου
567 2231 639 2272 τοῦ
673 2225 799 2279 κράλη
835 2228 892 2275 εἰς
921 2229 1095 2279 Σερβίαν
1130 2227 1230 2271 ἰδεῖν
1260 2225 1334 2278 τήν
1362 2223 1564 2279 ἀδελφήν,

124 2282 214 2337 ἥτις
225 2279 279 2336 ἦν
292 2282 395 2353 γυνή
414 2287 487 2325 τοῦ
502 2280 775 2335 Στεφάνου,ο
754 2281 861 2331 οστις
877 2278 931 2335 ἦν
948 2283 1015 2323 καὶ
1019 2280 1223 2352 κατεαγοὶς
1247 2298 1290 2323 το
1310 2282 1464 2351 σκέλος
1492 2281 1562 2330 δια

124 2344 242 2382 τοῦτο
259 2340 328 2381 καὶ
355 2337 618 2410 ἀπραγμόνως
645 2340 729 2405 ἔζη·
758 2336 877 2387 αὐτος
902 2337 977 2393 yde
997 2341 1059 2408 ἠν
1078 2335 1356 2409 δικαιότερος
1340 2337 1416 2391 τήν
1433 2335 1562 2409 ἆρχῂν

126 2396 248 2466 ἔχειν,
278 2395 334 2444 εἰς
349 2400 504 2449 πρῶτος
523 2391 711 2447 ἀδελφός·
741 2393 839 2446 αυτή
860 2398 959 2448 γοῦν
966 2411 1006 2463 η
1028 2410 1176 2447 μοναχη
1197 2410 1265 2435 και
1283 2397 1356 2435 τοῦ
1374 2394 1563 2464 βασιλέως

51 2450 55 2453 ’
124 2447 180 2504 ἦν
187 2452 534 2518 γυναικαδέλφη’
515 2469 559 2493 εκ
574 2456 646 2503 τῆς
667 2454 739 2492 τοῦ
768 2452 890 2504 ῥῆγος
918 2446 1121 2515 Ου’γγρίας.
1175 2447 1322 2502 ταύτην
1341 2466 1416 2491 ουν
1440 2451 1562 2502 (forte

124 2504 266 2562 ταύτῃ)
284 2513 484 2561 πορνικῶς
499 2505 687 2562 ἥκουσθη
704 2510 944 2561 συμμιγῆναι
962 2506 987 2547 ό
1000 2502 1180 2559 κρᾶληςὸ
1187 2504 1261 2560 τήν
1274 2506 1475 2563 θυγατέρα
1489 2520 1560 2545 του

125 2563 316 2615 βασιλέως
334 2563 562 2617 λαμβάνων.

236 2633 278 2671 p-
295 2623 378 2662 306
398 2633 439 2662 v.
459 2624 498 2662 3.
553 2627 803 2659 enarratores
830 2619 1000 2658 Ascraei
1015 2617 1168 2668 ροέεαε.
1232 2630 1325 2656 sane
1342 2617 1383 2654 in
1403 2613 1562 2654 Graecis

127 2673 290 2712 scholiis
308 2675 454 2714 hodie'
443 2691 485 2714 m
510 2676 725 2716 Hesiodum
746 2675 970 2714 extantibus
990 2670 1079 2725 (fol.
1103 2676 1157 2715 68
1178 2672 1239 2711 ed.
1260 2674 1428 2712 Venetae
1445 2671 1563 2712 Trin-

130 2730 255 2767 caveli
272 2731 366 2768 anni
388 2729 515 2785 1537)
534 2732 679 2782 legitur
699 2733 750 2771 ad
764 2732 831 2770 illa
848 2734 985 2783 poetae
1002 2729 1122 2768 verba
1147 2731 1255 2780 μῆνα
1284 2727 1327 2769 δὲ
1344 2730 1565 2780 Ληναιῶνα

131 2785 230 2825 haec
251 2785 500 2841 moschopuli
530 2788 753 2829 annotatio.
780 2785 879 2830 κατὰ
904 2784 975 2828 τὸν
986 2788 1110 2839 μῆνα
1126 2782 1169 2827 δὲ
1188 2787 1432 2838 Ληναιῶνα,
1457 2781 1566 2832 ocus
