1820 3112
433 149 509 192 DE
541 147 874 192 ANDRONICO
906 147 1282 192 PALAEOLOGO
1317 148 1366 190 L.
1393 146 1428 191 Ι.
1578 145 1645 192 79

175 261 383 306 τετέλεστο
405 262 481 316 μὲν
500 260 526 317 ἦ
556 266 631 315 τῆς
662 262 775 317 ἱερᾶς
802 261 957 311 θυσίας
982 257 1174 318 ἇναφορά
1185 293 1198 312 ,
1234 256 1508 303 ἅνεπτῦσσετο
1529 259 1576 302 δὲ
1597 259 1644 302 τό

175 331 319 381 πυξίον
339 329 410 387 ἐφ’
433 324 468 389 ᾧ
491 330 589 380 τοὺς
608 330 741 385 ἱεροὺς
761 328 913 384 ἄρτους
930 333 1101 384 τεθῆναι
1110 361 1124 382 ,
1161 327 1333 385 εὕρηταί
1347 345 1409 380 τις
1427 327 1557 377 εὐθὺς
1577 329 1646 370 ἔν-

175 399 249 448 τὸς
275 403 359 442 τῶν
388 399 724 454 προηγιασμένων
753 395 946 455 ἄναφορά
958 429 973 450 ‚
1019 396 1071 453 ἣν
1099 398 1150 452 δὴ
1179 399 1246 439 καὶ
1283 397 1420 440 εἴκασέ
1444 414 1507 447 τις
1534 395 1642 452 ὁρῶν

175 468 275 518 μίαν
300 471 383 510 τῶν
410 472 535 521 τριῶν
556 468 714 510 ἐκείνων
734 464 834 509 εἶναι
845 499 859 518 ,
895 465 944 521 ἢν
964 467 1032 507 καὶ
1059 470 1133 520 τῆς
1152 463 1271 519 ιῖγίας
1291 468 1358 507 καὶ
1375 464 1555 521 μεγάλης
1573 482 1642 508 τε-

143 533 330 591 5τράδος
347 536 578 587 μέλλουσαν
600 535 908 591 ἀναφέρεσθαι,
946 534 1113 587 συμβὰν
1130 532 1244 585 τότε,
1282 533 1424 583 καθὼς
1443 535 1637 599 λέλεκται,Ι
1663 545 1693 579 Β

175 672 515 726 ε’κκλησιαστικῶν
532 671 633 727 παρ’
655 671 958 726 οἶωνδηποτοῦν
981 670 1062 724 ὀψὲ
1083 675 1158 725 τῆς
1177 669 1289 725 ὧρας
1307 678 1518 726 γεγονυῖαν
1538 687 1640 726 συγ-

170 737 354 795 χώρησιν
366 772 380 792 ,
416 740 544 783 ἓκεῖσέ
558 758 636 782 που
656 739 884 796 ἁφεθεῖσαν
903 744 979 793 τῆς
995 737 1179 794 πράξεως
1200 743 1363 782 κεῖσθαι
1391 739 1640 793 συνέβαινεν.

174 806 201 862 ἦ
221 808 268 850 δ’
288 807 483 863 ἧχρείωτο
505 806 675 861 πάμπαν
693 810 759 850 καὶ
780 809 959 863 σε’σηπτο
972 840 985 859 ,
1023 805 1078 857 ὥς
1106 807 1210 862 μηδ’
1241 805 1375 850 εἰκόνα
1397 808 1532 864 φέρειν
1561 806 1639 860 ἅρ-

121 886 166 919 10
176 892 248 918 του
260 909 273 928 ,
307 876 364 930 μὴ
385 875 446 919 ὅτι
465 876 507 932 y‘
530 876 655 931 ἄρτον
681 879 747 918 καὶ
769 875 954 931 ἀμηγέπη
974 878 1219 932 φαίνεσθαι,
1257 874 1365 918 ἀλλά
1393 893 1486 918 τινα
1506 873 1637 919 τύπον

171 942 434 999 θρυμμάτων
449 943 633 998 μελάνων
654 949 859 1000 θηριακῆς
878 944 906 998 ἤ
922 961 1030 994 τινος
1045 944 1173 986 ἄλλου
1193 942 1381 987 τοιούτου
1399 942 1638 999 σκευάσμα-

171 1029 255 1062 τος.
333 1011 487 1067 τρόμος
515 1009 586 1055 οἶν
614 1011 756 1056 ἰδόντα
796 1014 1027 1069 παραυτίκα
1061 1010 1261 1066 λαμβάνει
1304 1013 1377 1055 τὸν
1406 1013 1537 1069 ἱερέα,
1570 1014 1639 1056 καὶ

174 1078 197 1123 ὅ
214 1097 254 1123 τι
278 1079 424 1135 πράξοι
454 1081 570 1136 (οὐδὲ
585 1081 663 1138 γὰρ
682 1077 732 1137 ἦν
752 1081 900 1124 ἐκεῖνον
923 1080 1040 1124 ἑνοῦν
1058 1083 1116 1130 εἷς
1140 1080 1375 1135 κατάληψιν
1398 1089 1485 1131 τοῖς
1503 1097 1634 1139 προσ·
1657 1092 1689 1127 C

172 1145 346 1205 φᾶτοις)
374 1151 575 1193 διενοεῖτο.
644 1151 711 1192 καὶ
740 1150 787 1192 τὸ
822 1154 991 1205 πρᾶγμα
1021 1149 1201 1206 φοβερὸν
1227 1149 1390 1207 ἔδοξεν,
1427 1149 1476 1193 οὔ
1492 1151 1635 1194 παθὸν

118 1225 161 1260 15
176 1214 298 1260 τόσον
326 1216 424 1260 ὅσον
457 1218 609 1274 φανέν,
657 1219 817 1274 ἐπείπερ
860 1218 913 1260 τὰ
954 1223 1029 1272 τῆς
1070 1215 1324 1273 εὖθετῆσεως
1361 1215 1635 1274 ἠμηχάνηται.

169 1287 309 1328 τοίνυν
327 1287 396 1328 καὶ
418 1288 474 1336 εἷς
494 1287 632 1341 κοινὴν
657 1287 764 1328 θέαν
794 1286 1029 1340 προυτέθη,
1066 1288 1132 1328 καὶ
1160 1286 1207 1329 τὸ
1231 1287 1419 1341 ποιητέον
1444 1287 1552 1341 μεθ’
1572 1286 1637 1330 ὅτι

170 1355 361 1408 πλείστης
383 1353 557 1408 ἔζητεῖτο
575 1359 651 1409 τῆς
670 1354 895 1408 εὐλαβείας.
964 1353 1061 1397 ἀλλ’
1084 1354 1108 1397 ὃ
1130 1350 1180 1408 ἦν
1199 1356 1265 1396 καὶ
1293 1353 1421 1398 ἐδόκει
1439 1357 1507 1398 καὶ
1535 1355 1637 1411 πρέ-

169 1439 247 1464 πον
266 1417 340 1477 ἦν,
376 1422 423 1464 τὸ
442 1423 579 1477 περιὸν
602 1427 676 1477 τῆς
696 1427 964 1479 παραλλαγῆς
988 1422 1062 1465 οὐκ
1089 1423 1225 1464 ἐδίδου
1258 1424 1467 1478 γίνεσθαι,
1481 1422 1561 1466 4καὶ
1581 1424 1634 1480 δὴ

167 1490 271 1546 πρὸς
292 1490 367 1545 τὴν
398 1490 629 1546 μετάληψιν
658 1491 787 1533 ὀκνῶν
810 1489 831 1533 ὅ
851 1491 979 1546 ἱερεὺς
1002 1490 1051 1534 οὗ
1077 1492 1282 1548 προσίετο.
1353 1496 1442 1550 θεῷ
1460 1494 1486 1534 δ
1493 1491 1505 1508 '
1528 1492 1632 1535 ἂνα-

91 1579 95 1583 ·
113 1558 303 1615 que‘Qew
334 1557 468 1609 ἄλλως
493 1559 567 1602 οὔκ
587 1555 639 1615 ἦν
653 1559 712 1614 μὴ
732 1557 1022 1614 μεταλαβόντα
1049 1559 1102 1603 τὰ
1130 1562 1260 1617 δῶρα.
1329 1562 1397 1603 καὶ
1416 1560 1537 1604 ἔνθεν
1553 1561 1629 1616 μὲν

165 1689 296 1725 cruenti
318 1689 476 1724 sau-isicii
498 1693 639 1735 peracta
660 1689 852 1733 functione,
874 1695 996 1736 aperta
1015 1690 1116 1736 pyxis
1137 1690 1180 1725 ad
1204 1691 1415 1726 collocandos
1436 1691 1529 1726 iutra
1550 1703 1626 1727 eam

165 1742 380 1770 consecratos
402 1747 518 1780 panea,
542 1736 681 1770 inventa
701 1737 792 1770 intus
812 1738 976 1782 quaedam
999 1737 1160 1782 apparuit
1175 1749 1217 1771 ex
1233 1738 1541 1782 praesanctificatis
1562 1739 1627 1772 ob-

164 1780 269 1824 latio,
302 1793 402 1827 quam
434 1782 510 1826 quis
539 1782 673 1816 intuens
701 1782 935 1827 suspicaretur
954 1794 1054 1817 unam
1074 1794 1118 1816 ex
1138 1783 1180 1816 iis
1203 1794 1279 1817 esse
1300 1795 1389 1828 quae
1411 1795 1498 1818 anno
1521 1795 1627 1828 supe—

164 1826 248 1860 riori
270 1827 357 1862 feria
373 1834 495 1873 quarta
517 1828 747 1862 hebdomadae
765 1828 900 1862 maioris
922 1840 996 1862 cum
1017 1828 1136 1862 offerri
1157 1829 1343 1871 debuisset,
1357 1829 1473 1862 oblata
1492 1829 1627 1863 minime

162 1873 297 1916 fuerat,
330 1878 370 1907 ut
400 1873 581 1907 indicatum
611 1879 665 1907 est
686 1874 860 1919 superius,
897 1880 1038 1919 propter
1059 1885 1229 1908 recessum
1250 1874 1557 1909 ecclesiasticorum
1580 1885 1624 1908 ex

162 1917 328 1962 ecclesia,
357 1919 655 1973 qualibuscumque
685 1920 729 1953 de
758 1919 870 1953 causis
899 1931 1119 1966 praeversum
1149 1921 1357 1954 ceremoniae
1389 1919 1527 1954 debitae
1557 1920 1623 1954 tali

163 1962 254 2002 diei,
289 1975 331 1998 ac
351 1970 532 2009 propterea
562 1964 614 1999 ib1
636 1966 751 1999 suerat
772 1965 893 2000 relicta
913 1967 1137 2011 neglectaque
1159 1965 1204 1998 ad
1237 1965 1300 1998 hoc
1331 1976 1441 2010 nsque
1467 1971 1623 2010 tempus;

163 2019 232 2087 2:¹⁰
263 2009 375 2054 spatio
409 2014 570 2054 corrupta
599 2011 729 2045 scilicet
759 2021 801 2044 ac
822 2011 922 2056 plane
943 2011 1010 2045 iam
1033 2011 1145 2056 putris
1167 2010 1347 2044 destinatis
1368 2011 1485 2056 inepta
1506 2012 1626 2046 usibus

202 2059 279 2088 erat
299 2054 442 2096 reddita,
464 2056 590 2100 quippe
612 2068 701 2101 quae
729 2067 773 2090 ne
797 2057 947 2100 speciem
967 2056 1102 2102 quidem
1124 2056 1291 2090 retineret
1310 2056 1431 2101 panis,
1466 2057 1530 2091 sed
1550 2058 1625 2091 for-

163 2109 251 2133 mam
273 2099 451 2144 quamdam
483 2100 625 2135 haberet
653 2103 916 2146 fragmentorum
947 2107 1098 2136 atrorum
1120 2102 1294 2135 theriacae
1314 2109 1375 2138 aut
1396 2102 1515 2137 similis
1536 2103 1626 2137 alte-

161 2143 234 2178 rius
254 2145 473 2179 confectionis
494 2145 568 2179 eius
589 2147 734 2191 generis.
781 2147 922 2191 diriguit
943 2147 1018 2180 visu
1046 2152 1188 2192 repente
1219 2147 1486 2192 inopinatissima
1506 2159 1625 2183 sacer-

162 2189 247 2232 dos,
269 2196 306 2226 et
326 2196 473 2226 tremore
493 2190 601 2226 totius
631 2191 783 2237 corporis
804 2193 977 2226 horrorem
999 2203 1042 2226 ac
1063 2196 1193 2226 aestum
1214 2193 1318 2227 animi
1338 2193 1536 2237 declarans,
1569 2194 1625 2228 iu-

162 2241 278 2270 certus
299 2235 380 2282 quid
403 2241 535 2281 ageret,
557 2237 732 2272 haerebat.
777 2249 888 2282 neque
919 2238 1007 2272 enim
1037 2238 1182 2273 miscere
1212 2250 1251 2273 se
1273 2240 1418 2284 putabat
1484 2251 1541 2274 sse
1561 2252 1625 2275 ve-

159 2284 271 2315 terem
290 2282 379 2317 iliam
402 2281 601 2327 particulam
626 2294 699 2317 cnm
722 2284 927 2325 recentibus,
953 2283 1063 2329 quasi,
1084 2288 1124 2318 ut
1145 2284 1222 2326 hae,
1245 2284 1296 2319 sic
1319 2285 1378 2319 illa
1399 2297 1419 2319 o
1449 2285 1519 2319 erri
1540 2297 1623 2330 per-

161 2327 314 2370 cepturis
346 2333 463 2373 posset
488 2334 524 2362 et
554 2329 721 2363 sacrificio
753 2340 796 2362 ex
825 2329 1130 2373 praesanctificatis
1161 2331 1363 2365 celebrando
1385 2331 1487 2376 digna
1509 2331 1623 2366 hostia

160 2373 303 2407 censeri.
346 2385 421 2408 cum
444 2386 527 2419 ergo
554 2374 599 2408 ad
619 2375 847 2420 spectaculum
872 2378 941 2410 tam
962 2375 1123 2417 deforme,
1146 2376 1190 2410 ad
1213 2382 1280 2411 tam
1303 2388 1430 2422 anceps
1451 2377 1623 2422 utrimque

160 2417 354 2463 pericnlum,
370 2426 508 2454 arcente
529 2420 609 2454 hinc
630 2425 666 2454 et
689 2420 767 2454 inde
789 2425 892 2462 metu,
907 2426 944 2455 et
965 2427 1076 2456 tamen
1098 2422 1220 2467 agendi
1241 2422 1446 2457 necessitate
1467 2422 1622 2456 cunctari

159 2463 371 2508 prohibente,
394 2465 454 2499 diu
475 2465 758 2501 deiiberabundus
780 2466 955 2511 expediret
976 2467 1078 2508 nihi13
1106 2467 1252 2513 denique
1286 2468 1440 2502 adhibuit
1475 2468 1621 2502 circum-

160 2513 292 2543 stantes
325 2510 369 2543 ad
399 2510 592 2554 consilium,
623 2511 822 2557 vocatisque
852 2516 987 2547 ostenso
1016 2513 1107 2559 quod
1129 2514 1290 2557 videbat,
1311 2513 1395 2559 qnid
1420 2525 1506 2559 opus
1527 2515 1621 2548 facto

158 2553 332 2588 videretur
352 2567 536 2600 suggerere
558 2569 602 2592 ue
622 2562 865 2602 gravarentur,
888 2570 1016 2593 summa
1039 2560 1255 2594 contentione
1277 2559 1513 2594 demississime
1536 2570 1619 2592 ora-

159 2599 223 2634 vit.
268 2601 381 2635 statim
403 2603 604 2637 occurrebat
625 2604 755 2638 cunctis
774 2605 870 2638 factu
892 2605 1052 2650 optimum
1074 2607 1160 2648 sore,
1180 2605 1210 2639 si
1230 2607 1384 2650 fragmen
1405 2605 1495 2639 sacri
1517 2603 1617 2648 panis

160 2645 326 2680 mucidum
345 2646 428 2681 illud
452 2653 489 2682 et
509 2653 682 2683 vetustate
701 2649 881 2684 alteratum
902 2651 1061 2685 sacerdos
1082 2651 1212 2685 edendo
1235 2655 1467 2691 consumeret,
1491 2657 1617 2688 vacin-

157 2700 226 2733 que
245 2690 312 2724 iam
333 2692 406 2726 vasi
426 2704 449 2727 a
470 2705 509 2727 se
531 2694 630 2728 modo
653 2701 851 2730 consecrata
870 2697 1022 2731 recentia
1042 2697 1188 2732 inderet.
1233 2697 1293 2731 sed
1322 2702 1393 2730 tam
1426 2700 1518 2729 tetra
1539 2698 1616 2729 erat

159 2733 232 2769 eius
251 2737 397 2780 species,
417 2742 456 2772 ut
477 2742 608 2774 tantum
630 2744 797 2786 imperare
817 2742 988 2776 stomacho
1011 2743 1186 2776 celebrans
1207 2754 1246 2776 se
1268 2746 1411 2786 negaret
1432 2751 1548 2785 posse,
1571 2751 1615 2774 ac

158 2790 202 2815 ue
222 2781 360 2816 summis
379 2783 514 2829 quidem
544 2785 652 2820 labris
673 2786 760 2822 adeo
781 2787 956 2822 rancidum
977 2789 1124 2822 frustum
1146 2788 1278 2822 omnino
1300 2786 1484 2821 sustineret
1506 2785 1613 2822 attin-
