1858 3126
319 143 396 185 DE
429 139 761 184 ANDRONICO
787 136 1163 182 PALAEOLOGO
1198 138 1247 181 L.
1271 136 1351 180 IV.
1491 133 1587 182 345

261 258 341 303 30.
406 254 621 299 ’Emi-922·
654 255 721 297 καὶ
747 257 831 296 τῶν
860 252 966 296 κατὰ
1010 248 1151 309 θέρος
1183 251 1251 294 καὶ
1290 248 1489 307 ἔγγυτίρω
1523 250 1589 292 ἐπὶ
1611 255 1642 290 C

122 325 244 370 πλέον
264 325 524 380 κακουμένων
543 323 614 382 (τὰ
633 323 676 366 δ’
700 318 808 377 ἦσαν
821 321 875 364 τὰ
907 321 951 363 ἔκ
969 321 1247 375 Νικομηδείας
1272 321 1338 362 καὶ
1353 319 1472 374 μέχρι
1488 336 1593 375 πορ-

123 398 240 450 θμοῦ
264 393 493 454 Θρακικοῦ)
516 394 599 435 ἐπεὶ
622 390 698 435 οὔκ
714 386 766 446 ἦν
782 393 995 444 μετελθεῖν
1013 389 1177 447 πολέμῳ
1197 389 1273 437 τὰς
1288 385 1427 443 μάχας
1448 389 1515 430 καὶ
1534 391 1593 446 τῷ

124 467 291 522 φανερῷ
322 460 685 518 προσβάλλοντας,
730 458 865 508 ἄλλως
891 458 994 514 ἔγνω
1018 461 1367 512 μεταχειριεῖσθαι
1405 457 1458 499 τὰ
1489 456 1596 499 κατὰ

91 532 223 581 sterias·
252 529 443 586 ἐχθρούς.
516 531 582 573 καὶ
614 529 687 572 τὸν
718 528 1000 580 Κουξίμπαξιν
1034 524 1250 581 Τόχαρον,
1297 524 1345 575 ὃς
1374 529 1494 586 Νογξὶ
1520 526 1596 579 μὲν

125 600 301 660 ᾠκείωτο
319 597 484 651 πάλαι,
530 598 583 641 τὰ
612 600 789 653 Περσῶν
818 595 865 638 δ’
887 595 1002 648 ἴσεβε
1017 596 1085 638 καὶ
1105 599 1189 637 τῶν
1207 595 1298 649 περὶ
1315 594 1466 637 ἐκεῖνον
1487 592 1596 637 Μά-

121 686 204 726 γων
222 667 275 711 τὰ
291 665 491 724 κράτιστα
508 662 581 721 ἦν,
617 664 789 721 ὕστερον
818 666 841 708 δ
853 664 866 680 '
898 665 1049 707 ἐκείνου
1073 660 1338 713 ἀπολωλότος
1358 667 1416 722 τῷ
1438 664 1594 706 ἐκεῖθεν

122 740 213 796 πλῷ
232 736 335 795 πρὸς
354 736 453 786 τούς
471 734 566 778 κατ’
589 734 794 788 ἀνατολὴν
820 733 991 790 Πέρσας
1014 730 1225 789 χρώμενος
1252 730 1332 775 ὅσα
1349 733 1507 788 γυναικὶ
1527 734 1594 774 καὶ

122 806 262 848 παισὶν
292 806 335 856 ἐξ
364 804 601 854 ἀντιπνοίαις
632 804 859 859 περιπίπτει
889 808 976 851 τοῖς
1001 800 1107 844 κατὰ
1136 801 1211 856 τὴν
1235 800 1443 855 Ποντικὴν
1458 798 1590 857 Ἡρᾶ-
1614 808 1646 843 D

70 880 115 914 10
124 878 259 917 κλειαν
270 871 485 927 ,Ῥωμαίοις
498 906 511 925 ,
547 873 613 915 καὶ
635 871 809 927 βασιλέα
829 868 1168 924 ἐπικαλεσάμενος
1191 867 1366 921 σώζεταί
1387 887 1430 912 τε
1453 871 1520 912 καὶ
1541 869 1593 912 τὰ

124 945 389 999 λ’ριστιανῶν
406 942 579 998 αἱρεῖται
602 943 669 984 καὶ
691 941 854 983 πανοικὶ
870 941 1133 994 βαπτίζεται,
1170 937 1396 981 κάντεῖθεν
1415 937 1591 998 ᾠκείωτο

124 1015 297 1066 βασιλεῖ.
366 1007 459 1054 τότε
477 1011 615 1053 τοίνυν
635 1008 830 1064 βασιλεὺς
846 1005 1028 1064 κρυπτόν
1045 1025 1084 1051 τι
1106 1009 1173 1050 καὶ
1203 1006 1372 1050 συνετὸν
1393 1004 1594 1063 πειρώμε-

125 1096 196 1129 νος
215 1080 362 1123 ε’ννοεΐν
373 1111 388 1132 ,
416 1076 599 1134 κηδεύειν
617 1083 767 1122 τοῦτον
790 1078 854 1119 ἐπὶ
876 1078 1057 1133 θυγατρὶ
1086 1076 1159 1119 τὸν
1182 1073 1507 1130 Σολυμάμπαξιν
1526 1076 1593 1133 ἔγ-

122 1155 269 1204 χωρεῖ,
306 1148 353 1198 ὃς
374 1147 427 1203 δὴ
449 1149 516 1190 καὶ
540 1151 623 1190 τῶν
650 1147 823 1202 πλησίον
845 1147 1011 1200 ε’χθρῶν
1031 1142 1247 1200 ἡγεμόνευε
1260 1176 1273 1195 ,
1311 1146 1379 1187 καὶ
1395 1145 1500 1199 μετὰ
1518 1149 1595 1188 τοῦ

70 1222 114 1258 15
124 1217 173 1260 τὸ
195 1219 322 1271 κῆδος
346 1220 551 1272 προβῆναι
570 1218 638 1258 καὶ
660 1215 785 1258 αὐτὸν
802 1212 980 1270 ἡγεμόνα
997 1218 1079 1256 τῶν
1100 1213 1205 1256 κατὰ
1224 1212 1299 1267 τὴν
1315 1211 1595 1269 Νικομήδειαν

126 1290 334 1345 καθιστᾷ,
371 1284 444 1342 ἐφ’
478 1279 588 1344 ᾧπερ
619 1286 661 1335 ἐξ
693 1281 854 1340 ἀγάπης
884 1284 952 1325 καὶ
987 1283 1217 1338 συγγενείας
1255 1281 1395 1337 ὄνησίς
1422 1299 1484 1332 τις
1510 1290 1596 1333 τοῖς
1620 1295 1648 1330 P
1671 1294 1738 1330 238

121 1351 333 1408 Ῥωμαίων
363 1350 575 1410 πράγμασι
604 1354 776 1409 γίνοιτο,
813 1350 890 1394 κᾶν
909 1350 1029 1394 οὐδέν
1051 1351 1092 1400 ἒς
1115 1348 1240 1393 τόσον
1259 1348 1284 1405 ἦ
1308 1350 1465 1394 ἐπίνοια
1486 1350 1594 1406 ὤνη-

125 1439 207 1466 σεν.
275 1420 296 1465 ὅ
322 1422 396 1477 μέν
418 1421 496 1478 γὰρ
519 1421 594 1471 τὰς
618 1422 831 1477 ἐπιγαμίας
850 1419 955 1478 πρὸς
974 1419 1022 1463 τὸ
1042 1419 1253 1477 συμφέρον
1273 1419 1411 1472 ἐποίει,
1448 1421 1514 1462 καὶ
1533 1421 1597 1463 ἐπὶ

217 1519 253 1555 8.
274 1513 368 1563 ὅσα]
396 1515 571 1564 curiga?

213 1610 272 1648 30.
318 1611 431 1652 Quale
453 1610 588 1646 minime
610 1615 692 1646 tunc
715 1610 848 1654 aderat,
875 1610 1010 1657 quando
1033 1609 1152 1656 utiquc
1175 1621 1250 1644 cum
1273 1610 1418 1646 maxime
1443 1610 1530 1645 sitae
1553 1612 1598 1646 ad

168 1660 244 1691 rtas
278 1660 315 1692 et
346 1657 398 1691 his
429 1657 614 1692 viciniores
646 1658 749 1692 urbes
781 1669 823 1692 ac
852 1663 967 1692 terrae
999 1668 1021 1691 a
1043 1656 1244 1691 Nicomedia
1272 1668 1381 1702 usque
1404 1658 1447 1691 ad
1473 1659 1598 1692 fretum

159 1702 309 1738 hraciam
332 1702 493 1738 dirimens
514 1704 769 1738 barbaricarum
795 1704 1023 1738 incursionum
1045 1703 1143 1736 malis
1164 1703 1435 1737 intolerabilibus
1457 1714 1600 1737 ureren-

126 1754 194 1783 tur.
240 1749 294 1783 liis
316 1749 475 1795 quoniam
497 1750 624 1784 mederi
657 1750 746 1784 bello
769 1755 890 1796 aperto
917 1757 953 1784 et
975 1748 1160 1783 commissis
1182 1760 1293 1794 aequo
1316 1760 1435 1794 campo
1458 1749 1599 1794 praeliis

124 1795 212 1829 male
234 1800 376 1840 pannis
398 1807 420 1830 a
444 1807 483 1830 ro
505 1796 642 1830 militari
669 1796 828 1842 nequiret
859 1795 1067 1841 imperator,
1099 1795 1202 1829 aliam
1233 1794 1319 1828 inire
1350 1795 1440 1828 viam
1474 1794 1599 1829 statuit

126 1839 243 1874 hostes
262 1841 455 1884 metuendi,
477 1842 605 1876 utendo
631 1841 789 1876 videlicet
810 1842 856 1876 ad
881 1842 915 1876 id
938 1852 1044 1886 opera
1067 1840 1288 1885 Cuximpaxis
1309 1839 1472 1874 Tochari.
1520 1842 1597 1874 sue-

126 1889 183 1919 rat
205 1886 259 1918 hic
281 1886 360 1920 olim
382 1886 506 1932 Nogae
527 1887 723 1929 familiaris,
746 1887 980 1934 superstitioni
1002 1892 1084 1921 tunc
1107 1887 1288 1920 Persarum
1311 1885 1487 1927 addictus,
1510 1886 1596 1921 adeo

125 1934 166 1964 ut
186 1930 276 1964 inter
298 1932 468 1977 principes
493 1933 566 1968 illic
596 1945 770 1968 sacrorum
806 1945 923 1978 magos
953 1933 1011 1966 vel
1044 1932 1078 1965 in
1102 1932 1216 1977 primis
1249 1931 1324 1976 ipse
1346 1936 1592 1967 numeraretur.

128 1980 248 2021 postea
271 1975 373 2020 Noga
396 1979 568 2022 extincto,
602 1990 707 2013 uxore
730 1991 771 2013 ac
794 1979 873 2013 filiis
896 1979 931 2012 in
954 1989 1075 2012 navem
1098 1977 1280 2022 impositis,
1310 1977 1386 2011 vela
1408 1977 1488 2011 inde
1510 1978 1594 2012 fecit

126 2032 247 2055 versus
270 2021 467 2056 orientales
491 2025 638 2066 Persas,
661 2025 721 2057 sed
744 2030 845 2059 vento
869 2023 1025 2069 repulsus
1047 2023 1163 2056 incidit
1184 2023 1219 2056 in
1232 2034 1349 2056 manus
1368 2026 1591 2058 Romanorum

126 2066 326 2101 Heracleam
349 2067 522 2102 Ponticam
546 2069 786 2111 obtinentium3
817 2069 876 2104 ubi
907 2081 974 2103 non
1006 2070 1137 2102 frustra
1168 2067 1345 2113 implorata
1375 2068 1593 2115 imperatoris

125 2113 240 2158 gratia
272 2112 444 2147 incolumis
478 2114 633 2159 liberque
661 2121 816 2149 servatus
849 2120 971 2159 sponte
1001 2114 1230 2148 Christianam
1267 2115 1421 2161 suscepit
1453 2115 1593 2161 religio-

127 2170 203 2193 nem
226 2162 263 2192 et
286 2170 360 2193 cum
384 2159 482 2194 domo
506 2160 665 2195 universa
687 2161 880 2206 baptizatus
903 2164 975 2201 est,
998 2171 1041 2193 ex
1064 2170 1132 2204 quo
1163 2171 1263 2194 carus
1293 2160 1498 2208 intimusque
1520 2164 1592 2197 Au-

126 2210 228 2249 gusto
250 2205 366 2250 coepit
388 2217 476 2240 esse.
523 2205 577 2240 cui
599 2211 673 2240 tota
695 2207 886 2250 sagacitate
907 2205 1031 2239 mentis
1054 2204 1185 2239 intento
1208 2205 1434 2252 disquirendis
1457 2208 1520 2242 viis
1543 2209 1595 2243 le-

125 2250 310 2285 vandamm
334 2255 396 2285 aut
427 2252 679 2286 minuendarum
711 2263 799 2297 quae
829 2256 967 2285 cunctos
999 2251 1074 2284 sere
1097 2251 1162 2285 sibi
1184 2252 1338 2287 subditos
1361 2254 1594 2299 opprimerent

128 2296 293 2340 cladium,
317 2297 475 2342 quiddam
499 2297 542 2332 ad
568 2299 632 2332 hoc
654 2298 874 2343 percallidmn
898 2308 940 2331 ac
962 2296 1110 2330 solerter
1132 2299 1357 2343 excogitatum
1389 2303 1464 2334 sore
1487 2301 1596 2335 visum

127 2348 191 2383 est,
216 2342 267 2376 uti
290 2343 355 2376 hoc
377 2344 473 2377 velut
495 2343 593 2378 hamo
616 2343 660 2379 ad
683 2355 783 2378 unum
807 2355 850 2377 ex
871 2342 1128 2377 infestatoribus
1150 2343 1334 2380 Romaniae
1356 2346 1512 2381 barbaris
1536 2353 1596 2382 aut

125 2387 162 2421 in
185 2393 303 2432 partes
324 2389 561 2423 attrahendum
585 2394 644 2424 aut
667 2394 761 2424 certe
783 2389 1015 2433 mitigandum,
1038 2393 1077 2423 ut
1098 2390 1303 2424 moderatius
1323 2392 1486 2427 saeviret.
1534 2404 1598 2438 pa-

126 2432 192 2467 lam
213 2433 318 2478 igitur
340 2435 505 2479 permisit,
530 2436 623 2470 cuius
646 2436 774 2470 scilicet
794 2435 843 2469 illi
866 2436 917 2468 rei
941 2436 1026 2468 clam
1052 2441 1171 2469 auctor
1193 2437 1319 2479 fuerat,
1340 2443 1380 2472 ut
1402 2438 1506 2473 filiam
1529 2441 1596 2473 So-

126 2479 329 2524 lymampaxi
353 2481 548 2524 collocaret,
571 2482 652 2516 duci
674 2481 844 2516 exercitus
867 2482 1088 2515 barbarorum
1110 2481 1251 2517 viciniae
1272 2483 1463 2526 insidentis,
1487 2487 1526 2518 nt
1548 2484 1598 2518 sic

127 2534 202 2558 eum
225 2525 474 2562 necessitudine
503 2528 623 2572 generi
654 2527 835 2563 obnoxium
859 2526 1082 2572 Cuximpaxis
1104 2527 1233 2562 habens
1254 2529 1413 2564 deliniret
1436 2530 1598 2564 concilia-

127 2574 248 2622 retque
258 2570 431 2616 imperio,
462 2574 558 2608 cuius
588 2574 662 2628 ipse
693 2578 812 2619 partes
833 2579 1054 2618 sequeretur3
1085 2574 1176 2619 quod
1198 2578 1238 2608 ut
1260 2582 1432 2611 constaret
1454 2575 1596 2610 manife-

129 2618 226 2658 stius,
249 2618 389 2650 eundem
411 2619 581 2654 affinitate
602 2624 671 2654 ista
693 2620 762 2655 iam
784 2622 959 2653 contracta
982 2629 1136 2653 socerum
1155 2620 1422 2668 Solymampaxis
1444 2621 1596 2666 regioni-

129 2659 194 2693 bus
217 2660 437 2698 Nicomediae
469 2665 668 2700 circumsitis
690 2665 765 2700 vice
796 2676 859 2700 sua
884 2664 1051 2710 praefecit
1082 2665 1290 2712 imperator,
1326 2678 1469 2713 sperans
1491 2666 1597 2712 Soly-

131 2706 327 2750 mampaxim
350 2709 495 2744 caritate
525 2711 641 2746 uxoris
676 2723 718 2746 ac
739 2711 850 2745 soceri
872 2710 1078 2745 verecundia
1099 2715 1365 2758 temperaturum
1388 2725 1410 2747 a
1429 2713 1592 2756 nocendo,

130 2749 249 2783 saltem
262 2756 347 2803 'tam
384 2754 622 2799 inclementer,
655 2756 896 2792 commendatis
929 2761 997 2790 tam
1020 2755 1189 2792 coniuncti
1210 2759 1277 2794 sibi
1301 2759 1398 2794 ducis
1421 2759 1597 2794 custodiae

132 2794 301 2831 Romanis.
346 2798 431 2835 haec
452 2803 625 2847 Augustus
647 2803 784 2849 quidem
806 2802 992 2848 prudenter
1015 2802 1066 2838 ita
1088 2804 1272 2840 consuluit:
1302 2810 1475 2841 caeterum
1495 2805 1594 2840 istius
