1858 3126
601 163 704 209 LIB.
737 162 790 208 Π.
860 162 1069 206 NOTAE.
1467 159 1563 206 763

111 286 271 314 manum
298 286 395 313 vero
420 273 540 326 stirpe
565 271 703 320 fuisse,
730 270 855 310 filium
874 269 1035 309 Ricardi
1056 269 1176 309 Plori.
1231 269 1339 309 unde
1367 275 1409 310 et
1436 269 1565 323 ipsum

110 330 304 371 Monada
320 330 482 368 Florum
500 329 764 380 cognominat.

223 400 264 426 v.
282 389 346 429 10.
373 384 615 424 Pharendus
644 386 804 426 Tzimee.
860 381 927 420 hic
947 395 1043 421 vero
1066 382 1223 421 nomine
1243 382 1373 422 dictus
1392 388 1451 422 est
1466 383 1566 421 Fer-

87 454 90 456 “
109 443 260 482 raudus
278 443 485 491 Ximenoe,
515 442 573 480 uti
598 455 670 479 nos
695 441 811 478 docet
824 439 965 478 Petrus
986 435 1307 478 d’Oultremanus
1322 440 1425 478 libro
1444 439 1566 478 modo

109 499 285 548 laudato,
312 505 513 537 auctorem
531 498 657 535 citans
676 495 927 542 Moncadam,
955 495 1023 544 qui
1040 502 1080 533 et
1095 495 1213 546 paulo
1236 496 1419 544 inferius,
1448 509 1481 537 c.
1500 495 1568 544 14,

109 555 317 594 memorati
337 568 360 592 a
374 553 613 606 Pachymere
631 552 822 591 Ferrandi
844 564 866 589 e
882 551 1023 602 Cyzico
1042 564 1215 589 recessus
1238 553 1427 590 meminit.

220 625 262 664 p.
287 610 371 654 894
390 624 435 648 v.
457 613 497 652 8.
535 608 785 648 Theuderico.
820 607 949 659 agitur
967 607 1032 645 hie
1050 608 1133 645 siue
1153 608 1274 646 dubio
1297 608 1346 646 de
1365 608 1568 648 Friderico

107 666 324 718 fflgonio,
352 667 463 705 cuim
486 672 534 705 ut
551 672 686 705 noster
707 664 907 703 balbutit
895 677 937 702 m
958 664 1136 712 nomine,
1165 664 1221 702 ita
1238 664 1280 702 in
1296 677 1436 715 genere
1451 678 1568 717 pere·-

106 723 302 775 grinatur.
341 729 427 762 erat
447 723 549 764 enim
565 728 677 773 gente
693 721 902 773 Hispanus,
921 733 1003 758 non
1022 720 1263 770 Germanus5
1292 726 1332 759 et
1348 735 1431 760 nou
1451 722 1568 761 Man-

106 779 210 820 sredi
224 791 359 832 nepos,
389 779 458 817 sed
476 779 582 817 Petri
602 779 701 830 regis
720 777 935 827 Aragoniae
954 776 1072 818 filius.

218 848 260 874 v.
287 836 355 878 16.
381 837 639 874 Ecaterinam
662 834 859 872 connubio
875 833 956 870 sibi
970 835 1121 882 junxit.
1160 832 1320 884 quando
1340 832 1566 872 Friderieu-

106 904 198 931 cum
214 891 355 930 Carolo
379 904 468 943 rege
487 891 666 943 Neapolis
691 903 826 942 pacem
854 889 947 928 fecit
968 902 1131 940 eamque
1159 890 1349 928 affinitate
1375 889 1564 939 firmavit,

108 961 212 986 anno
230 947 377 986 christi
402 951 527 996 1302,
560 961 637 998 qua
670 947 719 985 de
747 960 792 985 re
820 945 898 984 hoc
924 946 1012 985 loco
1038 947 1186 997 agitur,
1216 946 1440 985 fridericus
1469 947 1564 998 ipse,

106 1017 189 1043 non
205 1005 287 1042 eius
302 1004 439 1051 frater,
459 1004 576 1042 duxit
593 1017 759 1042 uxorem
775 1017 854 1042 non
876 1003 1123 1041 Ecaterinam
1142 1002 1210 1040 sed
1230 1003 1464 1041 Eleonoram
1483 1003 1563 1040 Ca-

104 1060 181 1099 roli
203 1059 347 1108 filiam,
372 1066 494 1112 prout
515 1073 565 1098 ex
585 1060 756 1098 eiusdem
776 1059 966 1098 Friderici
985 1059 1149 1110 publicis
1175 1059 1300 1097 literis
1325 1059 1428 1097 datis
1452 1058 1561 1110 apud

103 1116 286 1155 Castrum
301 1116 458 1155 Novum
479 1129 583 1155 anno
597 1115 691 1155 Chr.
712 1119 839 1164 1302,
868 1116 1009 1154 mensis
1024 1116 1191 1166 Augusti
1205 1115 1269 1153 die
1291 1118 1356 1164 19,
1385 1115 1433 1152 ab
1450 1115 1561 1153 Ode-

103 1172 188 1212 rico
207 1173 415 1224 Raynaldo
438 1173 482 1210 in
511 1185 558 1210 eo
585 1172 729 1210 Annali
753 1172 958 1223 descriptis
989 1178 1155 1210 constat.
1211 1171 1282 1210 sed
1309 1171 1466 1210 videtur
1484 1172 1563 1209 Pa-

104 1227 308 1280 chymeres
330 1228 372 1267 in
397 1227 475 1266 hoc
500 1229 659 1267 errandi
681 1229 920 1268 occasionem
950 1228 1157 1279 sumpsisse
1187 1240 1238 1266 ex
1262 1241 1308 1265 eo
1329 1228 1437 1279 quod
1455 1241 1561 1266 anno

102 1283 197 1324 Chr.
217 1286 324 1328 1295
348 1290 564 1323 tractatum
587 1286 717 1323 suerat
746 1285 988 1323 connubium
1007 1284 1198 1323 Friderici
1224 1283 1343 1322 huius
1369 1298 1460 1323 cum
1485 1285 1562 1322 Ca-

100 1339 270 1390 therina,
287 1353 340 1378 ex
357 1341 437 1378 filia
455 1342 555 1392 regis
574 1341 702 1379 Caroli
719 1341 963 1392 Neapolitani
985 1348 1025 1379 et
1044 1340 1253 1389 Balduino,
1274 1341 1343 1391 qui
1364 1341 1561 1378 Constan-

102 1397 410 1448 tinopolitanum
434 1397 641 1448 imperium
664 1398 868 1445 amiserat,
895 1403 1001 1435 nata.
1056 1397 1099 1435 id
1122 1397 1418 1435 matrimonium
1435 1396 1562 1435 vehe-

101 1459 257 1491 menter
283 1453 446 1504 urgebat
468 1454 689 1491 Bonifaeius
710 1454 798 1492 VIII
820 1455 934 1493 Rom.
962 1459 1094 1504 pont„
1124 1453 1235 1491 cuius
1259 1453 1393 1505 plures
1418 1453 1468 1491 de
1490 1453 1560 1491 illo

101 1515 334 1560 argumento
355 1509 488 1547 literas
506 1510 646 1548 recitat
663 1509 858 1548 Odorieus
878 1509 929 1547 ad
950 1510 1063 1548 illum
1084 1522 1244 1548 annum.
1300 1523 1380 1547 non
1404 1522 1561 1548 succes-

101 1565 156 1604 eit
175 1571 309 1603 tamen
338 1565 554 1616 negotium,
592 1571 632 1603 et
656 1566 722 1604 illa
741 1565 950 1605 catherina
972 1565 1114 1604 deinde
1141 1566 1276 1617 nupsit
1301 1565 1442 1604 Carolo
1462 1565 1560 1603 Phi-

101 1621 200 1673 lippi
217 1621 316 1673 regis
331 1622 574 1660 Francorum
590 1622 717 1672 fratri,
746 1636 850 1661 anno
868 1621 960 1660 Chr.
979 1625 1100 1664 1301.
1156 1622 1264 1673 quod
1283 1622 1412 1673 ipsum
1432 1622 1560 1660 alieno

100 1677 203 1727 loco,
230 1684 353 1730 prout
372 1678 499 1717 obiter
525 1678 727 1728 audierat,
758 1679 866 1717 visus
889 1684 949 1716 est
965 1691 1270 1717 commemorare
1289 1677 1561 1728 Pachymeres,

100 1746 244 1786 parum
270 1734 478 1773 attendens
500 1735 718 1786 pertineret
745 1735 788 1773 id
824 1747 946 1773 necne
973 1736 1024 1772 ad
1057 1749 1141 1774 rem
1165 1735 1215 1773 de
1236 1748 1314 1784 qua
1338 1747 1446 1771 nunc
1471 1733 1559 1784 agit,

103 1789 157 1827 ad
178 1802 312 1841 pacem
330 1791 514 1829 videlicet
531 1791 636 1829 inter
653 1791 836 1830 carolum
854 1804 982 1842 regem
1000 1791 1299 1843 Neapolitanum
1315 1795 1357 1827 et
1378 1789 1560 1827 Frideri-

103 1858 194 1883 cum
212 1845 397 1883 sancitam
415 1860 519 1884 anno
534 1847 681 1885 Christi
709 1850 829 1896 1302,
863 1860 953 1884 cum
969 1847 1047 1884 iam
1063 1861 1167 1885 anno
1185 1845 1377 1897 superiori
1395 1845 1558 1883 Carolus

102 1901 225 1939 frater
249 1901 348 1951 regis
373 1902 557 1939 Franciae
574 1908 757 1940 evocatus
774 1903 815 1940 in
832 1903 986 1940 Italiam
1012 1915 1034 1939 a
1059 1902 1264 1954 pontifice,
1293 1907 1341 1939 ut
1360 1901 1500 1939 Carolo
1521 1901 1557 1939 11

101 1957 184 2007 regi
201 1956 381 2007 Neapolis
400 1957 588 1996 adversus
608 1958 853 1996 Eridericum
873 1959 1041 1996 Siciliam
1062 1964 1319 2009 occupantem
1342 1958 1557 1995 auxiliare-

102 2018 192 2062 tur,
220 2013 452 2050 conciliante
478 2013 563 2064 ipso
593 2013 792 2051 Bonifacio
820 2014 1113 2052 matrimonium
1140 2014 1289 2051 iniisset
1317 2026 1406 2051 cum
1434 2013 1555 2051 modo

101 2074 316 2108 memorata
335 2068 564 2117 Catherina,
593 2069 787 2120 imputato
806 2069 848 2107 iu
867 2069 1000 2108 dotem
1022 2069 1172 2120 imperii
1190 2069 1552 2121 Constantinopoli-
1572 2073 1601 2108 P
1626 2073 1694 2108 549

102 2125 188 2163 tani
210 2125 344 2173 titulo,
374 2125 425 2162 ad
442 2125 550 2175 quod
571 2125 777 2162 Catherina
798 2125 860 2163 ius
884 2138 904 2162 e
923 2131 1036 2176 patre
1054 2125 1248 2164 trahebat.
1302 2131 1438 2164 narrat
1454 2125 1554 2164 haec

102 2181 265 2220 Ioannes
281 2181 468 2219 Villanius
486 2181 512 2218 l.
532 2183 558 2221 9
575 2194 611 2219 c.
634 2181 725 2222 105.
778 2180 936 2218 Iordani
952 2188 1174 2233 temporum
1191 2182 1348 2220 illorum
1364 2181 1555 2232 historici,

105 2238 215 2276 cuius
233 2251 332 2288 opus
353 2251 411 2275 ms
429 2243 607 2275 servatur
627 2237 669 2274 in
688 2236 923 2274 bibliotheca
942 2238 1129 2275 Vaticana
1152 2252 1192 2276 n.
1205 2241 1326 2287 1960,
1356 2238 1405 2276 de
1421 2237 1496 2276 hac
1509 2251 1556 2277 re

101 2293 224 2333 verba
246 2293 343 2331 haec
369 2293 511 2332 recitat
540 2292 853 2343 diligentissimus
874 2293 1071 2331 Odoricus
1088 2294 1316 2345 Raynaldus
1337 2308 1441 2333 anno
1460 2294 1556 2334 Chr.

104 2352 210 2391 1301
237 2363 277 2388 n.
309 2350 381 2392 15:
425 2356 587 2386 mortua
627 2350 793 2401 coniuge
834 2349 975 2387 Caroli
1014 2350 1172 2400 (fratris
1206 2351 1306 2402 regis
1335 2351 1555 2403 Franciae)

103 2404 223 2444 duxit
244 2405 533 2454 Catharinam,
568 2406 637 2442 cui
660 2406 727 2442 ius
754 2407 912 2456 imperii
940 2403 1375 2458 constantinopolitani
1392 2406 1558 2445 debeba-

103 2467 180 2500 tur.
237 2460 325 2499 ideo
356 2476 448 2500 cum
474 2463 518 2500 V
510 2463 632 2499 enetie
661 2463 887 2512 composuit
902 2476 982 2513 pro
1010 2462 1455 2515 Constantinopolitano
1482 2466 1556 2500 im-

96 2519 211 2567 perio
229 2517 519 2569 recuperando,
549 2525 586 2555 et
603 2519 710 2556 venit
729 2519 902 2556 Romam
921 2518 1118 2570 MCCCI,
1147 2527 1183 2556 et
1203 2534 1230 2558 a
1241 2534 1359 2572 papa
1376 2520 1557 2570 Bonifa-
1584 2538 1589 2541 ·

102 2574 165 2609 cio
188 2573 401 2625 honorifice
420 2582 626 2625 succeptus·
645 2576 822 2612 vicarius
842 2582 879 2612 et
896 2573 1078 2624 deffensor
1093 2576 1277 2614 ecclesiae
1293 2578 1556 2613 constituitur

104 2634 178 2665 etc.
233 2629 326 2667 satis
350 2643 471 2681 porro
493 2630 701 2669 verisimile
724 2637 783 2668 est
803 2631 986 2669 carolum
1010 2631 1146 2680 istum,
1174 2632 1289 2670 simul
1308 2631 1557 2670 catherinam

106 2682 235 2733 duxit,
254 2686 458 2736 sumpsisse
472 2687 635 2725 titulum
650 2686 897 2738 imperatoris
916 2687 1349 2738 constantinopolitani,
1370 2687 1556 2726 collatum

106 2738 179 2788 ipsi
204 2751 227 2775 a
257 2741 441 2790 pontifice
463 2755 647 2780 coronam
669 2743 906 2795 imperialem
936 2744 970 2781 ei
995 2744 1203 2785 tribuente.
1259 2745 1303 2782 id
1330 2743 1464 2782 saltem
1484 2743 1553 2782 in-

106 2806 227 2832 nuere
247 2796 433 2836 videntur
450 2797 516 2835 illa
537 2798 722 2837 continue
743 2800 948 2838 subiuncta
975 2800 1103 2838 nostri
1126 2801 1267 2839 verba:
1297 2814 1414 2853 quem
1434 2814 1552 2853 papa
