1820 3112
186 138 284 183 258
612 130 848 178 GEORGII
891 132 1244 177 PACHYMERIS

186 250 335 305 ἐκείνης
364 243 608 303 συγχύσεως.
680 242 813 289 ταῦτά
843 261 907 288 τοι
936 246 1004 288 καὶ
1030 245 1226 300 βασιλεὺς
1257 245 1409 304 ἀνδρὸς
1429 248 1659 292 σπουδαίου

186 319 293 376 δρῶν
313 314 502 370 δεόμενον
531 314 604 358 τὸν
634 314 775 372 καιρὸν
802 315 867 357 καὶ
893 319 1153 371 στρατηγοῦ,
1190 313 1278 370 ἅμα
1297 316 1372 370 μὲν
1392 318 1558 367 ξυνετοῢ
1575 321 1659 377 τῶν

186 384 383 431 τοιούτων
402 383 489 439 ἅμα
511 385 555 427 δὲ
573 386 640 427 καὶ
659 388 743 428 τῶν
761 380 996 440 ἐγγιζόντων
1013 383 1127 443 αὐτῷ
1149 383 1254 441 πρὸς
1273 386 1416 440 αἵματι
1427 417 1442 438 ,
1472 385 1658 442 παριδὼν

185 456 260 511 τὴν
283 455 347 496 ἐπὶ
368 457 427 512 τῷ
447 454 641 508 σχίσματι
661 453 925 510 μικρολογίαν
943 456 1017 495 τοῦ
1031 449 1239 506 Ἰωάννου,
1274 455 1342 496 καὶ
1365 451 1422 504 ὥς
1439 453 1565 504 αὖτός
1583 455 1660 510 μὲν

185 522 324 580 ἥκιστ’
362 520 413 565 ἂν
442 522 510 565 διὰ
539 522 586 565 τὸ
616 523 827 577 σχίζεσθαι
855 520 1077 577 βλάψειεν,
1108 519 1262 577 ὀνήσειε
1291 523 1336 565 δὲ
1363 521 1413 565 τὸ
1438 522 1574 566 κοινόν
1591 523 1693 584 διᾶᾄ

187 593 262 649 τὴν
298 590 516 645 εὐβουλίαν
544 592 612 634 καὶ
640 591 687 634 τὸ
720 590 789 633 ἐπ’
826 589 958 649 ἔργοις
984 593 1235 644 σπουδαῖον,
1286 593 1321 634 εἲ
1352 591 1658 648 προσληφθείη,

136 666 163 699 Β
189 658 505 714 διανοούμενος,
543 660 688 703 αὐτίκα
722 659 839 717 ἀφεὶς
868 661 1045 716 ἐγκαλεῖν
1066 661 1201 720 ἐκείνῳ
1224 659 1299 716 τὴν
1320 659 1424 717 πρὸς
1444 661 1660 716 ἐκκλησίαν

188 727 417 787 διαφοράν,
452 726 507 778 ὥς
533 727 610 784 εἶχε
638 729 683 772 δὲ
711 733 784 784 τῆς
804 727 967 785 γνώμης
984 730 1052 774 καὶ
1074 727 1196 772 πάλιν
1217 727 1341 779 ἐάσας
1363 728 1464 784 ἔχειν
1475 762 1490 783 ,
1526 745 1660 786 προσ-

186 796 352 853 λαβών,
392 797 540 854 ὀλίγοις
572 799 676 840 τισὶν
707 795 935 855 ἔφοδιάσας
966 800 1033 840 καὶ
1061 796 1247 855 χρήμασι
1265 799 1332 841 καὶ
1358 795 1661 856 στρατεύμασιν

186 868 252 911 ἐπ’
276 867 478 920 ἀνατολῆς
499 865 701 922 ἐκπέμπει.
761 864 781 910 ὅ
808 868 852 910 δὲ
873 867 948 922 τὴν
968 861 1184 922 ἡγεμονίαν
1206 865 1505 921 ἀναδεξάμενος
1521 871 1659 912 πᾶσαν
1673 877 1716 913 10

185 935 372 990 σπουδὴν
396 935 642 978 ἐνδείκνυται
663 939 870 979 καθιστᾶν
900 936 975 990 μὲν
998 936 1049 979 τὰ
1069 938 1167 993 τῇδε
1189 936 1316 994 με’ρη,
1345 933 1588 994 θεραπεύειν
1614 937 1661 980 δὲ

187 1007 253 1048 καὶ
285 1004 458 1059 βασιλέα
485 1010 575 1054 ταῖς
604 1003 712 1047 καθ’
737 1002 863 1047 αὑτὸν
885 1005 949 1046 ε’πὶ
969 1011 1054 1054 τοῖς
1071 1002 1305 1062 πράγμασιν
1327 1005 1575 1060 οῗκονομίαις
1593 1005 1661 1048 καὶ

187 1071 443 1129 διοικήσεσιν.
513 1073 649 1129 ἐπειδὴ
679 1073 757 1130 γὰρ
793 1073 831 1115 οἳ
863 1074 938 1128 μὲν
960 1075 1103 1116 πολλοὶ
1121 1078 1203 1117 τῶν
1223 1078 1488 1131 στρατιωτῶν
1506 1077 1660 1131 καιρῶν

187 1140 381 1192 πολλάκις
413 1139 634 1197 λαβόμενοι
661 1143 728 1204 καὶ
756 1145 990 1199 προσηῦξον
1013 1144 1087 1193 τάς
1110 1143 1259 1192 οἲκείας
1278 1144 1474 1199 προνοίας
1494 1144 1562 1185 καὶ
1581 1141 1658 1199 ἆρ-

138 1223 167 1257 C
191 1216 273 1269 γῶς
300 1209 404 1266 εἶχον
435 1212 478 1253 ἐκ
504 1215 578 1254 τοῦ
610 1209 759 1269 δώροις
779 1213 846 1253 καὶ
868 1209 1097 1262 δεξιώσεσιν
1115 1209 1370 1269 ὑπέρχεσθαι
1391 1210 1490 1262 τοὺς
1508 1209 1658 1268 ἧγεμο-
1672 1219 1714 1255 15

186 1278 405 1332 νεύοντας,
444 1279 563 1323 ἄλλοι
590 1281 634 1322 δὲ
665 1277 860 1330 πολλάκις
890 1281 956 1323 καὶ
989 1284 1108 1337 σφῶν
1135 1278 1346 1337 ἀξιώτεροι
1378 1280 1660 1324 ἐκλελοιπυιῶν

186 1354 270 1394 τῶν
295 1349 401 1392 κατὰ
431 1353 542 1406 σφᾶς
573 1350 814 1403 οἰκονομιῶν
835 1349 909 1404 τὴν
931 1349 1107 1407 ἀπορίαν
1129 1348 1234 1404 εἶχον
1257 1351 1323 1392 καὶ
1345 1346 1660 1406 προαιρούμενοι

150 1440 153 1443 ⁴
186 1423 261 1462 τοῦ
286 1415 586 1475 στρατεύεσθαι
608 1417 792 1472 κώλυμα,
826 1420 893 1460 καὶ
912 1413 963 1475 ἦν
983 1418 1282 1476 ἀμφοτέρωθεν
1300 1422 1359 1478 τῷ
1378 1422 1499 1479 κοινῷ
1522 1418 1658 1474 ζημία,

187 1509 265 1548 tus,
289 1516 309 1539 e
332 1504 469 1550 nuperis
491 1504 555 1538 illis
579 1505 689 1539 turbis
712 1505 824 1539 adhuc
845 1504 998 1549 graviter
1012 1504 1251 1539 laborantium.
1299 1503 1370 1546 his,
1394 1507 1496 1551 prout
1517 1515 1574 1539 res
1597 1515 1660 1550 po-
1718 1510 1723 1516 '

187 1553 350 1592 scebant,
381 1551 604 1596 procurandis
637 1562 711 1584 cum
746 1550 883 1585 videret
917 1551 1102 1596 imperator
1134 1561 1218 1596 opus
1251 1561 1328 1584 esse
1350 1551 1437 1585 duce
1458 1554 1599 1585 strenuo
1621 1553 1660 1584 et

187 1596 371 1643 prudenti,
395 1608 494 1641 quem
519 1600 555 1630 et
578 1596 621 1630 ad
645 1596 881 1630 auctoritatem
906 1597 1083 1642 expediret
1106 1608 1150 1630 ex
1173 1595 1237 1631 sibi
1259 1595 1555 1642 consanguinitate
1577 1595 1660 1630 inti-

188 1642 254 1677 mis
284 1643 417 1686 legere,
457 1653 523 1676 non
555 1643 689 1688 putavit
719 1642 907 1676 habendam
939 1642 1107 1676 rationem
1141 1642 1373 1676 contumaciae
1413 1653 1483 1688 qua
1514 1641 1660 1677 Ioannes

189 1688 445 1731 Tarchaniota,
466 1688 708 1733 superstitione
731 1689 894 1722 hactenus
916 1688 1114 1732 inflexibili,
1137 1689 1303 1723 haerebat
1327 1688 1453 1722 affixus
1475 1687 1660 1730 schismati,

189 1736 233 1769 ad
270 1746 346 1769 eum
377 1734 523 1768 caeteris
558 1734 693 1769 dotibus
723 1734 786 1768 tali
815 1736 1054 1779 praefecturae
1089 1739 1204 1780 aptum
1234 1734 1314 1768 inde
1336 1738 1521 1780 propterea
1543 1734 1660 1768 exclu-

190 1781 355 1822 dendum,
377 1780 519 1814 maxime
542 1792 616 1814 cum
638 1784 816 1825 reputaret
834 1792 895 1826 per
918 1781 1017 1815 istam
1042 1781 1130 1815 hunc
1152 1781 1366 1815 occasionem
1389 1780 1434 1814 ab
1456 1779 1543 1814 urbe
1565 1790 1661 1814 amo-

190 1832 261 1862 tum
284 1827 392 1861 minus
414 1837 516 1872 quam
537 1827 615 1860 dum
646 1826 695 1861 ibi
726 1827 817 1861 foret
847 1827 1067 1861 schismaticis
1097 1828 1332 1872 profuturum,
1365 1825 1501 1860 interim
1533 1830 1660 1868 autem,

190 1885 259 1918 qua
281 1873 420 1908 valebat
443 1872 659 1907 consiliorum
681 1872 850 1918 sapientia
873 1873 1148 1918 dexteritateque
1170 1884 1212 1907 ac
1234 1873 1305 1907 fide
1327 1873 1362 1906 in
1385 1873 1516 1916 agendo
1529 1897 1541 1913 ‚
1573 1871 1603 1906 si
1627 1871 1660 1906 ei

190 1919 377 1953 ministerio
412 1917 650 1960 adhiberetur,
678 1919 810 1953 utiliter
839 1919 1045 1953 serviturum
1076 1919 1293 1964 reipublicae.
1337 1917 1444 1963 igitur
1471 1917 1605 1953 omissis
1625 1914 1661 1952 ih

123 1981 131 1984 -
191 1976 353 2011 praesens
375 1964 497 2010 quibus
521 1977 596 1999 eum
618 1965 751 1999 solebat
771 1965 942 2000 incessere
965 1964 1272 2008 criminationibus,
1296 1963 1396 2010 quasi
1418 1975 1486 1999 non
1509 1969 1662 1998 cessaret

192 2011 368 2045 ecclesiam
394 2011 534 2045 turbare
556 2023 616 2046 suo
639 2011 674 2045 in
700 2023 881 2056 segregum
903 2011 1085 2046 factionem
1107 2011 1275 2056 pertinaci
1297 2010 1432 2053 studio,
1456 2010 1538 2056 quin
1560 2013 1599 2044 et
1619 2009 1661 2043 li-

191 2057 309 2090 beram
343 2057 374 2090 ei
407 2057 604 2091 facultatem
638 2057 793 2092 tribuens
823 2057 858 2091 in
888 2069 950 2092 sua
973 2057 1016 2091 de
1039 2057 1202 2102 religione
1232 2057 1468 2103 qualicumque
1490 2054 1661 2092 sententia

193 2113 257 2148 pro
287 2102 384 2136 libito
418 2103 579 2149 deinceps
609 2103 836 2150 persistendi,
869 2109 1075 2149 assumptum
1109 2115 1185 2138 eum
1209 2108 1245 2138 et
1269 2103 1386 2150 paucis
1418 2113 1487 2148 qua
1507 2101 1660 2147 pecuniis

193 2159 263 2193 qua
286 2148 394 2193 copiis
416 2148 621 2184 instructum
643 2150 677 2184 in
701 2149 894 2184 Orientales
915 2155 1047 2184 tractus
1071 2150 1175 2185 misit.
1224 2153 1260 2183 at
1289 2149 1348 2184 ille
1379 2151 1522 2193 accepta
1579 2158 1658 2181 rae-

192 2195 328 2227 fectura
359 2205 456 2228 omne
487 2196 637 2230 studium
673 2196 824 2230 ostendit
855 2200 927 2230 tum
962 2196 996 2230 in
1028 2196 1250 2230 restituendis
1279 2195 1347 2229 illis
1368 2194 1491 2229 misere
1513 2204 1533 2227 a
1577 2192 1657 2227 ictis

193 2239 369 2284 partibus,
393 2245 463 2274 tum
485 2241 520 2275 in
544 2242 745 2276 demerendo
769 2243 994 2287 imperatore,
1019 2242 1138 2287 suique
1161 2243 1252 2286 apud
1275 2253 1350 2276 eum
1373 2238 1523 2284 antiquis
1544 2238 1656 2283 suspi-

193 2284 347 2319 cionibus
379 2287 563 2330 purgandis
597 2288 705 2322 solida
734 2289 945 2323 exhibitione
973 2293 1147 2333 gratorum
1182 2288 1251 2333 ipsi
1286 2285 1545 2330 obsequiorum,
1583 2284 1656 2318 fida

191 2331 418 2376 prudentique
450 2332 739 2368 administratione
770 2335 935 2369 commissi
965 2334 1030 2369 sibi
1062 2333 1231 2376 muneris,
1260 2343 1330 2386 qua
1351 2342 1390 2366 se
1411 2329 1549 2374 dignum
1573 2341 1656 2375 pro-

192 2378 294 2410 baret
317 2377 442 2411 honore
464 2390 504 2412 ac
529 2379 702 2413 beneficiis
725 2379 868 2415 collatis.
914 2380 993 2414 hinc
1024 2380 1180 2426 quoniam
1210 2378 1352 2412 militum
1372 2375 1535 2422 plurimos
1557 2376 1658 2410 vide-

192 2422 255 2456 bat
278 2422 443 2464 corrasis,
467 2435 528 2468 per
552 2426 825 2471 opportunitates
847 2426 882 2460 in
904 2437 991 2472 quas
1013 2425 1114 2459 avide
1134 2424 1373 2466 imminebant,
1396 2421 1526 2456 divitiis
1548 2421 1658 2456 maxi-

194 2468 257 2502 mis
279 2468 358 2502 inde
382 2471 554 2513 segniores
577 2472 621 2506 ad
644 2471 794 2506 laborem
816 2471 914 2514 fieri,
937 2476 1120 2517 propterea
1141 2470 1250 2516 quod,
1274 2468 1459 2514 quamlibet
1480 2472 1657 2502 cessarent

195 2519 231 2548 et
255 2514 368 2548 officio
392 2514 569 2559 deessent,
592 2518 728 2563 impune
751 2529 790 2552 se
811 2517 941 2551 laturos
964 2517 1172 2551 confiderent
1195 2516 1239 2550 ob
1261 2515 1327 2549 sibi
1349 2517 1505 2560 paratam
1526 2513 1657 2547 crebris

194 2560 407 2602 muneribus,
441 2567 542 2606 prout
572 2562 638 2596 illis
661 2566 738 2598 erat
758 2563 794 2598 in
815 2567 886 2597 tam
908 2562 1024 2608 pingui
1047 2565 1183 2597 fortuna
1204 2561 1327 2605 facile,
1364 2559 1486 2594 ducum
1519 2570 1656 2593 suorum

197 2606 363 2650 gratiam,
395 2606 530 2641 aliunde
562 2612 674 2643 autem
702 2610 810 2644 fortes
831 2608 1037 2650 bellatores,
1068 2608 1159 2654 quod
1180 2607 1288 2642 minus
1309 2605 1435 2641 attenti
1457 2605 1502 2639 ad
1526 2606 1656 2640 lucrum

193 2653 327 2694 forent,
360 2663 427 2686 non
459 2653 638 2698 superfluis
670 2656 790 2699 modo,
819 2666 908 2701 quae
933 2654 1169 2700 impenderent
1187 2655 1223 2688 in
1246 2653 1354 2695 dona,
1386 2651 1448 2686 sed
1470 2651 1572 2685 etiam
1594 2662 1656 2685 ne-

194 2697 372 2740 cessariis,
396 2697 486 2732 unde
509 2699 574 2733 sibi
591 2701 824 2744 consulerent,
848 2704 1006 2735 carentes
1030 2711 1070 2734 eo
1091 2699 1165 2745 ipso
1187 2699 1358 2734 tardiores
1381 2697 1424 2732 ad
1446 2696 1655 2731 militandum

192 2743 443 2786 reddebantur,
476 2743 589 2790 inopia
611 2745 838 2791 insuperabile
859 2745 1054 2781 strenuitati
1081 2745 1269 2791 quamlibet
1289 2745 1377 2779 bene
1398 2743 1570 2778 animatae
1591 2743 1656 2776 ob-

193 2789 358 2824 staculum
381 2789 592 2834 obiectante,
614 2792 822 2830 incommodo
845 2793 1016 2838 utrimque
1037 2791 1075 2826 in
1096 2792 1252 2827 damnum
1274 2790 1431 2837 publicae
1453 2788 1505 2824 rei
1527 2787 1655 2824 redun-
