1820 3112
333 129 410 172 DE
445 126 772 172 ANDRONICO
842 123 1218 177 PALAEOLOGO
1252 125 1300 168 L.
1329 123 1406 168 111.
1495 125 1595 171 217

131 238 450 300 παρεβάλλοντο.
521 242 653 284 δοκεῖν
681 239 759 298 γὰρ
789 238 964 289 ἐκείνους
990 238 1049 294 μὴ
1083 239 1237 296 χαίρειν
1265 238 1331 282 ἐπὶ
1364 243 1453 289 τοῖς
1478 242 1597 295 σφῶν

131 308 478 368 κατορθώμασιν,
516 309 620 352 ἀλλὰ
649 310 715 352 καὶ
741 312 901 364 μᾶλλον
928 308 1149 364 ἀδημονεῖν
1172 309 1240 351 καὶ
1260 304 1395 351 ἆλύειν
1413 305 1470 357 ὦς
1484 307 1591 350 κακὰ
1614 311 1646 347 Ε

129 377 376 436 πάσχοντας.
446 377 552 434 παρ’
584 372 641 421 ὧν
671 378 740 420 καὶ
765 377 808 420 τί
821 378 1059 433 προσδοκᾶν
1079 375 1179 420 εἶναι
1207 380 1292 419 τῶν
1313 375 1486 432 ἀγαθῶν
1507 381 1595 426 τοῖς

129 445 330 504 ὁσημέραι
359 446 782 503 ταλαιπωρουμένοις,
829 443 933 488 ὅπου
965 462 1010 502 γε
1040 447 1107 488 καὶ
1135 444 1211 488 οὐκ
1231 444 1397 501 ἀγαθὰς
1423 444 1499 495 τὰς
1515 444 1591 487 ἀπ’

97 517 290 565 5ἓκείνων
317 516 421 572 πρὸς
449 515 600 566 αὗτοῦς
627 514 851 572 ἀφιγμένας
883 511 1027 571 φήμας
1051 511 1197 571 φόβον,
1214 512 1287 557 τὸν
1318 512 1492 568 ἔσχατον
1521 514 1596 568 ἒμ-

129 591 258 628 ποιεῖν
276 585 491 640 συμβαίνει
509 582 565 634 ὥς
581 582 943 640 διαπραττομένοις
957 582 1011 626 τὰ
1024 582 1238 639 χείριστα,·
1271 586 1406 624 ταῦτα
1428 581 1483 636 d'g
1495 580 1596 626 εἶναι

128 653 187 709 μὴ
207 651 334 708 μόνον
355 657 518 697 πολλῶν
538 650 811 710 φθονούντων
829 651 966 695 ἄλλων
977 684 991 705 ,
1024 651 1132 695 ἀλλὰ
1152 652 1218 694 καὶ
1238 650 1441 705 βασιλέως
1461 650 1592 694 αὐτοῦ

126 723 257 777 μηδὲν
277 723 490 771 ἔπαΐοντος
504 722 606 778 πρὸς
625 721 676 764 τὰ
698 719 800 778 παρ’
831 719 968 764 αὐτῶν
982 733 994 744 ·
1030 714 1114 763 “05
1137 719 1190 775 δὴ
1216 719 1275 774 μὴ
1297 719 1592 775 συνηδομένου,

128 787 186 840 ὥς
213 792 258 834 ἐκ
281 795 364 834 τῶν
388 788 639 848 πραγμάτων
666 789 716 832 ἄν
735 806 798 840 τις
816 791 885 831 καὶ
906 789 1191 845 συλλογίσαιτο
1202 789 1247 841 ,”
1282 787 1390 844 ἔλεγε
1407 792 1591 846 ’(κατορ-
1613 798 1643 833 Ρ
1668 799 1732 836 147

73 872 119 910 10
128 863 279 903 θοῧσιν
299 857 409 914 ἡμῖν,
433 860 626 916 σφαλεΐσί
639 875 682 914 γε
702 856 866 908 πάντως
882 859 944 908 τίς
961 858 1074 908 ἐλπὶς
1093 855 1379 900 ὑπολέλειπται
1392 857 1436 912 ‚·”
1454 861 1589 900 ταῦτα

126 927 276 983 λέγων,
312 930 379 971 καὶ
410 928 486 978 τὰς
515 925 706 981 δυνάμεις
734 929 1096 982 καταδημαγωγῶν
1135 930 1194 984 τῷ
1233 927 1303 968 καὶ
1337 925 1590 981 βαθυτέρων

125 995 334 1040 ἅπτεσθαι
351 997 423 1040 καί
438 996 482 1053 γ’
503 995 805 1054 ἐμφανεστέραν
824 995 899 1051 τὴν
923 995 1053 1038 αὐτοῦ
1073 992 1238 1051 γνώμην
1257 1001 1386 1038 ποιεῖν
1406 991 1463 1045 ὥς
1482 994 1591 1037 ἀπο-

125 1066 439 1120 στατησείοντος
465 1066 542 1108 σὺν
571 1064 712 1115 αὐτοῖς
721 1097 735 1118 ,
782 1066 818 1107 εἶ
845 1062 1065 1118 βούλοιντο
1087 1062 1215 1122 (οὕτω
1249 1062 1328 1119 γὰρ
1349 1061 1401 1105 ἂν
1422 1064 1587 1106 καὶτοῦ

125 1137 274 1180 λοιποῦ
308 1133 496 1192 εὐμαρῶς
525 1131 697 1186 διάξειν,
744 1134 779 1176 εἰ
808 1132 916 1176 καθ’
947 1132 1103 1182 αὐτοὺς
1124 1136 1345 1182 πονοῦντες
1365 1131 1483 1175 αὐτοὶ
1502 1135 1586 1175 τῶν

69 1204 114 1242 15
126 1200 322 1246 κινδύνων
350 1202 405 1246 τὰ
441 1199 555 1246 ἆθλα
581 1200 855 1259 καρπίζοιντο)
868 1234 884 1255 ,
929 1201 1056 1251 εὐθὺς
1087 1202 1155 1244 καὶ
1187 1200 1245 1243 ἔτι
1274 1201 1471 1258 συνείρων
1490 1200 1589 1250 τοὺς

123 1268 289 1327 λόγους,
333 1273 400 1314 καὶ
428 1277 511 1315 τῶν
545 1268 806 1329 κρατούντων
835 1270 887 1314 τὰ
906 1270 1041 1314 πολλὰ
1060 1266 1380 1324 καθαπτόμενος
1401 1267 1457 1320 ὥς
1477 1268 1584 1326 μηδ’
1610 1275 1638 1310 Β

214 1368 249 1403 7.
269 1365 363 1404 ἀλλὰ
385 1367 517 1403 deerat.

120 1445 276 1481 hostibus
298 1447 450 1490 facimus,
473 1447 599 1482 utinam
622 1448 713 1490 istis,
736 1448 794 1494 qui
816 1448 932 1482 fructu
953 1449 1146 1483 nostrarum
1169 1455 1403 1480 aerumnarum
1426 1443 1590 1478 delician-

121 1498 200 1535 tur,
239 1493 390 1538 gaudere
427 1496 548 1528 saltem
587 1494 804 1539 dignantibus
838 1494 943 1529 allato
978 1492 1195 1527 victoriarum
1233 1494 1424 1526 nostrarum
1459 1490 1588 1524 nuntio.

118 1538 275 1574 invident
298 1539 386 1574 enim
407 1544 526 1574 contra
549 1540 647 1574 nobis
668 1540 787 1574 sterile
807 1539 888 1574 illud
910 1540 1022 1585 ipsum
1056 1539 1182 1579 decus,
1217 1542 1253 1572 et
1285 1536 1358 1570 irae
1389 1541 1589 1582 praetextus

118 1588 299 1630 quaerunt,
319 1597 364 1620 ne
385 1587 530 1631 gratiam
551 1586 678 1620 debere
700 1586 891 1620 videantur.
937 1585 1054 1630 itaque
1074 1584 1200 1618 nostris
1222 1582 1438 1617 successibus
1461 1581 1589 1616 auditis

118 1636 277 1666 aestuare
307 1631 400 1677 ipsos
431 1632 624 1678 dolorisque
656 1631 754 1677 signa
784 1632 894 1666 intimi
925 1630 1144 1675 cognovimus
1166 1629 1289 1664 edere:
1324 1628 1406 1674 quin
1429 1631 1466 1662 et
1487 1626 1589 1673 queri

211 1688 287 1712 uam
321 1678 475 1713 iniuriam
506 1689 636 1724 passos.
680 1678 770 1712 unde
799 1677 992 1723 intelligitis
1022 1689 1124 1722 quam
1157 1675 1344 1710 mercedem
1376 1674 1587 1708 heroicorum

116 1723 163 1758 ab
184 1723 238 1758 his
269 1729 453 1769 expectare
476 1725 662 1759 facinorum
692 1725 885 1759 debeamus.
932 1734 1048 1757 verum
1079 1723 1144 1757 hoc
1173 1722 1283 1768 ipsum
1318 1721 1446 1754 certius
1469 1718 1586 1765 quoti-

116 1769 218 1804 diana
240 1770 448 1815 experientia
469 1782 532 1805 nos
554 1771 674 1814 docet,
698 1770 780 1804 nihil
800 1770 880 1804 inde
903 1769 995 1804 aliud
1018 1769 1172 1815 accipere
1194 1768 1310 1802 solitos
1333 1766 1399 1800 nisi
1421 1775 1584 1798 novorum

115 1814 338 1850 iniunctiones
365 1816 535 1859 laborum,
566 1817 812 1852 imminutiones
850 1815 1095 1862 stipendiorum
1128 1817 1303 1854 veterum,
1334 1810 1584 1846 subtractiones

116 1860 371 1904 alimentorum,
402 1862 549 1907 denique
571 1863 678 1898 minas
701 1863 806 1897 sortis
827 1861 863 1896 in
886 1866 1059 1908 posterum
1082 1860 1184 1895 etiam
1209 1858 1346 1904 peioris.
1392 1856 1471 1890 fidis
1495 1855 1584 1890 enim

116 1906 297 1941 amioorum
318 1907 451 1942 indiciis
482 1909 637 1943 discimus
666 1915 726 1943 aut
756 1907 884 1942 deferri
913 1912 973 1941 aut
1006 1907 1120 1941 delata
1142 1903 1294 1940 simulari
1316 1902 1439 1947 gravia
1461 1901 1498 1935 in
1520 1912 1582 1935 nos

115 1951 195 1986 illuc
217 1953 368 2006 crimina,
391 1953 434 1987 de
457 1954 580 1999 quibus
603 1955 682 1988 dum
703 1955 763 1988 isti
786 1954 989 1996 deliberant,
1011 1952 1108 1986 nobis
1131 1950 1213 1996 quid
1235 1949 1328 2001 aliud
1350 1948 1393 1981 fit
1414 1946 1583 2000 reliquum

117 2009 217 2042 quam
240 2009 276 2031 ιιι
298 1998 390 2033 tristi
420 2000 656 2043 expectatione
687 2011 868 2045 poenarum
890 1998 1160 2033 saevissimarum
1186 1994 1357 2040 trepidam
1378 2004 1581 2038 anxiamque

115 2043 223 2078 vitam
245 2043 381 2085 ducere,
404 2044 522 2089 utique
544 2057 622 2079 mox
654 2045 802 2090 pessima
824 2044 996 2091 passuris,
1031 2055 1073 2077 ea
1096 2042 1201 2076 solum
1223 2041 1266 2074 de
1290 2051 1393 2075 causa
1414 2039 1504 2085 quod
1525 2040 1581 2073 fe-

118 2092 261 2124 cerimus
285 2089 443 2134 optima?
472 2101 583 2134 neque
608 2091 644 2125 hi
666 2091 774 2135 magis
795 2090 831 2124 in
853 2102 915 2124 nos
937 2087 1159 2133 ingratissimi
1180 2097 1298 2121 sensns
1320 2084 1580 2120 ministrantium

114 2134 186 2169 illic
209 2140 245 2170 et
267 2137 368 2169 rebus
391 2135 618 2180 gubernandis
649 2137 898 2181 praefectorum
928 2146 1029 2180 quam
1052 2134 1157 2178 ipsius
1186 2137 1266 2167 sunt
1287 2131 1460 2178 principis.
1506 2131 1580 2177 pri-

115 2191 191 2216 mus
211 2181 269 2216 ille
291 2186 327 2215 et
348 2181 491 2215 maxime
513 2182 656 2216 omnium
679 2181 808 2216 invidet
829 2181 938 2222 nobis,
953 2180 1009 2214 ille
1030 2179 1287 2224 implacabiliter
1309 2189 1372 2212 nos
1394 2177 1479 2213 odit.
1523 2176 1580 2211 ille

115 2227 216 2262 avide
238 2239 353 2262 omnes
374 2227 530 2261 sinistros
552 2228 595 2262 de
618 2228 720 2261 rebus
742 2227 870 2261 nostris
891 2226 1122 2270 undecumque
1142 2235 1295 2259 rumores
1316 2223 1504 2269 accipiens,
1533 2222 1579 2257 ad

114 2273 252 2354 93ῥὲἑὲ
273 2273 485 2354 ἀεξὲοῗιείοιιεε
507 2273 720 2354 ἰιιᾱιιιῖἓειιιίἲέ
742 2278 879 2307 nostrae
900 2271 1312 2354 zamciffllffifuff'ssmss
1326 2270 1440 2350 :tibet
1460 2269 1578 2303 inexo-

112 2330 132 2353 ι·
177 2331 189 2352 ι
250 2331 268 2352 r
289 2331 308 2353 o
363 2330 452 2356 usas,
498 2332 531 2355 vi
555 2332 574 2354 e
633 2331 675 2353 au
713 2330 745 2353 m
792 2330 868 2353 uam
890 2329 911 2352 a
956 2329 1009 2359 eo,
1057 2328 1093 2350 ιιι
1129 2328 1260 2351 aicium
1282 2327 1324 2350 no
1378 2327 1473 2350 orum
1495 2326 1578 2350 con-

113 2368 170 2399 tra
200 2365 315 2400 hostes
347 2376 564 2400 successuum
596 2365 719 2400 nullam
751 2331 908 2409 uinquam
939 2329 1188 2409 acqui‘iscentis
1219 2362 1319 2397 animi
1349 2362 1514 2397 laetitiam
1536 2373 1578 2395 ac

113 2411 372 2454 gratulationem
393 2412 583 2446 ostenderit
605 2411 754 2454 audiens,
779 2410 988 2452 offensionis,
1011 2409 1043 2443 εἰ
1064 2420 1133 2454 qna
1146 2409 1273 2451 Marte,
1296 2413 1337 2442 ut
1359 2408 1458 2450 solet,
1479 2407 1577 2441 vario

112 2456 148 2490 in
170 2456 269 2491 bellis
290 2456 466 2502 inciderit,
492 2469 632 2503 sperare
654 2457 785 2491 veniam
807 2456 1006 2502 possimus.''
1053 2465 1156 2500 super
1177 2454 1263 2490 haec
1284 2454 1382 2499 plura
1406 2453 1578 2498 congessit

111 2501 186 2539 irae
217 2502 252 2536 in
283 2502 488 2548 imperantes
523 2503 744 2539 concitandae
774 2502 913 2537 militum
945 2506 982 2536 et
1004 2500 1212 2546 contemptui
1234 2501 1414 2535 eorundem
1436 2499 1577 2543 ingene-

111 2548 219 2582 mdo
242 2551 512 2590 accommodata,
546 2562 613 2595 quo
636 2549 686 2584 sic
708 2549 902 2596 exploraret
924 2547 1050 2582 certius
1083 2547 1165 2592 qnid
1197 2546 1247 2580 illi
1277 2546 1379 2581 animi
1400 2546 1577 2587 haberent,

112 2598 342 2639 quantumque
364 2595 399 2629 in
421 2595 543 2631 studiis
563 2595 696 2630 illorum
718 2607 760 2630 ac
791 2595 862 2629 fide
884 2605 968 2638 erga
991 2605 1030 2627 se
1051 2591 1219 2627 constanti
1241 2592 1407 2627 collocare
1427 2589 1577 2625 fiduciae

113 2649 180 2673 non
201 2638 431 2685 imprudenter
458 2646 586 2687 posset.
634 2653 674 2676 eo
698 2642 806 2682 enim,
830 2644 869 2675 ut
891 2639 1054 2682 diximus,
1075 2638 1214 2677 consilio
1234 2638 1322 2674 hanc
1343 2643 1420 2673 erat
1440 2637 1576 2680 ingres-

112 2694 172 2719 sus
193 2684 411 2730 orationem,
431 2691 470 2722 ut
492 2687 643 2722 intimam
664 2687 871 2722 adstantium
893 2685 1032 2720 eliceret
1054 2685 1256 2721 sententiam
1278 2694 1487 2728 arcanasque
1508 2691 1575 2716 nn-

113 2729 213 2784 §laret
234 2730 445 2775 voluntates3
464 2733 501 2767 id
523 2733 614 2778 quod
635 2733 727 2769 haud
748 2732 848 2767 dubie
870 2734 1070 2769 consecutus
1094 2734 1158 2766 est.
1203 2731 1261 2766 illo
1284 2730 1370 2764 enim
1392 2729 1483 2762 ultra
1504 2727 1573 2762 iam

111 2775 262 2812 mdlcata
284 2783 446 2824 pergente
477 2790 662 2815 memorare
693 2779 737 2815 de
770 2777 1056 2824 contemptissima
1086 2776 1215 2814 inertia
1234 2776 1374 2811 duorum
1398 2775 1571 2820 Angusto-

409 2827 439 2853 Ν
