1858 3126
258 160 356 209 736
662 158 976 204 OBSERVAT.
1009 159 1322 209 PACHYMER.

258 271 420 313 ditionis
456 270 726 321 orthodoxae,
757 285 836 324 qua
866 271 1075 310 manifesto
1103 271 1331 311 evincerent
1361 272 1543 315 didicisse
1569 275 1711 315 Dama-

258 342 418 369 scenum
453 341 553 380 quae
580 328 702 366 tradit
723 328 771 367 de
795 330 834 367 S.
855 329 1025 381 Spiritus
1048 342 1119 382 per
1144 329 1268 368 filium
1286 343 1308 367 a
1324 337 1439 382 patre
1462 332 1712 383 processione

257 387 304 425 ab
329 384 616 436 antiquioribus
635 385 863 424 doctoribus
885 385 1095 434 ecclesiae,
1126 386 1314 424 nimirum
1337 400 1387 426 ex
1409 386 1622 427 Athanasio
1641 389 1712 428 lib.

258 443 308 483 de
336 442 520 480 Humana
542 441 690 480 Natura
717 448 899 494 suscepta
926 457 960 483 e.
977 441 1024 492 4,
1055 442 1125 481 ubi
1148 449 1322 481 tractans
1345 443 1475 482 locum
1498 443 1712 496 prophetae

258 499 422 537 navidis
450 511 499 536 ex
531 498 628 537 Psal.
661 499 714 541 35
749 503 822 542 10:
864 500 1056 551 quoniam
1085 497 1203 550 apud
1225 507 1262 537 te
1289 507 1347 537 est
1361 500 1468 550 fons
1493 503 1623 548 vitae,
1654 501 1712 540 nic

257 556 397 595 scribit
428 555 477 593 de
511 555 660 594 Davide
689 557 880 608 loquens.
913 553 996 596 οἶδε
1022 553 1096 610 γοῖρ
1125 571 1232 608 παρα
1260 558 1348 611 θεῷ
1373 556 1491 610 πατρὶ
1521 573 1618 598 οντα
1641 554 1713 599 τὸν

257 610 349 653 υἷὸν
374 608 510 666 πηγὴν
536 614 609 652 τοῦ
637 611 753 665 ἇγίου
781 609 1019 664 πνεύματος.
1075 620 1242 650 noverat
1274 614 1376 651 enim
1409 612 1526 666 apud
1557 621 1714 667 patrem

247 671 395 722 flium
422 683 503 707 esse
522 669 679 721 fontem
708 671 850 707 Sancti
881 671 1069 720 Spiritus,
1129 682 1178 707 ex
1206 669 1374 721 Didymo
1393 670 1422 712 l.
1441 673 1468 712 2
1493 670 1542 709 de
1559 670 1715 723 Spiritu

258 728 427 774 Sancto,
458 726 570 764 cuius
591 726 785 764 Graecum
812 732 1039 764 contextum
1058 726 1210 764 Veccus
1229 725 1372 765 habere
1392 728 1546 778 potuit:
1577 741 1648 765 nos
1669 726 1714 765 in

257 784 342 822 sola
363 796 463 834 quae
482 789 590 820 extat
615 782 751 820 Latina
770 782 852 821 eius
871 789 1032 820 auctore
1054 782 1296 834 Hieronymo
1314 783 1517 834 versione,
1545 782 1642 822 haec
1660 783 1713 822 le-

258 841 387 892 gimus
417 839 468 878 ad
501 839 571 877 illa
599 839 746 877 Clu-isti
774 839 817 877 in
848 839 1051 890 evangelio
1070 839 1228 878 Ioannis
1246 839 1365 879 verba
1395 842 1507 878 “non
1530 841 1635 878 enim
1649 840 1715 878 Io-

258 904 403 950 quetur
426 910 453 934 a
476 903 593 933 semet
618 897 734 947 ipso”
764 895 840 933 lzoc
867 904 945 945 est,
976 910 1056 934 non
1083 897 1170 934 sine
1197 911 1280 935 meo
1305 904 1342 934 et
1362 898 1502 948 patris
1527 897 1714 946 arbitrio,

259 956 362 1006 quia
384 952 668 1005 inseparabilis
686 967 712 990 a
737 967 826 990 mea
842 959 878 990 et
895 955 1032 1004 patris
1048 954 1276 1002 voluntate,
1307 955 1410 1005 quia
1427 967 1509 992 non
1526 967 1571 992 ex
1588 968 1630 991 se
1644 951 1719 991 sed

258 1025 304 1048 ex
327 1018 449 1062 patre
478 1018 513 1047 et
542 1023 603 1047 me
635 1018 705 1048 est.
763 1009 839 1046 ltoc
859 1011 964 1047 enim
983 1011 1116 1061 ipsum
1136 1009 1246 1062 quod
1263 1010 1466 1061 subsistit,
1497 1025 1524 1048 a
1537 1017 1659 1061 patre
1680 1017 1716 1047 et

260 1081 321 1105 me
337 1067 403 1104 illi
419 1074 486 1105 est.
544 1080 593 1104 cx
612 1062 866 1118 Epiphanio
857 1080 898 1104 m
916 1067 1114 1105 Ancorato
1135 1081 1174 1107 n.
1191 1070 1269 1109 67.
1299 1064 1468 1118 Χριστός
1488 1066 1530 1107 ἐκ
1547 1069 1619 1107 τοῦ
1636 1081 1716 1134 aa:

259 1140 356 1194 τρος
381 1118 607 1164 πιστεύεται
629 1120 730 1170 θεὸς
756 1122 798 1163 ἐκ
825 1126 950 1172 θεοῦ,
980 1123 1047 1163 καὶ
1073 1139 1117 1164 το
1148 1126 1308 1174 πνεῦμα
1333 1123 1378 1164 ἐκ
1402 1125 1476 1164 τοῦ
1493 1124 1670 1177 Χριστοῦ
1685 1118 1715 1174 ἢ

257 1177 356 1232 παρ’
385 1175 635 1232 αμφοτὲρων.
697 1179 884 1218 Christus
913 1194 958 1217 ex
984 1187 1106 1232 patre
1133 1178 1311 1218 creditur
1338 1178 1436 1218 deus
1470 1178 1518 1217 de
1553 1177 1648 1228 deo,
1679 1186 1716 1217 et

260 1239 439 1289 Spiritus
469 1251 514 1275 ex
549 1236 709 1275 Clu-isto
739 1244 816 1274 aut
848 1236 899 1274 ab
930 1237 1137 1277 ambobus.
1195 1242 1233 1275 et
1264 1242 1378 1276 antea
1405 1236 1551 1275 elalius
1576 1235 1714 1274 eodem

258 1294 362 1332 libio
385 1307 423 1332 n.
443 1297 494 1336 8·
523 1296 681 1345 πνεῦμα
700 1296 806 1334 θεοῦ
821 1292 888 1333 καὶ
905 1296 1064 1360 πνεῦμα
1084 1295 1158 1334 τοῦ
1175 1290 1322 1346 πατρὸς
1338 1292 1407 1334 καὶ
1427 1295 1593 1361 πνεῦμα
1603 1291 1714 1342 υἶοῦ,

260 1347 310 1390 ου’
329 1366 429 1391 κατα
444 1366 534 1390 τινα
556 1347 774 1400 σύνθεσιν,
804 1346 988 1402 καθάπερ
1006 1350 1048 1391 ἐν
1063 1349 1163 1403 ἡμῖν
1182 1347 1293 1402 ψυχὴ
1313 1365 1382 1390 και
1402 1352 1540 1418 odient,
1567 1344 1655 1389 ἄλλ’
1671 1347 1715 1390 ἐν

256 1406 361 1462 μέσῳ
384 1404 530 1459 πατρὸς
545 1406 613 1447 καὶ
633 1407 750 1456 υιοῦ,
781 1406 824 1447 ἐκ
840 1409 915 1447 τοῦ
929 1405 1078 1464 πατρὸς
1097 1406 1166 1447 καὶ
1183 1407 1277 1447 υἱοῦ
1295 1407 1427 1458 τρίτον
1445 1408 1496 1462 τῇ
1508 1402 1716 1460 ὀνομασία

256 1466 437 1515 Spiritus
464 1462 529 1500 dei
560 1471 596 1500 et
621 1465 799 1514 Spiritus
815 1465 955 1514 patris
974 1471 1009 1501 et
1031 1465 1214 1514 Spiritus
1223 1464 1314 1514 filii
1332 1477 1413 1501 non
1431 1463 1717 1513 compositione

255 1521 423 1571 aliqua,
455 1518 795 1570 quemadmodum
819 1522 864 1557 in
884 1521 1000 1558 nohis
1020 1523 1162 1558 anima
1178 1528 1216 1558 et
1236 1534 1400 1571 corpus,
1430 1518 1503 1556 sed
1519 1520 1622 1556 inter
1635 1531 1714 1569 pa·

254 1583 294 1613 tr
295 1590 352 1613 em
360 1576 585 1626 filiumque
603 1575 762 1613 medius
777 1590 821 1613 ex
835 1583 955 1626 patre
974 1578 1133 1627 afilia,
1162 1577 1432 1646 appellatione
1449 1576 1607 1615 tertius.
1663 1587 1715 1612 ex

257 1631 422 1683 Greom
413 1645 450 1669 10
474 1632 650 1684 Nysseuo
674 1632 699 1669 l.
726 1636 744 1672 1
769 1638 905 1670 contin
926 1633 1185 1670 Eunomium:
1217 1648 1271 1679 ως
1296 1628 1534 1672 συνάπτεται
1559 1646 1614 1671 τω
1635 1645 1715 1671 πα·-

254 1704 318 1740 τρι
349 1687 371 1729 ὁ
401 1685 512 1736 υἱός,
542 1687 609 1728 καὶ
642 1686 685 1728 τὸ
713 1688 752 1736 ἐξ
783 1684 911 1728 αυτοῦ
939 1686 1042 1729 εἶναι
1074 1689 1173 1740 ἔχων
1205 1685 1276 1740 οὐχ
1301 1687 1491 1757 ὑστερίζει
1518 1702 1618 1727 κατα
1639 1684 1714 1739 τὴν

254 1743 450 1798 ὕπαρξιν,
488 1760 595 1786 ουτω
623 1740 746 1784 πάλιν
772 1744 841 1784 καὶ
871 1747 945 1785 τοῦ
979 1747 1229 1812 μονογενοῦς
1257 1744 1381 1796 ἔχεται
1410 1759 1454 1784 το
1480 1746 1642 1795 πνεῦμα
1669 1740 1715 1784 ui

257 1799 396 1855 ἷίγιον,
426 1801 584 1868 ἐπινοίᾳ
604 1797 709 1856 μόνῃ
729 1817 827 1841 κατα
847 1798 914 1842 τὸν
934 1804 1005 1854 τῆς
1026 1802 1154 1850 αἰτίας
1181 1798 1322 1854 λόγον,
1351 1799 1714 1853 προθεωρουμένου

256 1862 328 1911 τῆς
352 1860 425 1898 τοῦ
453 1855 678 1910 πνεύματος
705 1853 974 1905 υποστᾶσεως.
1033 1866 1080 1895 ut
1104 1860 1224 1909 patri
1251 1859 1492 1895 coniunctus
1513 1863 1571 1894 est
1579 1856 1715 1908 filaus,

259 1924 295 1954 et
312 1929 400 1953 cum
420 1929 463 1953 ex
482 1915 554 1952 illo
576 1928 656 1952 esse
673 1914 837 1964 habeat,
867 1929 947 1952 non
963 1922 1097 1952 tamen
1108 1916 1316 1966 posterius
1331 1914 1487 1964 existit,
1516 1915 1578 1950 sic
1595 1914 1717 1951 etiam

261 1974 440 2024 Spiritus
470 1973 644 2010 Sanctus
666 1973 850 2023 proxime
876 1971 1012 2009 haeret
1028 1973 1148 2023 filio,
1178 1973 1249 2023 qui
1275 1971 1367 2009 sola
1398 1971 1644 2022 cogitatione
1658 1983 1718 2007 se·-

260 2028 439 2067 cundum
466 2030 662 2066 rationem
680 2029 882 2080 principii
903 2030 1027 2079 prius
1052 2028 1333 2067 consideratur
1349 2028 1612 2066 subsistentia
1627 2027 1717 2077 &Ji-

262 2087 380 2122 ritas.
438 2098 489 2123 ex
521 2085 672 2136 Cyrillo
703 2085 973 2124 Alexandrino
1006 2086 1034 2126 l.
1062 2090 1082 2127 1
1119 2085 1168 2123 de
1193 2085 1378 2125 Aderam
1407 2083 1488 2126 ἐστὶ
1513 2085 1589 2124 τοῦ
1611 2084 1718 2123 θεοῦ

260 2157 328 2181 και
357 2138 527 2193 πατρός,
557 2140 624 2181 καὶ
652 2138 733 2193 μὴν
762 2158 830 2182 και
861 2145 936 2181 τοῦ
963 2142 1082 2191 υἱον,
1111 2157 1154 2182 το
1184 2138 1388 2188 odon-0669
1409 2140 1449 2188 ἐξ
1469 2135 1620 2193 αμφοῖν
1641 2133 1715 2179 εἴτ’

262 2192 338 2238 οὖν
368 2198 410 2238 ἐκ
440 2195 590 2250 πατρός
615 2196 674 2238 δι’
695 2199 790 2238 υἱοῦ
810 2195 1074 2250 προχεόμενον
1093 2201 1267 2250 πνεῦμα.
1324 2205 1381 2234 est
1408 2195 1473 2234 dei
1501 2203 1538 2233 et
1563 2195 1715 2247 patrie,

260 2253 332 2290 sed
348 2262 383 2290 et
392 2254 482 2303 filei
504 2269 678 2305 quoque,
710 2257 782 2305 qui
801 2255 1127 2292 substantialiter
1148 2269 1193 2292 ex
1215 2254 1428 2302 ambobus,
1455 2253 1650 2290 nimirum
1671 2262 1716 2287 ex

252 2317 373 2361 palte
391 2311 628 2360 per-filium,
653 2310 925 2361 profunditur
943 2310 1138 2363 Spiritus
1186 2324 1236 2349 ex
1259 2310 1540 2361 chrysostomo
1561 2306 1603 2344 in
1622 2319 1716 2357 qua-

259 2366 348 2405 dum
372 2366 542 2403 Humilia
562 2373 658 2405 tom.
678 2368 703 2407 5
727 2368 789 2407 ed.
811 2368 930 2405 Savil.
954 2382 994 2419 p.
1015 2367 1119 2409 674.
1147 2365 1175 2408 o‘
1204 2364 1332 2418 σωτήρ
1354 2366 1555 2405 δείκνυσιν
1573 2359 1715 2403 ἕαυτον

258 2438 393 2476 πηγην
422 2423 544 2472 ζωῆς,
573 2421 642 2461 καὶ
671 2419 782 2475 ὕδωρ
806 2425 882 2470 ζῶν
905 2421 949 2463 τὸ
974 2426 1131 2475 πνεῦμα
1147 2420 1190 2463 τὸ
1209 2420 1338 2488 ἅγιον.
1395 2426 1433 2458 et
1459 2418 1555 2488 ὅρᾷς
1575 2434 1715 2486 πηγην

257 2477 406 2527 ὕδατος
429 2475 500 2518 τόν
522 2475 643 2526 θεόν,
676 2481 753 2525 ζῶν
774 2477 817 2518 δὲ
837 2476 946 2530 ὕδωρ
966 2477 1008 2519 τὸ
1029 2482 1187 2531 πνεῦμα
1208 2476 1252 2518 τὸ
1273 2489 1410 2528 αγιον·
1440 2491 1548 2541 πηγη
1568 2471 1716 2522 υδατος

259 2538 404 2584 ζῶντος
420 2551 440 2575 ο
458 2530 604 2586 πατήρ,
634 2549 812 2584 ποταμος
831 2535 874 2574 ἐκ
894 2538 966 2584 τῆς
983 2539 1116 2588 πηγῆς
1140 2531 1424 2586 προερχόμενος
1440 2530 1460 2572 ὁ
1475 2528 1575 2580 υἱός,
1603 2527 1715 2582 ὕδωρ

256 2595 332 2633 τοῦ
362 2592 543 2642 ποταμοῦ
571 2605 614 2630 το
644 2592 803 2642 πνεῦμα
837 2606 880 2631 το
911 2606 1038 2655 αγιον.
1095 2591 1280 2628 salvator
1316 2587 1490 2626 ostendit
1517 2602 1558 2624 se
1581 2589 1715 2638 ipsum

249 2651 408 2699 fontem
439 2662 518 2684 esse
548 2649 676 2694 iitue,
704 2653 741 2683 et
766 2660 920 2698 tequam
943 2660 1009 2684 νιι
1011 2661 1078 2684 am
1098 2661 1177 2684 esse
1197 2647 1395 2697 Spiritum
1413 2647 1622 2684 Sanctum.
1677 2649 1716 2680 et

256 2705 369 2742 vides
390 2706 546 2755 fontem
578 2717 709 2754 aquae
736 2701 854 2740 deum
861 2718 875 2751 ,-
906 2717 1058 2753 aquam
1081 2710 1216 2740 autem
1239 2704 1376 2739 vivam
1396 2703 1596 2753 Spiritum
1611 2701 1716 2737 San·-

258 2769 379 2801 ctum.
431 2762 532 2811 fons
560 2774 692 2811 aquae
721 2761 837 2798 vivae
856 2766 975 2810 pater
1005 2767 1083 2809 est,
1108 2760 1269 2811 flumen
1297 2772 1342 2796 ex
1361 2761 1476 2809 sonte
1498 2755 1717 2809 procedens

248 2819 396 2869 filius,
425 2831 538 2869 aqua
550 2817 745 2870 fluminis
767 2818 947 2868 Spiritus
975 2817 1159 2855 Sanctus.

973 2927 990 2962 χ)
