1820 3112
360 131 436 174 DE
467 131 799 176 ANDRONICO
832 131 1207 176 PALAEOLOGO
1241 133 1288 176 L.
1322 131 1377 176 H.
1512 132 1606 178 165

144 240 283 301 ἔτους,
318 241 605 301 ἐπιφερόμενος
631 246 697 287 καὶ
730 244 828 294 τοὺς
848 246 1143 301 κατακρίτους,
1181 245 1252 288 τὸν
1269 246 1345 300 μὲν
1363 245 1542 303 ἀδελφὸν
1564 246 1606 290 ἓν

143 315 280 371 κλοβῷ
301 313 455 370 (εἱρκτῇ
477 318 639 370 φορητῇ
662 330 723 364 τις
740 313 847 370 εἷ’πῃ)
870 313 941 357 τὸν
962 315 1006 356 δὲ
1031 312 1403 370 Στρατηγόπουλον
1423 316 1605 370 δέσμιον,

143 380 323 431 ἐξελθών
346 383 571 438 Νυμφαίου
591 384 751 439 εἰκοστῇ
779 380 904 439 ὀγδόῃ
933 385 1314 438 Μαιμακτηριῶνος
1340 383 1415 438 τὴν
1429 381 1606 440 μεγαλό-

141 453 259 492 πολιν
280 449 451 494 εἴσεισιν.
503 446 552 505 ἦν
572 445 643 492 οὖν
661 451 905 493 τούντεῦθεν
926 449 1044 506 κωφή
1066 468 1126 501 τις
1145 451 1243 506 ὀργὴ
1267 452 1379 507 παρὰ
1399 453 1601 506 βασιλέως
1623 464 1652 499 Β

107 523 227 567 5τοῖς
245 522 318 572 τῆς
340 520 551 573 ἐκκλησίας
560 551 575 570 ,
611 520 678 561 καὶ
699 518 745 562 τὸ
765 520 840 572 μὲν
860 516 1107 574 ἐπαγόμενον
1125 518 1304 575 ἔγκλημα
1325 518 1518 573 δύσνοια,
1561 522 1605 563 αἱ

141 587 187 629 δὲ
218 585 321 642 πρὸς
351 592 471 630 τοῦτο
505 589 749 630 κατασκευαὶ
780 588 823 629 αἱ
857 586 939 630 cino
969 592 1043 629 τοῦ
1073 586 1329 643 πατριάρχου
1358 594 1476 645 σφῶν
1497 585 1604 644 ἦσαν

139 652 391 707 ὖποστολαί,
429 653 485 705 ὥς
513 659 646 705 κακῶς
678 657 808 710 δῆθεν
841 655 916 711 τὴν
950 660 1024 710 τῆς
1057 658 1251 707 δυσνοίας
1270 658 1427 710 αἰτίαν,
1463 657 1515 712 ἣν
1535 660 1602 700 καὶ

139 722 254 779 παρὰ
283 729 359 766 τοῦ
389 721 511 775 Σάβα
536 721 836 779 κατηγόρηντο,
880 723 1242 779 δυσχεραινόντων.
1315 724 1419 768 ὥστε
1442 728 1509 768 καὶ
1529 730 1606 786 μιᾷ

138 792 376 847 συναγαγὼν
403 793 575 842 ἐκείνους
607 792 650 834 ἴκ
680 809 799 835 τινων
829 790 1166 847 ὑποπτευομένων
1201 793 1276 848 τὴν
1308 794 1412 837 κατὰ
1442 793 1607 838 πάντων

84 871 129 905 10
141 861 311 904 συνίστα
343 858 561 913 δύσνοιαν,
602 859 932 919 περιποιούμενος
964 864 1095 916 δῆθεν
1125 863 1316 905 ἐντεῦθεν
1337 863 1409 906 τὸν
1429 868 1503 906 τοῦ
1523 882 1606 906 πα·-

137 925 333 985 τριᾶρχου
366 927 619 981 θεράποντα.
696 928 919 972 θάλασσαν
946 930 1024 986 γὰρ
1064 929 1241 986 συνόλην
1283 933 1350 973 καὶ
1391 930 1603 988 ἀπορροὴν
1630 944 1661 978 C

135 998 288 1053 ἐκείνης
315 996 690 1053 παρεδειγμάτιζεν,
738 996 792 1048 ὥς
821 996 945 1054 φύσιν
974 998 1139 1052 ἔχοντος
1172 1004 1247 1042 τοῦ
1283 999 1437 1051 παντὸς
1465 1002 1508 1042 ἐκ
1527 1005 1601 1043 τοῦ

134 1064 335 1123 γεύματος
362 1064 448 1110 οἷον
477 1066 584 1108 ἔστὶν
616 1068 748 1125 ἐκείνῳ
783 1064 1071 1122 γινώσκεσθαι.
1138 1065 1237 1110 εἶναι
1271 1069 1402 1110 δὲκαὶ
1428 1066 1602 1119 τούτους

134 1133 183 1177 οὗ
203 1131 374 1187 πάντας,
412 1133 509 1176 ἀλλ’
531 1136 573 1176 ἐκ
594 1139 712 1178 τινῶν
733 1135 831 1186 ἴσως
850 1133 1184 1190 ὑποπτευομένων
1201 1136 1297 1186 τούς
1314 1134 1471 1187 πάντας
1491 1135 1601 1180 zimi-

79 1211 122 1248 15
135 1207 283 1259 γεσθαι
306 1210 397 1252 ταῖς
413 1203 573 1252 αι’τίαις.
629 1198 735 1258 ἦσαν
763 1205 807 1246 δὲ
829 1209 962 1247 ταῦτα
982 1204 1199 1248 δεσποτικὰ
1216 1209 1374 1260 μᾶλλον
1393 1205 1419 1260 ἢ
1440 1206 1596 1262 ἀληθῆ,

131 1271 330 1321 θέλοντος
349 1269 592 1327 θεραπεύειν
612 1271 684 1314 τὸν
706 1270 973 1328 πατριάρχην.

268 1339 347 1385 21.
415 1338 509 1382 Κᾶν
540 1340 605 1382 ἐπὶ
635 1339 756 1383 πλέον
786 1346 860 1396 τῆς
890 1341 970 1384 ἀπὸ
999 1340 1200 1395 βασιλέως
1227 1340 1294 1383 διὰ
1325 1345 1459 1384 ταῦτα
1488 1341 1594 1384 ἔπει·
1616 1351 1650 1386 D

130 1411 262 1466 ρῶν-το
293 1405 622 1464 ἀγανακτήσεως,
662 1410 696 1451 εἴ
719 1409 777 1465 μὴ
805 1411 874 1452 καὶ
895 1410 1000 1468 ἕτερ’
1027 1409 1131 1453 ἅττα
1157 1409 1397 1467 πραχθέντα
1418 1411 1593 1464 βασιλέα
1617 1421 1646 1455 P
1672 1423 1737 1457 111

128 1582 272 1620 intorem
294 1585 427 1620 tribuit.
474 1586 596 1631 quibus
618 1586 774 1633 provisis,
797 1588 861 1622 hoc
883 1587 958 1633 ipso
982 1599 1080 1629 anuo,
1105 1587 1231 1622 ducens
1252 1597 1368 1621 secum
1390 1585 1594 1622 condemna-

128 1635 203 1672 tos,
234 1632 374 1666 fratrem
410 1631 545 1677 quidem
575 1632 609 1666 in
643 1633 764 1668 lectica
796 1635 964 1668 clathrata
995 1635 1185 1678 (carcerem
1219 1633 1413 1679 portatilem
1435 1633 1596 1677 dixeris),

127 1677 404 1723 Strategopulum
427 1683 539 1712 autem
562 1678 732 1722 vinctum,
766 1680 831 1714 duo
854 1680 898 1714 de
920 1680 1092 1714 tricesima
1114 1679 1198 1713 Iunii
1224 1680 1280 1713 die
1304 1679 1593 1723 Constantinopo-

125 1722 184 1757 lim
204 1723 404 1767 ingreditur.
450 1723 504 1758 lbi
527 1736 602 1758 eum
629 1737 774 1770 coquere
797 1726 906 1760 animo
941 1726 1101 1771 apparuit
1126 1725 1263 1759 surdum
1287 1725 1450 1767 quendam
1474 1724 1509 1757 in
1533 1735 1592 1758 ec-

126 1768 334 1803 clesiasticos
358 1781 551 1812 rancorem,
583 1772 835 1816 erumpentibus
865 1772 1006 1806 subinde
1027 1772 1099 1806 irae
1122 1771 1256 1805 ultricis
1278 1770 1411 1804 indiciis
1434 1770 1592 1803 dissimu-

125 1813 270 1848 lationes
291 1815 502 1849 eluctantem.
550 1827 652 1850 causa
685 1817 755 1851 odii
778 1818 1026 1852 obtendebatur
1056 1817 1201 1851 studium
1224 1817 1257 1850 in
1282 1817 1327 1850 iis
1351 1827 1462 1849 rerum
1485 1826 1591 1848 nova-

125 1870 201 1895 rum
223 1865 260 1894 et
282 1861 454 1905 cogitatae
476 1861 675 1896 defectionis
694 1863 839 1905 crimem
875 1864 971 1897 cuius
996 1863 1031 1897 in
1055 1868 1286 1907 argumentum
1308 1861 1506 1906 rapiebatur
1528 1872 1591 1894 eo-

125 1915 202 1939 rum
222 1917 244 1939 a
263 1908 460 1951 patriarcha
481 1907 640 1942 secessio.
687 1909 775 1942 hanc
807 1910 894 1943 enim
922 1909 1214 1954 interpretabatur
1236 1911 1343 1940 ortam
1367 1917 1409 1939 ex
1430 1906 1587 1950 indigna-

125 1950 218 1984 tione
239 1951 440 1996 deprehensi
463 1952 636 1997 deletique
658 1965 720 2000 per
741 1956 868 1989 Sabain
889 1955 1004 1988 indicii
1028 1954 1234 1988 occultarum
1257 1963 1343 1997 quas
1369 1951 1437 1996 ipsi
1459 1952 1589 1986 machi-

125 2001 290 2030 narentur
310 1996 344 2030 in
372 2009 409 2031 se
431 1998 646 2033 molitionum.
693 2001 808 2044 itaque
829 2000 894 2034 illis
918 2000 1062 2045 quadam
1085 1999 1138 2032 die
1162 1997 1355 2031 convocatis
1377 1997 1510 2031 locutus
1532 2003 1587 2032 est

123 2042 160 2076 in
182 2042 382 2075 sententiam
405 2043 556 2087 apprime
579 2051 817 2088 congruentem
840 2047 995 2080 sensibus
1010 2046 1124 2078 Sabae
1147 2047 1183 2076 et
1205 2043 1262 2076 isti
1285 2043 1498 2087 patriarchae
1520 2043 1586 2076 mi-

122 2087 231 2122 nistro
254 2088 515 2130 gratificantem:
544 2091 655 2133 palam
680 2090 766 2124 enim
788 2091 939 2125 ostendit
961 2091 1059 2134 signa
1081 2089 1246 2134 quaedam
1268 2088 1376 2122 minus
1400 2089 1588 2124 constantis

122 2133 160 2168 in
182 2144 220 2167 se
242 2133 336 2176 fidei,
359 2133 393 2166 in
416 2132 614 2178 quibusdam
636 2135 785 2180 ipsorum
807 2138 988 2170 observata
1010 2147 1087 2168 sese
1108 2135 1142 2168 in
1165 2145 1278 2168 omnes
1302 2134 1504 2179 extendere,
1529 2139 1584 2170 at-

122 2190 187 2222 que
209 2179 399 2212 universum
422 2178 551 2223 pariter
573 2180 722 2214 ordinem
743 2193 837 2215 reum
861 2192 1026 2227 peragere
1047 2191 1188 2214 aversae
1210 2191 1232 2214 a
1254 2191 1292 2213 se
1314 2180 1500 2215 voluntatis
1521 2181 1582 2214 de-

120 2225 348 2269 fectionisque
381 2225 563 2268 cogitatae.
606 2226 692 2260 dixit
723 2227 899 2266 videlicet,
928 2237 1038 2271 aquae
1068 2225 1181 2261 rivulo
1205 2238 1225 2260 e
1249 2226 1332 2260 mari
1358 2226 1480 2260 ductae
1502 2227 1580 2261 dum

121 2274 220 2316 gustu
243 2271 379 2314 salsugo
401 2270 675 2315 deprehenditur,
698 2277 792 2305 certo
818 2278 1014 2316 argumento
1045 2271 1156 2316 colligi
1178 2272 1271 2306 cuius
1294 2272 1424 2306 demum
1447 2272 1581 2318 saporis

121 2316 168 2351 sit
190 2327 283 2351 mare
314 2316 422 2360 ipsum
455 2319 585 2358 totum,
617 2317 707 2362 quod
738 2321 860 2351 natura
890 2318 982 2351 ferat
1013 2318 1150 2351 eandem
1183 2318 1219 2351 in
1249 2317 1340 2352 stilla
1372 2318 1579 2363 deprehendi

121 2373 222 2396 sensu
243 2361 441 2407 qualitatem
455 2387 467 2405 ,
491 2373 579 2407 quae
601 2363 789 2397 universum
813 2375 856 2397 ex
879 2375 946 2408 quo
969 2363 1028 2397 illa
1050 2367 1104 2397 est
1126 2363 1230 2397 libata
1251 2363 1414 2409 liquorem
1435 2364 1577 2398 inficiat.

120 2418 228 2453 quare
262 2407 343 2441 licet
375 2419 481 2451 aeque
515 2408 558 2441 de
587 2408 726 2454 singulis
755 2409 902 2455 ipsorum
935 2421 1000 2442 non
1032 2414 1189 2444 extarent
1218 2415 1415 2454 argumenta
1441 2410 1578 2455 propria

120 2464 287 2498 quemque
309 2453 533 2494 insimulandi,
555 2460 650 2488 recte
674 2458 783 2488 tamen
807 2455 842 2488 ei
864 2460 1003 2488 cunctos
1027 2455 1208 2500 suspicioni
1232 2457 1407 2490 subiacere
1433 2467 1520 2500 quae
1542 2455 1576 2489 in

119 2497 316 2544 quibusdam
340 2499 488 2532 residere
510 2504 714 2534 cerneretur.
760 2502 839 2534 talis
863 2501 1028 2546 quaedam
1050 2501 1165 2535 audita
1186 2507 1266 2535 tunc
1289 2507 1342 2535 est
1364 2501 1577 2548 imperatoris

120 2544 245 2586 oratio,
268 2543 392 2578 domini
415 2556 497 2579 sane
519 2546 631 2590 potius
652 2547 865 2591 supercilium
889 2546 1010 2580 infensi
1032 2558 1130 2592 quam
1153 2547 1253 2592 aequi
1275 2547 1396 2582 iudicis
1406 2574 1421 2589 „
1448 2546 1577 2580 verita-

118 2592 188 2623 tem
211 2589 412 2624 delationum
435 2591 654 2635 exquirentis,
677 2592 828 2626 sedatum
852 2592 1027 2626 arbitrium
1050 2593 1257 2637 praeferens.
1302 2593 1364 2627 sed
1388 2594 1476 2627 tanti
1498 2596 1576 2626 erat

119 2633 284 2669 demereri
304 2635 534 2684 patriarcham
565 2638 819 2682 comprobandis
850 2637 923 2672 eius
960 2637 1107 2673 ministri
1138 2639 1246 2681 actis,
1274 2650 1414 2685 quorum
1438 2650 1476 2673 se
1498 2637 1574 2683 ipse

118 2682 290 2714 auctorem
312 2692 378 2715 non
400 2682 545 2716 obscure
567 2684 684 2719 ferret.

209 2726 267 2762 21.
313 2726 363 2760 Et
393 2738 631 2772 processurum
652 2730 768 2764 fuerat
789 2727 877 2762 haud
900 2727 1004 2763 dubie
1027 2729 1066 2764 in
1094 2729 1336 2765 diuturniorem
1362 2727 1572 2773 graviorem-

119 2779 187 2816 que
216 2770 414 2808 clericorum
443 2774 655 2810 vexationem
684 2774 750 2809 hoc
771 2774 822 2810 ita
843 2775 1049 2811 declaratum
1075 2775 1290 2823 imperatoris
1310 2776 1345 2811 in
1368 2785 1427 2810 eos
1450 2773 1574 2816 odium,
