1858 3126
268 140 366 186 370
535 183 538 187 ,
694 136 931 182 GEORGII
966 133 1319 184 PACHYMERIS

268 249 513 309 προσιόντας
547 249 766 305 δέχεσθαι,
806 250 884 294 εἴτε
917 247 1022 294 κατά
1047 268 1137 294 τινα
1167 251 1297 307 κρίσιν
1315 252 1478 308 προσίοι,
1496 268 1558 302 τις
1576 250 1654 295 εἴτε
1675 252 1744 294 καὶ

269 322 374 365 κατὰ
399 321 605 375 μεσιτείαν
638 319 715 374 τὴν
747 319 851 375 πρὸς
884 317 1036 363 αὐτόν·
1078 320 1150 363 τὸν
1179 319 1541 379 γιὶρέπαλγοῐᾶντα
1569 319 1743 376 γνησίως

269 398 360 440 ταῖς
382 395 640 446 συμφοραῖς,
682 390 831 431 ἐκεῖνον
853 391 919 431 καὶ
948 390 1122 446 γνησίως
1150 391 1376 446 φροντίζειν
1409 389 1514 439 simi:
1548 388 1647 432 εἶναι
1674 391 1742 432 καὶ

217 470 244 503 Β
269 458 373 503 κατὰ
402 458 450 501 τὸ
481 457 658 501 δυνατὸν
688 459 945 510 συνασπίζειν
975 462 1034 516 τῷ
1067 455 1281 512 πάσχοντι.
1356 452 1404 512 ἦν
1425 457 1468 500 δ’
1490 459 1678 501 ἐντεῦθεν
1700 459 1743 509 ἐξ

269 526 448 583 ἀνάγκης
483 529 550 569 καὶ
586 528 905 582 προοδοποιήσις
932 530 1048 583 σφίσι
1083 527 1186 581 πρὸς
1216 526 1313 583 ὅπερ
1340 526 1423 583 ἄρα
1451 528 1518 570 καὶ
1552 524 1777 583 πράττεινὸ

268 595 525 653 ἠβούλοντο,
564 594 591 637 ἃ
611 593 702 638 τότε
720 596 794 650 μὲν
821 595 1054 639 ἔπειλύοντο
1069 629 1082 648 ,
1113 595 1286 652 ὕστερον
1317 597 1362 640 δὲ
1381 597 1448 638 καὶ
1469 597 1741 652 διεφαίνοντο,
1763 588 1767 593 ’

269 665 336 710 ὅτε
366 665 440 708 οὐκ
467 661 517 719 ἦν
552 663 858 719 ἀναλαμβάνειν
883 666 935 707 τὰ
959 664 1156 719 δεδομένα
1180 663 1306 713 τινάς.
1377 664 1477 708 ὅθεν
1498 666 1564 707 καὶ
1589 662 1745 721 ἡμέρας

270 733 445 790 ἑκάστης
468 735 510 784 ἐξ
532 731 709 776 ἑωθινοῦ
732 736 797 776 καὶ
824 735 864 784 ἐς
883 732 1010 778 νύκτα
1036 734 1184 788 ἀνέδην
1205 734 1257 777 τὰ
1276 733 1380 789 πρὸς
1400 734 1530 777 ε’κεΐνα
1549 731 1746 788 ποιούμε-

270 823 331 847 νοι
350 803 591 858 ἄνθρωποι,
630 803 669 844 οἱ
687 804 762 854 μὲν
782 803 888 846 κατὰ
909 805 1050 859 χρείαν
1074 801 1377 859 ε’γκλητεύοντες
1399 803 1589 859 κρίσεως,
1614 820 1745 857 μετα-
1769 856 1774 860 ’

269 872 521 926 καλουμένου
543 873 608 914 καὶ
625 875 697 914 τοῦ
722 870 1052 926 ἀντιδικήσοντος
1073 872 1141 914 ἐπ’
1168 872 1324 925 αὐτοῦ,
1364 869 1573 915 συνόντων
1594 873 1666 915 καί
1681 890 1744 916 τι·
1755 879 1800 914 10

268 960 349 986 νων
375 940 592 997 ἀρχιερέων
613 941 845 996 ἐκρίνοντο,
882 942 921 984 οἳ
939 942 982 984 δὲ
1003 942 1206 996 μεσιτείας
1238 946 1312 996 τῆς
1342 941 1446 998 πρὸς
1472 940 1646 995 βασιλέα
1665 938 1745 996 χά-

219 1019 249 1052 C
275 1029 337 1067 ριν
360 1007 627 1063 ποτνιώμενοι
661 1010 890 1066 φακέλλους
916 1008 1171 1067 γραμμάτων
1201 1011 1386 1063 ἐδίδουν,
1431 1012 1498 1053 καὶ
1521 1008 1548 1066 ἢ
1570 1006 1744 1054 ἑκάστου

269 1079 461 1139 ἀναφορὰ
483 1082 541 1136 τῷ
567 1082 783 1134 κρατοῦντι
806 1081 1070 1134 ε’νεχειρίζετο.

400 1145 481 1190 Ἦν
504 1148 631 1190 δὲκαὶ
654 1151 823 1204 φροντὶς
848 1153 1015 1203 βασιλεῖ’
1029 1147 1291 1200 τούντεῦθεν,
1331 1148 1413 1190 ἐπεὶ
1429 1147 1486 1196 ,τὰ
1507 1151 1582 1191 τοῦ
1600 1145 1743 1191 Ἰωάν-

270 1237 342 1262 νου
366 1222 620 1274 καθυφεΐντο
634 1217 681 1260 τὸ
704 1217 786 1260 ἀπὸ
808 1220 928 1261 τοῦδε
948 1219 1014 1260 καὶ
1038 1217 1076 1260 οἳ
1095 1217 1196 1267 τέως
1216 1219 1431 1267 δοκοῦντες
1453 1218 1747 1273 παρίστασθαί
1754 1223 1799 1258 15

270 1289 308 1331 οἳ
330 1287 484 1330 ἴκλινον
504 1285 584 1341 ἤδη
618 1285 721 1342 πρὸς
742 1285 1018 1339 Ἀθανάσιον,
1057 1287 1300 1340 συμπείθειν
1333 1285 1531 1343 ἀρχιερεῖς
1551 1288 1617 1328 καὶ
1639 1283 1743 1328 ἀνά-

267 1375 349 1414 γειν
370 1359 594 1413 πειρᾶσθαι
619 1354 699 1411 ἤδη
721 1361 794 1413 τῆς
814 1357 1070 1414 προστασίας
1089 1355 1379 1411 ἐπειλημμένον
1397 1355 1604 1411 ἄναδοχῆς
1619 1353 1742 1413 χάριν

362 1469 418 1503 12.
442 1464 670 1511 σφακέλλους
694 1466 732 1500 Ρ.

268 1570 354 1604 que,
389 1558 473 1599 sive,
493 1557 567 1602 quis
591 1556 743 1592 afflictus
765 1556 879 1603 iniquo
902 1558 1027 1594 iudicio
1050 1558 1301 1595 restitutionem
1333 1559 1368 1593 in
1390 1560 1559 1604 integrum
1580 1558 1743 1604 postulet,

267 1617 329 1639 seu
351 1604 571 1649 imperatoria
602 1603 756 1647 indigens
787 1604 900 1648 gratia
926 1617 1062 1640 suarum
1095 1606 1137 1640 ad
1171 1618 1208 1639 se
1232 1617 1369 1651 precum
1393 1605 1567 1638 efficacem
1590 1603 1745 1647 requirat

267 1652 500 1694 interpretem.
548 1661 622 1683 nam
647 1649 706 1694 qui
730 1650 779 1683 sic
802 1661 884 1694 prae
907 1662 943 1684 se
977 1653 1067 1686 serat
1094 1663 1136 1686 ex
1161 1652 1269 1686 animo
1293 1651 1472 1685 condolere
1495 1662 1533 1684 se
1554 1649 1741 1684 infelicium

268 1695 451 1736 aerumnis,
475 1695 550 1740 quis
574 1707 615 1729 eo
641 1697 682 1728 ad
706 1695 780 1729 illas
805 1696 1030 1731 sublevandas
1053 1698 1195 1732 inveniri
1217 1703 1323 1743 queat
1348 1696 1488 1742 aptior?
1521 1697 1606 1730 haec
1628 1696 1742 1731 locuto

269 1754 384 1777 coram
409 1742 561 1776 omnibus
586 1741 792 1783 Athanasio,
820 1746 856 1776 et
878 1743 921 1777 ad
945 1755 985 1777 ea
1009 1744 1069 1778 tali
1093 1745 1238 1787 Augusti
1262 1754 1427 1788 responso
1449 1754 1468 1776 a
1492 1742 1625 1777 cunctis
1648 1741 1743 1787 pari-

268 1794 322 1823 ter
347 1788 482 1831 audito,
512 1787 590 1834 quis
620 1799 687 1821 non
717 1787 876 1832 intelligit
905 1794 1033 1834 quanta
1066 1790 1170 1825 fuerit
1194 1789 1434 1824 Athanasianis
1454 1789 1601 1824 facultas
1624 1787 1743 1822 addita

267 1846 326 1870 res
357 1834 508 1880 ipsorum
543 1845 604 1879 pro
633 1834 729 1867 libito
765 1836 1009 1879 promovendi?
1046 1841 1150 1881 atque
1177 1835 1243 1870 ista
1266 1835 1421 1870 involuta
1443 1838 1525 1869 tunc
1547 1834 1680 1880 quidem
1705 1836 1742 1868 et

267 1881 396 1916 intorte
421 1880 583 1925 perplexa
606 1880 892 1914 subtexebantur:
926 1881 1097 1927 explicata
1128 1882 1340 1928 postmodum
1364 1881 1482 1919 eadem
1505 1880 1742 1926 expanderunt

269 1939 366 1968 sese,
388 1927 518 1960 retibus
542 1926 638 1960 velut
659 1926 863 1972 quibusdam
886 1927 970 1962 adeo
994 1928 1060 1962 iam
1084 1927 1154 1963 late
1177 1940 1218 1963 ac
1243 1928 1356 1963 valide
1379 1926 1742 1973 comprehendentibus

269 1977 414 2014 cuncta,
451 1978 490 2007 ut
514 1973 572 2017 qui
595 1984 670 2007 sero
694 1984 732 2007 se
764 1977 884 2018 captos
909 1974 1127 2009 advertentes
1148 1975 1326 2009 retrahere
1347 1977 1523 2008 tentarent
1544 1977 1743 2019 temereque

269 2030 431 2053 concessa
459 2030 650 2060 resumere,
683 2020 812 2053 frustra
842 2020 1098 2056 contenderent.
1144 2032 1187 2055 ex
1217 2021 1280 2054 hoc
1303 2031 1385 2064 ergo
1410 2020 1530 2054 diebus
1553 2018 1696 2064 singulis
1719 2029 1742 2053 a

270 2065 417 2099 diluculo
452 2066 496 2098 ad
529 2070 661 2099 noctem
697 2065 791 2099 densi
821 2067 931 2110 palam
966 2077 1151 2102 concursus
1186 2067 1294 2101 omnis
1328 2066 1463 2111 generis
1485 2065 1665 2114 „hominum
1694 2065 1742 2099 ad

269 2110 493 2144 Athanasium
516 2111 788 2152 celebrabantur,
812 2111 955 2146 aliorum
980 2113 1232 2158 provocantium
1256 2113 1299 2148 ab
1320 2112 1446 2159 iniquis
1467 2111 1589 2158 quibus
1612 2123 1651 2146 se
1673 2111 1742 2145 cir·-

270 2162 468 2190 cumventos
498 2157 630 2191 iudiciis
663 2158 798 2191 aiebant
833 2158 906 2201 (his
927 2159 1189 2194 subveniebatur
1213 2159 1352 2201 statim,
1386 2158 1591 2195 adversariis
1625 2167 1740 2192 eorum

269 2202 502 2247 iudicibusque
527 2203 662 2243 citatis3
696 2209 732 2238 et
763 2216 783 2238 e
815 2205 982 2239 sententia
1004 2206 1213 2251 quorundam
1236 2205 1467 2240 adhibitorum
1488 2205 1533 2239 ab
1557 2202 1742 2238 Athanasio

270 2248 480 2288 antistitum,
511 2260 597 2282 novo
621 2249 767 2291 iudicio,
794 2249 984 2285 *secundum
1008 2258 1086 2286 vota
1111 2251 1403 2298 conquerentium,
1425 2254 1544 2285 vetera
1564 2247 1743 2283 rescinde-

269 2294 432 2337 bantur),
465 2294 701 2340 plerorumque
733 2296 917 2340 impetrare
951 2297 1124 2343 quidpiam
1155 2299 1198 2332 ab
1225 2299 1375 2341 Augusto
1406 2294 1648 2331 intercessione
1671 2299 1742 2329 tam

269 2339 411 2384 gratiosi
441 2341 531 2383 apud
562 2341 671 2385 ipsum
695 2343 865 2386 sequestri
887 2343 1114 2388 cupientium,
1147 2343 1346 2387 libellosque
1381 2341 1424 2376 ad
1446 2340 1481 2374 id
1504 2340 1743 2382 offerentium

271 2385 420 2430 qualium
452 2385 546 2419 densi
581 2387 694 2420 fasces
716 2388 857 2421 subinde
879 2389 921 2422 ad
945 2390 1179 2434 imperatorem
1211 2389 1471 2428 deferebantur,
1498 2386 1573 2432 ipso
1594 2386 1742 2423 libenter

271 2435 423 2466 sumente
446 2430 596 2475 singulos
620 2432 654 2465 in
678 2444 810 2466 manum
834 2438 869 2468 et
893 2440 1047 2479 prompte
1069 2447 1110 2469 ac
1132 2435 1279 2478 benigne
1301 2433 1516 2478 expediente.

365 2477 477 2510 Cursu
507 2482 574 2510 tam
605 2489 770 2522 prospero
803 2485 904 2513 eunte
928 2480 1154 2514 restitutionis
1177 2479 1351 2513 Athanasii
1373 2479 1531 2524 negotio,
1562 2477 1743 2517 adficiendi

273 2522 307 2557 ei
328 2521 582 2568 quamprimum,
605 2524 695 2567 quod
718 2535 818 2557 unum
839 2525 885 2558 'ad
910 2526 1101 2560 coronidem
1124 2526 1235 2559 adhuc
1258 2525 1398 2563 deerat.
1418 2524 1507 2559 acris
1530 2536 1613 2559 cura
1635 2525 1743 2560 subiit

271 2569 521 2614 imperatorem.
579 2569 716 2603 videbat
747 2569 775 2602 is
808 2570 981 2605 refrixisse
1014 2571 1081 2605 iam
1113 2571 1201 2616 apud
1241 2582 1355 2605 omnes
1385 2571 1562 2616 plurimum
1594 2571 1741 2616 gratiam

273 2614 428 2656 Ioannis,
451 2626 514 2648 nec
536 2615 675 2648 multum
699 2614 770 2648 eius
793 2616 891 2649 modo
915 2616 1155 2660 neglectissimi
1178 2623 1368 2662 respectum
1393 2617 1618 2659 obstiturum,
1652 2628 1740 2662 quo-

271 2661 381 2696 minus
405 2660 448 2695 ad
472 2661 710 2701 Athanasium,
742 2672 808 2706 quo
837 2661 999 2696 inclinare
1030 2663 1200 2696 fautorum
1222 2663 1359 2697 Ioannis
1387 2662 1453 2708 ipsi
1484 2663 1652 2708 principes
1672 2663 1739 2697 ism

274 2711 395 2753 aperte
426 2710 629 2752 coeperant,
670 2706 818 2741 unanimi
854 2708 968 2742 cuncti
1009 2719 1148 2742 assensu
1178 2709 1416 2745 incumberent.
1460 2713 1600 2744 vocatos
1633 2708 1740 2754 igitur

274 2754 451 2798 episcopos
483 2753 632 2787 studiose
661 2754 834 2797 Augustus
865 2755 1010 2797 urgebat
1048 2754 1090 2788 ad
1122 2766 1195 2790 ,rem
1229 2756 1314 2789 adeo
1349 2755 1512 2790 hactenus
1543 2758 1739 2800 provectam

274 2800 374 2844 plene
397 2799 532 2834 tandem
555 2798 802 2835 absolvendam.
847 2799 984 2836 inivisse
1003 2800 1071 2836 iam
1085 2801 1307 2837 Athanasium
1328 2801 1571 2848 possessionem
1589 2799 1739 2848 patriar*
