1820 3112
405 143 481 186 DE
515 142 844 186 ANDROMCO
872 140 1244 185 PALAEOLOGO
1278 141 1329 183 L.
1351 139 1405 184 11.
1546 140 1641 186 123

185 256 253 301 ἔπ’
273 256 475 311 ἀνατολῆς
495 258 664 310 ταχθεὶς
685 255 764 299 ἀπὸ
787 253 927 311 Τύρου
947 252 1153 310 Κόριλλος
1170 252 1264 307 μετ’
1283 252 1505 310 Ἀρσένιον,
1538 252 1642 311 ἀνὴρ
1665 257 1698 292 D

185 325 362 382 εὐλαβὴς
388 327 455 369 καὶ
483 323 655 379 ἡσυχίας
683 327 800 380 φίλος
825 326 891 367 καὶ
913 321 1071 380 πλήρης
1090 324 1419 378 ἓκκλησιαστικῆς
1437 321 1647 366 καταστά-

185 411 309 447 σεως,
346 399 397 451 τῇ
428 394 744 438 Κωνστιιντίνου
771 393 983 457 ἐπιφοιτᾷ,
1024 391 1069 435 ὃν
1100 391 1178 434 ἴδει
1205 389 1370 441 πάντως
1395 389 1573 435 ἐλθόντα
1599 392 1647 435 τὸ

186 467 312 519 κῦρος
334 463 524 506 ἐντεῦθεν
554 466 693 515 λαβεῖν
713 462 756 503 ἐκ
774 461 1035 515 μεταθέσεως
1055 457 1424 514 ἀναβιβαζόμενον,
1461 459 1537 503 κῖὶν
1555 458 1647 504 τότε

152 531 245 585 ὅμὴ
278 533 438 584 δεχθεὶς
463 529 634 585 ὕστερον
664 529 768 583 μετὰ
792 527 969 584 χρόνους
1000 528 1106 571 ὂκτώ
1132 526 1272 582 μόλις,
1319 530 1385 570 καὶ
1413 527 1648 584 ὑποσχέσεις

187 599 286 648 δοὺς
306 594 332 654 ἦ
352 598 435 653 μὴν
453 598 511 652 μὴ
533 595 636 640 κατά
655 615 694 640 τι
716 597 939 653 Ἀρμενίοις
958 597 1228 653 συνέρχεσθαι
1247 597 1288 638 ἓν
1308 601 1358 653 τῇ
1377 598 1536 641 ἐκείνων
1554 595 1645 640 διά-
1671 602 1704 636 Ε

184 684 334 723 γοντα,
370 668 451 710 ἐπεὶ
472 667 523 709 τὰ
541 666 647 709 κατὰ
666 668 822 722 Συρίαν
840 664 1041 723 ἠφάνιστο
1054 698 1067 718 ,
1106 666 1387 720 προσεδέχθη,
1425 665 1645 709 κάνταῦθα

184 735 233 779 τὸ
275 740 394 790 βιοῦν
435 733 702 790 οἷπήντλησεν.
772 733 829 784 ὥς
866 739 964 790 γοῦν
998 732 1254 789 ἐπιδημήσας
1285 728 1406 783 οὗτος
1435 739 1487 791 τῇ
1520 737 1645 778 Κων-

184 804 402 847 σταντίνου
430 807 489 862 τῷ
514 801 607 846 τότε
634 801 737 859 ὖπέρ
766 802 917 852 ἄλλους
949 803 991 845 ἓν
1018 809 1104 852 τοῖς
1131 807 1213 845 τῶν
1235 800 1417 858 Ὁδηγῶν
1446 810 1644 847 κατοικεῖν

129 879 175 918 10
186 876 465 927 προυτιμᾶτο,
510 869 675 926 ἀπάρας
701 873 854 914 ἐκεῖθεν
883 869 905 914 ὁ
935 868 1189 927 πατριάρχης
1218 873 1259 913 Γ
1256 869 1444 927 ρηγόριος
1477 876 1536 930 τῷ
1568 876 1642 916 τοῦ

185 939 300 995 ἆγίου
328 937 504 984 Παύλου
535 944 610 982 τοῦ
643 941 684 982 ε’ν
714 945 772 998 τῷ
794 937 960 999 Λάτρῳ
986 941 1159 998 μετοχίῳ
1178 942 1450 993 μετοικισθεὶς
1467 941 1642 985 δίδοται.

184 1009 274 1067 (7)
308 1011 375 1051 καὶ
401 1004 452 1063 ἦν
481 1008 562 1051 ἐκεῖ
585 1010 890 1064 διαφιλονεικῶν
918 1008 1021 1064 πρὸς
1055 1007 1252 1065 ἀρχιερεῖς
1273 1010 1339 1051 καὶ
1358 1009 1531 1062 βασιλέα
1551 1010 1640 1052 Zm-
1662 1011 1691 1046 P
1714 1012 1759 1048 83

181 1074 453 1130 καλούμενος,
491 1079 526 1119 εἲ
551 1075 745 1130 λαβόντες
781 1076 907 1119 αὐτὸν
935 1075 1066 1133 σοφόν
1085 1094 1127 1119 τε
1159 1078 1224 1118 καὶ
1243 1076 1403 1129 ἔντιμον
1426 1076 1641 1132 νομιζόμε·

181 1162 276 1197 νον,
313 1145 479 1201 προσέτι
509 1146 554 1187 δὲ
582 1147 648 1187 καὶ
679 1145 1011 1201 ὄρθοδοξοῦντα,
1042 1145 1119 1199 οὔχ
1145 1143 1255 1194 ὅπως
1273 1145 1451 1199 ἀτιμοῖεν
1474 1148 1637 1199 ἐκεῖνον,

128 1219 172 1256 15
183 1212 287 1256 ἀλλὰ
314 1215 382 1255 καὶ
411 1221 761 1270 προσαᾳαιροΐντο
789 1214 836 1256 τὸ
873 1216 937 1256 ε’πὶ
966 1219 1016 1271 τῇ
1050 1214 1275 1273 ὀρθοδοξίᾳ
1295 1214 1505 1269 σε’μνωμα.
1573 1217 1642 1258 καὶ

183 1280 235 1336 δὴ
263 1283 331 1324 καὶ
359 1279 414 1331 ὥς
445 1279 523 1335 εἶχε
551 1280 722 1338 γράφων
742 1281 816 1336 τὴν
844 1284 907 1324 ἐπὶ
934 1287 993 1340 τῷ
1026 1280 1140 1339 τόμῳ
1169 1286 1251 1324 τῶν
1281 1283 1641 1339 κατηγορουμένων

182 1349 363 1392 ἐπίλυσιν
370 1382 383 1402 ,
428 1348 538 1399 ὅπως
563 1349 718 1406 γράψω
739 1350 815 1403 τὴν
833 1350 964 1405 ἀρχὴν
992 1352 1058 1392 καὶ
1077 1349 1188 1398 ὅπως
1206 1352 1406 1406 φρονοίη,
1443 1353 1510 1394 καὶ
1531 1349 1589 1402 ὥς
1608 1353 1643 1395 εἲ

180 1417 241 1471 μὴ
268 1416 398 1467 οὕτως
425 1419 629 1473 ἕξηγοῖντο
642 1451 655 1469 ,
691 1417 846 1473 ἀνάγκη
877 1423 991 1461 πᾶσα
1022 1420 1078 1468 εἷς
1097 1418 1171 1472 τὴν
1202 1423 1276 1461 τοῦ
1301 1420 1455 1462 Βέκκου
1472 1418 1635 1475 γνώμην
1659 1426 1689 1461 Β

181 1486 412 1540 ἐμπίπτειν,
452 1490 584 1528 ταῦτα
601 1486 727 1542 λέγων
755 1486 870 1541 ἠξίου
893 1484 1083 1538 διδόντας
1103 1486 1255 1538 αὐτοὺς
1273 1487 1320 1530 τὸ
1343 1489 1407 1530 ἐπὶ
1427 1493 1486 1548 τῷ
1507 1488 1639 1547 ὄρθο-

272 1595 330 1630 17.
349 1594 386 1631 εἰ
399 1593 528 1629 deerat.

179 1695 390 1730 Orientalem
413 1695 611 1731 Antiochiae
633 1700 711 1742 post·
734 1697 929 1739 Arsenium,
960 1698 1166 1740 translatus,
1199 1698 1256 1733 vir
1276 1698 1475 1744 religiosus,
1509 1699 1637 1746 quietis

179 1741 331 1783 amicus,
364 1742 481 1787 plenus
512 1742 742 1778 ecclesiastica
773 1745 966 1788 gravitate,
1001 1745 1325 1790 Constantinopolim
1357 1746 1512 1787 advenit,
1544 1746 1636 1790 quod

178 1786 271 1821 illum
303 1792 343 1821 ut
369 1789 500 1822 faceret
533 1790 677 1832 cogebat
718 1790 902 1824 necessitas
940 1795 1039 1825 ratae
1068 1791 1259 1825 reddendae
1292 1791 1510 1836 promotionis
1541 1802 1635 1832 suae,

178 1832 268 1867 haud
307 1833 405 1867 aliter
441 1833 570 1868 firmam
611 1836 845 1869 auctoritatem
879 1836 1058 1870 habiturae
1097 1843 1236 1881 propter
1269 1837 1447 1870 transitum
1487 1847 1530 1870 ex
1566 1848 1634 1871 uuo

179 1878 300 1912 throno
337 1878 374 1913 iu
412 1879 533 1922 alium,
581 1880 675 1914 cuius
708 1881 786 1915 inde
819 1882 966 1926 gratiam
994 1882 1171 1927 impetrari
1203 1887 1387 1927 oporteret.
1431 1892 1635 1927 quamquam

178 1925 260 1957 tunc
293 1936 359 1958 non
389 1924 585 1969 impetravit
614 1926 671 1960 ille
700 1927 846 1971 quidem.
892 1939 1007 1962 verum
1039 1931 1116 1973 post
1146 1938 1250 1961 annos
1283 1933 1360 1960 octo
1384 1927 1534 1969 rediens,
1568 1927 1637 1970 vix,

177 1969 455 2013 promissionibus
490 1970 578 2004 datis
614 1983 652 2005 se
685 1973 878 2018 neutiquam
916 1973 951 2008 in
982 1973 1051 2007 ulla
1083 1985 1123 2006 re
1153 1984 1227 2006 cum
1261 1972 1415 2006 Armenis
1449 1979 1637 2006 couventu-

178 2024 275 2055 rum,
307 2015 442 2058 quando
472 2015 506 2048 iu
537 2027 652 2050 eorum
685 2018 810 2051 ditione
840 2019 983 2063 degeret
1014 2020 1116 2052 rebus
1139 2018 1260 2061 Syriae
1282 2018 1348 2052 iam
1370 2018 1535 2063 perditis,
1571 2019 1635 2052 de-

178 2059 283 2104 nique
305 2059 468 2094 admissus
491 2065 561 2102 est,
591 2065 627 2095 et
649 2062 706 2096 hic
729 2063 834 2097 vitam
860 2065 1028 2098 exhausit.
1072 2064 1104 2097 is
1136 2063 1241 2107 igitur
1271 2063 1363 2098 circa
1383 2067 1515 2109 tempus
1538 2065 1634 2099 cuius

179 2105 279 2138 modo
309 2110 388 2139 acta
418 2106 664 2149 referebamus,
698 2108 1022 2154 Constantinopolim
1053 2109 1234 2154 appulsus,
1271 2120 1345 2143 cum
1375 2116 1516 2156 propter
1549 2110 1635 2144 emi-

178 2154 314 2184 nentem
353 2162 455 2196 super
496 2151 579 2185 alios
618 2152 813 2196 dignitatem
856 2155 976 2188 eximie
1018 2154 1232 2188 honorandus
1271 2154 1364 2189 visus
1394 2157 1515 2190 fuisset
1547 2157 1634 2190 assi-

178 2196 312 2240 gnando
336 2196 367 2230 ei
390 2196 481 2241 apud
507 2197 669 2240 Hodegos
693 2198 898 2241 diversorio,
928 2200 1089 2233 recedens
1119 2199 1198 2234 inde
1225 2201 1420 2245 patriarcha
1443 2202 1634 2246 Gregorius

176 2242 211 2275 in
242 2241 422 2287 hospitium
448 2242 568 2276 Sancti
601 2243 698 2278 Pauli
729 2244 764 2278 in
794 2246 899 2279 Latro
930 2245 1200 2288 transmigravit,
1241 2245 1386 2292 illucque
1419 2258 1458 2282 se
1491 2247 1633 2282 abdidit.

178 2287 236 2331 (7)
259 2287 307 2321 ibi
339 2293 414 2321 erat
449 2288 617 2321 altercans
641 2300 714 2322 cum
737 2290 902 2335 episcopis
925 2296 960 2324 et
989 2291 1223 2336 imperatorem
1246 2303 1429 2334 accusans,
1460 2294 1549 2338 quod
1584 2304 1635 2335 se,

178 2343 278 2377 quem
301 2333 561 2378 assumpsissent
595 2334 781 2379 sapientem
813 2341 849 2370 et
879 2337 1102 2370 honorabilem
1126 2337 1288 2372 creditum
1312 2349 1353 2372 ac
1376 2343 1552 2383 praeterea
1574 2350 1636 2373 or·-

177 2378 327 2412 thodoxe
350 2379 559 2419 sentientem,
583 2391 671 2414 nunc
703 2392 768 2414 non
791 2381 887 2415 modo
913 2381 1095 2426 ignominia
1118 2383 1306 2425 afficerent,
1326 2385 1388 2418 sed
1411 2390 1447 2418 et
1467 2384 1530 2430 ipsi
1554 2396 1637 2430 pre-

177 2423 298 2457 tiosum
322 2424 424 2458 decus
447 2425 633 2459 orthodoxe
655 2426 833 2461 sentientis
865 2429 1047 2462 auferrent.
1092 2427 1182 2462 inter
1210 2429 1296 2463 haec
1327 2429 1518 2474 quiritanda
1539 2435 1634 2464 totus

175 2468 392 2504 incumbebat
424 2471 459 2504 iu
491 2471 732 2516 scriptitandas
765 2474 1011 2514 confutationes
1042 2475 1290 2509 accusationum
1320 2487 1408 2521 quae
1438 2482 1528 2510 tomo
1553 2487 1574 2510 a
1597 2487 1636 2509 se

178 2514 271 2548 edito
294 2515 558 2551 intentabantur.
603 2517 744 2551 istarum
769 2520 910 2552 omnium
945 2519 1172 2564 apologiarum
1201 2532 1287 2555 nnus
1318 2527 1394 2555 erat
1423 2533 1547 2566 scopus
1573 2522 1635 2555 deh

177 2565 364 2594 monstrare
387 2573 485 2606 quam
509 2562 599 2596 iusta
621 2563 820 2606 occasione,
843 2576 943 2610 quam
965 2569 1060 2598 recto
1084 2565 1192 2599 animo
1223 2567 1295 2611 ipse
1318 2577 1339 2600 a
1361 2567 1525 2611 principio
1547 2566 1635 2600 scri-

176 2604 259 2639 bere
281 2617 459 2651 aggressus
482 2612 585 2650 esset,
607 2614 677 2642 tum
701 2610 823 2644 docere
845 2621 944 2655 quam
966 2609 1124 2645 innocens
1153 2616 1189 2645 et
1220 2613 1264 2646 ab
1294 2612 1382 2646 omni
1414 2613 1543 2646 macula
1565 2612 1630 2646 im-

175 2650 284 2684 munis
306 2653 471 2686 sententia
493 2653 632 2688 latuerit
653 2655 717 2689 sub
750 2656 947 2701 quibusdam
979 2655 1015 2689 in
1049 2668 1109 2690 suo
1131 2661 1220 2691 tomo
1242 2658 1385 2692 obscure
1406 2657 1529 2702 positis
1551 2668 1631 2691 ver-

176 2694 231 2728 bis
253 2697 474 2742 ambigueque
497 2699 685 2744 perplexis3
708 2713 796 2746 quae
817 2701 952 2746 quidem
974 2701 1063 2736 ultro
1082 2704 1267 2747 fatebatur,
1290 2703 1355 2737 nisi
1377 2715 1418 2737 eo
1441 2703 1536 2737 modo
1561 2714 1630 2748 quo

174 2749 265 2773 nunc
293 2744 483 2787 exponebat
511 2744 783 2789 declararentur,
819 2746 1012 2781 necessario
1039 2747 1076 2781 in
1106 2748 1209 2782 Vecci
1238 2749 1439 2783 sententiam
1466 2748 1627 2782 incidere.

175 2783 262 2819 haee
281 2785 332 2821 ita
351 2787 548 2835 disputans,
581 2792 720 2836 petebat
741 2791 816 2827 dari
838 2792 902 2827 sibi
925 2793 970 2828 ab
990 2792 1034 2828 iis
1054 2805 1141 2840 quos
1163 2795 1397 2840 compellabat,
1419 2793 1627 2829 antistitibus
