<?xml version="1.0" encoding="UTF-8"?>
<!DOCTYPE html PUBLIC "-//W3C//DTD XHTML 1.0 Transitional//EN"
    "http://www.w3.org/TR/xhtml1/DTD/xhtml1-transitional.dtd">
<html xmlns="http://www.w3.org/1999/xhtml" xml:lang="en" lang="en">
 <head>
  <title>
</title>
<meta http-equiv="Content-Type" content="text/html;charset=utf-8" />
  <meta name='ocr-system' content='tesseract 3.04.00' />
  <meta name='ocr-capabilities' content='ocr_page ocr_carea ocr_par ocr_line ocrx_word'/>
</head>
<body>
  <div class='ocr_page' id='page_1' title='image "./corpusscriptorum18niebuoft_0248.png"; bbox 0 0 1820 3112; ppageno 0'>
   <div class='ocr_carea' id='block_1_1' title="bbox 177 131 1219 181">
    <p class='ocr_par' dir='ltr' id='par_1_1' title="bbox 177 131 1219 181">
     <span class='ocr_line' id='line_1_1' title="bbox 177 131 1219 181; baseline -0.004 0"><span class='ocrx_word' id='word_1_1' title='bbox 177 137 275 181; x_wconf 78' lang='lat'><strong>232</strong></span> <span class='ocrx_word' id='word_1_2' title='bbox 595 131 832 176; x_wconf 89' lang='lat' dir='ltr'><strong>GEORGII</strong></span> <span class='ocrx_word' id='word_1_3' title='bbox 865 132 1219 177; x_wconf 86' lang='lat' dir='ltr'>PACHYMERIS</span> 
     </span>
    </p>
   </div>
   <div class='ocr_carea' id='block_1_2' title="bbox 38 240 1699 1473">
    <p class='ocr_par' dir='ltr' id='par_1_2' title="bbox 127 240 1674 715">
     <span class='ocr_line' id='line_1_2' title="bbox 127 240 1641 302; baseline 0.005 -16"><span class='ocrx_word' id='word_1_4' title='bbox 127 258 156 292; x_wconf 91' lang='lat' dir='ltr'>c</span> <span class='ocrx_word' id='word_1_5' title='bbox 322 245 395 292; x_wconf 81' lang='grc'><strong>14.</strong></span> <span class='ocrx_word' id='word_1_6' title='bbox 459 244 675 288; x_wconf 77' lang='grc' dir='ltr'><strong>Ἐντεῦθεν</strong></span> <span class='ocrx_word' id='word_1_7' title='bbox 701 247 767 288; x_wconf 81' lang='grc' dir='ltr'>καὶ</span> <span class='ocrx_word' id='word_1_8' title='bbox 788 242 913 296; x_wconf 84' lang='grc' dir='ltr'>πόνος</span> <span class='ocrx_word' id='word_1_9' title='bbox 931 240 983 301; x_wconf 72' lang='grc' dir='ltr'>ἦν</span> <span class='ocrx_word' id='word_1_10' title='bbox 1004 244 1189 300; x_wconf 67' lang='grc' dir='ltr'>Πέρσαις</span> <span class='ocrx_word' id='word_1_11' title='bbox 1209 244 1236 302; x_wconf 75' lang='grc' dir='ltr'><strong><em>ἦ</em></strong></span> <span class='ocrx_word' id='word_1_12' title='bbox 1259 251 1342 290; x_wconf 83' lang='grc' dir='ltr'><strong>τῶν</strong></span> <span class='ocrx_word' id='word_1_13' title='bbox 1358 247 1473 292; x_wconf 79' lang='grc' dir='ltr'>ι’δῖων</span> <span class='ocrx_word' id='word_1_14' title='bbox 1493 266 1641 293; x_wconf 68' lang='lat' dir='ltr'><strong>navve-</strong></span> 
     </span>
     <span class='ocr_line' id='line_1_3' title="bbox 175 310 1641 373; baseline 0.002 -15"><span class='ocrx_word' id='word_1_15' title='bbox 175 315 250 371; x_wconf 81' lang='grc' dir='ltr'><strong>λὴς</strong></span> <span class='ocrx_word' id='word_1_16' title='bbox 270 310 515 366; x_wconf 54' lang='lat' dir='ltr'><strong>{sanabim-</strong></span> <span class='ocrx_word' id='word_1_17' title='bbox 564 312 635 364; x_wconf 81' lang='grc' dir='ltr'><strong>οὓς</strong></span> <span class='ocrx_word' id='word_1_18' title='bbox 669 315 720 370; x_wconf 76' lang='grc' dir='ltr'><strong>δὴ</strong></span> <span class='ocrx_word' id='word_1_19' title='bbox 755 316 902 364; x_wconf 75' lang='grc' dir='ltr'>ἐκεῖνος</span> <span class='ocrx_word' id='word_1_20' title='bbox 930 314 1003 369; x_wconf 74' lang='grc' dir='ltr'>μὲν</span> <span class='ocrx_word' id='word_1_21' title='bbox 1026 314 1094 356; x_wconf 76' lang='grc' dir='ltr'><strong>ἔπ’</strong></span> <span class='ocrx_word' id='word_1_22' title='bbox 1122 314 1326 371; x_wconf 82' lang='grc' dir='ltr'>ἀνατολῆς</span> <span class='ocrx_word' id='word_1_23' title='bbox 1342 310 1435 372; x_wconf 76' lang='grc' dir='ltr'>ἦγεν</span> <span class='ocrx_word' id='word_1_24' title='bbox 1458 316 1641 373; x_wconf 75' lang='grc' dir='ltr'>αὐτομο-</span> 
     </span>
     <span class='ocr_line' id='line_1_4' title="bbox 176 380 1641 439; baseline 0.001 -12"><span class='ocrx_word' id='word_1_25' title='bbox 176 383 404 439; x_wconf 77' lang='grc' dir='ltr'>λήσαντας,</span> <span class='ocrx_word' id='word_1_26' title='bbox 443 383 483 425; x_wconf 78' lang='grc' dir='ltr'><strong>οἱ</strong></span> <span class='ocrx_word' id='word_1_27' title='bbox 507 381 552 424; x_wconf 81' lang='grc' dir='ltr'><strong>δ’</strong></span> <span class='ocrx_word' id='word_1_28' title='bbox 585 381 757 439; x_wconf 72' lang='grc' dir='ltr'>ὕστερον</span> <span class='ocrx_word' id='word_1_29' title='bbox 787 380 979 433; x_wconf 72' lang='grc' dir='ltr'><strong>ἐλθόντες</strong></span> <span class='ocrx_word' id='word_1_30' title='bbox 1007 380 1163 438; x_wconf 77' lang='grc' dir='ltr'>συνάμ’</span> <span class='ocrx_word' id='word_1_31' title='bbox 1185 384 1348 434; x_wconf 75' lang='grc' dir='ltr'>ἐκείνοις</span> <span class='ocrx_word' id='word_1_32' title='bbox 1366 389 1499 435; x_wconf 83' lang='grc' dir='ltr'>κακῶς</span> <span class='ocrx_word' id='word_1_33' title='bbox 1519 387 1641 429; x_wconf 75' lang='grc' dir='ltr'>διετί-</span> 
     </span>
     <span class='ocr_line' id='line_1_5' title="bbox 172 447 1641 509; baseline 0.002 -14"><span class='ocrx_word' id='word_1_34' title='bbox 172 457 282 495; x_wconf 85' lang='grc' dir='ltr'>θουν</span> <span class='ocrx_word' id='word_1_35' title='bbox 303 451 377 506; x_wconf 74' lang='grc' dir='ltr'><strong>τὴν</strong></span> <span class='ocrx_word' id='word_1_36' title='bbox 389 447 545 506; x_wconf 82' lang='grc' dir='ltr'>χώραν.</span> <span class='ocrx_word' id='word_1_37' title='bbox 609 457 749 495; x_wconf 86' lang='grc' dir='ltr'>σκοπῶ</span> <span class='ocrx_word' id='word_1_38' title='bbox 771 452 816 494; x_wconf 79' lang='grc' dir='ltr'><strong>δὲ</strong></span> <span class='ocrx_word' id='word_1_39' title='bbox 841 453 875 494; x_wconf 78' lang='grc' dir='ltr'><strong>εἰ</strong></span> <span class='ocrx_word' id='word_1_40' title='bbox 894 454 961 494; x_wconf 83' lang='grc' dir='ltr'>καὶ</span> <span class='ocrx_word' id='word_1_41' title='bbox 977 451 1035 507; x_wconf 83' lang='grc' dir='ltr'><strong>μὴ</strong></span> <span class='ocrx_word' id='word_1_42' title='bbox 1055 452 1168 508; x_wconf 82' lang='grc' dir='ltr'>παρὰ</span> <span class='ocrx_word' id='word_1_43' title='bbox 1186 452 1261 508; x_wconf 75' lang='grc' dir='ltr'><strong>τὴν</strong></span> <span class='ocrx_word' id='word_1_44' title='bbox 1277 450 1472 509; x_wconf 73' lang='grc' dir='ltr'>τοιαύτην</span> <span class='ocrx_word' id='word_1_45' title='bbox 1492 471 1641 498; x_wconf 78' lang='grc' dir='ltr'>παντε-</span> 
     </span>
     <span class='ocr_line' id='line_1_6' title="bbox 174 519 1674 578; baseline 0.003 -15"><span class='ocrx_word' id='word_1_46' title='bbox 174 524 256 570; x_wconf 80' lang='grc' dir='ltr'><strong>λῶς</strong></span> <span class='ocrx_word' id='word_1_47' title='bbox 275 521 544 577; x_wconf 73' lang='grc' dir='ltr'>ἐρημωθῆναι</span> <span class='ocrx_word' id='word_1_48' title='bbox 564 520 617 563; x_wconf 80' lang='grc' dir='ltr'><strong>τὰ</strong></span> <span class='ocrx_word' id='word_1_49' title='bbox 642 520 737 564; x_wconf 74' lang='grc' dir='ltr'>κατ’</span> <span class='ocrx_word' id='word_1_50' title='bbox 757 520 962 576; x_wconf 74' lang='grc' dir='ltr'>ἀνατολὴν</span> <span class='ocrx_word' id='word_1_51' title='bbox 984 521 1235 577; x_wconf 73' lang='grc' dir='ltr'>ξυμβέβηκεν</span> <span class='ocrx_word' id='word_1_52' title='bbox 1253 519 1448 578; x_wconf 72' lang='grc' dir='ltr'>ὕστερον,</span> <span class='ocrx_word' id='word_1_53' title='bbox 1484 522 1674 568; x_wconf 58' lang='lat' dir='ltr'><strong>{nataturus</strong></span> 
     </span>
     <span class='ocr_line' id='line_1_7' title="bbox 175 587 1644 647; baseline 0.002 -15"><span class='ocrx_word' id='word_1_54' title='bbox 175 593 300 632; x_wconf 76' lang='grc' dir='ltr'>τοῦτο</span> <span class='ocrx_word' id='word_1_55' title='bbox 332 589 406 642; x_wconf 79' lang='grc' dir='ltr'>μὲν</span> <span class='ocrx_word' id='word_1_56' title='bbox 437 587 674 633; x_wconf 81' lang='grc' dir='ltr'>πονούντων</span> <span class='ocrx_word' id='word_1_57' title='bbox 711 589 782 647; x_wconf 72' lang='grc' dir='ltr'><strong>ἐφ’</strong></span> <span class='ocrx_word' id='word_1_58' title='bbox 820 587 880 639; x_wconf 77' lang='grc' dir='ltr'><strong>οἷς</strong></span> <span class='ocrx_word' id='word_1_59' title='bbox 913 589 1098 642; x_wconf 68' lang='grc' dir='ltr'>ἔπαθον,</span> <span class='ocrx_word' id='word_1_60' title='bbox 1143 595 1267 634; x_wconf 82' lang='grc' dir='ltr'>τοῦτο</span> <span class='ocrx_word' id='word_1_61' title='bbox 1303 591 1348 634; x_wconf 78' lang='grc' dir='ltr'><strong>δὲ</strong></span> <span class='ocrx_word' id='word_1_62' title='bbox 1373 591 1440 633; x_wconf 80' lang='grc' dir='ltr'>καὶ</span> <span class='ocrx_word' id='word_1_63' title='bbox 1463 589 1644 647; x_wconf 79' lang='grc' dir='ltr'><strong><em>ἀκριβῶς</em></strong></span> 
     </span>
     <span class='ocr_line' id='line_1_8' title="bbox 175 655 1644 715; baseline 0.001 -14"><span class='ocrx_word' id='word_1_64' title='bbox 175 657 275 709; x_wconf 78' lang='grc' dir='ltr'><strong>τούς</strong></span> <span class='ocrx_word' id='word_1_65' title='bbox 306 655 460 707; x_wconf 84' lang='grc' dir='ltr'>τόπους</span> <span class='ocrx_word' id='word_1_66' title='bbox 488 656 741 712; x_wconf 73' lang='grc' dir='ltr'>μαθόντων,</span> <span class='ocrx_word' id='word_1_67' title='bbox 782 658 948 714; x_wconf 75' lang='grc' dir='ltr'>προσέτι</span> <span class='ocrx_word' id='word_1_68' title='bbox 979 658 1023 701; x_wconf 77' lang='lat' dir='ltr'><strong>d’</strong></span> <span class='ocrx_word' id='word_1_69' title='bbox 1063 655 1340 709; x_wconf 75' lang='grc' dir='ltr'>ἐκλελοιπότος</span> <span class='ocrx_word' id='word_1_70' title='bbox 1378 660 1445 702; x_wconf 80' lang='grc' dir='ltr'>καὶ</span> <span class='ocrx_word' id='word_1_71' title='bbox 1473 658 1520 702; x_wconf 79' lang='grc' dir='ltr'>ὃν</span> <span class='ocrx_word' id='word_1_72' title='bbox 1537 657 1644 715; x_wconf 75' lang='grc' dir='ltr'>εἶχον</span> 
     </span>
    </p>

    <p class='ocr_par' dir='ltr' id='par_1_3' title="bbox 128 723 1699 1128">
     <span class='ocr_line' id='line_1_9' title="bbox 128 723 1644 785; baseline 0.002 -16"><span class='ocrx_word' id='word_1_73' title='bbox 128 730 160 764; x_wconf 87' lang='lat' dir='ltr'>D</span> <span class='ocrx_word' id='word_1_74' title='bbox 183 726 251 770; x_wconf 77' lang='grc' dir='ltr'><strong>διὰ</strong></span> <span class='ocrx_word' id='word_1_75' title='bbox 276 723 412 784; x_wconf 83' lang='grc' dir='ltr'>φόβου</span> <span class='ocrx_word' id='word_1_76' title='bbox 436 726 482 769; x_wconf 86' lang='grc' dir='ltr'><strong>τὸ</strong></span> <span class='ocrx_word' id='word_1_77' title='bbox 499 724 624 770; x_wconf 77' lang='grc' dir='ltr'>πάλαι</span> <span class='ocrx_word' id='word_1_78' title='bbox 641 729 707 770; x_wconf 85' lang='grc' dir='ltr'>καὶ</span> <span class='ocrx_word' id='word_1_79' title='bbox 725 725 947 781; x_wconf 77' lang='grc' dir='ltr'>θαύματος</span> <span class='ocrx_word' id='word_1_80' title='bbox 955 759 968 779; x_wconf 85' lang='grc'>,</span> <span class='ocrx_word' id='word_1_81' title='bbox 999 725 1054 777; x_wconf 79' lang='grc' dir='ltr'><strong>ὥς</strong></span> <span class='ocrx_word' id='word_1_82' title='bbox 1076 730 1142 770; x_wconf 81' lang='grc' dir='ltr'>καὶ</span> <span class='ocrx_word' id='word_1_83' title='bbox 1165 727 1316 778; x_wconf 76' lang='grc' dir='ltr'>ἄλλους</span> <span class='ocrx_word' id='word_1_84' title='bbox 1335 733 1644 785; x_wconf 82' lang='grc' dir='ltr'>καταφρονοῦν-</span> 
     </span>
     <span class='ocr_line' id='line_1_10' title="bbox 176 794 1645 852; baseline 0.001 -14"><span class='ocrx_word' id='word_1_85' title='bbox 176 812 254 846; x_wconf 90' lang='grc' dir='ltr'><strong>τας</strong></span> <span class='ocrx_word' id='word_1_86' title='bbox 283 794 433 850; x_wconf 78' lang='grc' dir='ltr'>ἆνέδην</span> <span class='ocrx_word' id='word_1_87' title='bbox 462 795 562 848; x_wconf 65' lang='grc' dir='ltr'>ἔχειν</span> <span class='ocrx_word' id='word_1_88' title='bbox 589 797 743 839; x_wconf 75' lang='grc' dir='ltr'>ἓκθὲειν</span> <span class='ocrx_word' id='word_1_89' title='bbox 778 797 844 838; x_wconf 85' lang='grc' dir='ltr'>καὶ</span> <span class='ocrx_word' id='word_1_90' title='bbox 871 795 924 838; x_wconf 80' lang='grc' dir='ltr'><strong>τὰ</strong></span> <span class='ocrx_word' id='word_1_91' title='bbox 952 795 1122 852; x_wconf 68' lang='grc' dir='ltr'>μέγιστα</span> <span class='ocrx_word' id='word_1_92' title='bbox 1147 799 1345 852; x_wconf 78' lang='grc' dir='ltr'>ζημιοῦν,</span> <span class='ocrx_word' id='word_1_93' title='bbox 1382 797 1450 838; x_wconf 77' lang='grc' dir='ltr'>καὶ</span> <span class='ocrx_word' id='word_1_94' title='bbox 1473 796 1549 840; x_wconf 78' lang='grc' dir='ltr'>σῧν</span> <span class='ocrx_word' id='word_1_95' title='bbox 1566 796 1645 840; x_wconf 82' lang='grc' dir='ltr'>αὗ-</span> 
     </span>
     <span class='ocr_line' id='line_1_11' title="bbox 177 862 1699 921; baseline 0.001 -14"><span class='ocrx_word' id='word_1_96' title='bbox 177 870 264 914; x_wconf 86' lang='grc' dir='ltr'><strong>τοῖς</strong></span> <span class='ocrx_word' id='word_1_97' title='bbox 293 862 443 914; x_wconf 73' lang='grc' dir='ltr'>ἄλλους</span> <span class='ocrx_word' id='word_1_98' title='bbox 476 863 612 921; x_wconf 77' lang='grc' dir='ltr'>ὥσπερ</span> <span class='ocrx_word' id='word_1_99' title='bbox 653 862 777 914; x_wconf 80' lang='grc' dir='ltr'>κύνας</span> <span class='ocrx_word' id='word_1_100' title='bbox 808 862 1172 920; x_wconf 80' lang='grc' dir='ltr'>ὠστοτραγηκότας</span> <span class='ocrx_word' id='word_1_101' title='bbox 1212 863 1506 920; x_wconf 81' lang='grc' dir='ltr'>λιχνεύσασθαι</span> <span class='ocrx_word' id='word_1_102' title='bbox 1517 898 1531 919; x_wconf 88' lang='grc'>,</span> <span class='ocrx_word' id='word_1_103' title='bbox 1576 867 1642 908; x_wconf 80' lang='grc' dir='ltr'><strong>καὶ</strong></span> <span class='ocrx_word' id='word_1_104' title='bbox 1655 876 1699 911; x_wconf 84' lang='grc'><strong>10</strong></span> 
     </span>
     <span class='ocr_line' id='line_1_12' title="bbox 179 931 1644 991; baseline 0.001 -15"><span class='ocrx_word' id='word_1_105' title='bbox 179 932 288 976; x_wconf 76' lang='grc' dir='ltr'>οὕτω</span> <span class='ocrx_word' id='word_1_106' title='bbox 316 931 416 975; x_wconf 76' lang='grc' dir='ltr'>κατ’</span> <span class='ocrx_word' id='word_1_107' title='bbox 458 931 590 989; x_wconf 77' lang='grc' dir='ltr'>ὀλίγον</span> <span class='ocrx_word' id='word_1_108' title='bbox 627 938 678 991; x_wconf 83' lang='grc' dir='ltr'><strong>τῇ</strong></span> <span class='ocrx_word' id='word_1_109' title='bbox 704 931 916 988; x_wconf 86' lang='grc' dir='ltr'>Ῥωμαίων</span> <span class='ocrx_word' id='word_1_110' title='bbox 943 933 1162 989; x_wconf 73' lang='grc' dir='ltr'>ἐπέχοντας</span> <span class='ocrx_word' id='word_1_111' title='bbox 1193 933 1320 989; x_wconf 72' lang='grc' dir='ltr'>ἄλλην</span> <span class='ocrx_word' id='word_1_112' title='bbox 1341 931 1496 990; x_wconf 75' lang='grc' dir='ltr'>ἐρήμην</span> <span class='ocrx_word' id='word_1_113' title='bbox 1516 936 1644 986; x_wconf 77' lang='grc' dir='ltr'>δεῖξαι</span> 
     </span>
     <span class='ocr_line' id='line_1_13' title="bbox 175 1001 1644 1059; baseline 0.001 -15"><span class='ocrx_word' id='word_1_114' title='bbox 175 1002 251 1057; x_wconf 74' lang='grc' dir='ltr'><strong>τὴν</strong></span> <span class='ocrx_word' id='word_1_115' title='bbox 275 1001 353 1044; x_wconf 77' lang='grc' dir='ltr'><strong>ἀπ’</strong></span> <span class='ocrx_word' id='word_1_116' title='bbox 375 1001 566 1052; x_wconf 74' lang='grc' dir='ltr'>Εὐξείνου</span> <span class='ocrx_word' id='word_1_117' title='bbox 589 1001 758 1045; x_wconf 87' lang='grc' dir='ltr'>Πόντου</span> <span class='ocrx_word' id='word_1_118' title='bbox 788 1002 905 1059; x_wconf 70' lang='grc' dir='ltr'>μέχρι</span> <span class='ocrx_word' id='word_1_119' title='bbox 935 1003 1003 1044; x_wconf 80' lang='grc' dir='ltr'>καὶ</span> <span class='ocrx_word' id='word_1_120' title='bbox 1039 1006 1113 1058; x_wconf 79' lang='grc' dir='ltr'><strong>τῆς</strong></span> <span class='ocrx_word' id='word_1_121' title='bbox 1132 1003 1237 1046; x_wconf 85' lang='grc' dir='ltr'>κατὰ</span> <span class='ocrx_word' id='word_1_122' title='bbox 1259 1001 1401 1046; x_wconf 84' lang='grc' dir='ltr'>Ῥόδον</span> <span class='ocrx_word' id='word_1_123' title='bbox 1423 1001 1644 1059; x_wconf 78' lang='grc' dir='ltr'>θαλάσσης</span> 
     </span>
     <span class='ocr_line' id='line_1_14' title="bbox 176 1067 1640 1128; baseline 0.001 -14"><span class='ocrx_word' id='word_1_124' title='bbox 176 1067 282 1114; x_wconf 83' lang='grc' dir='ltr'>κατά</span> <span class='ocrx_word' id='word_1_125' title='bbox 304 1087 347 1113; x_wconf 83' lang='grc' dir='ltr'><strong>τε</strong></span> <span class='ocrx_word' id='word_1_126' title='bbox 363 1074 494 1125; x_wconf 74' lang='grc' dir='ltr'>μῆκος</span> <span class='ocrx_word' id='word_1_127' title='bbox 516 1072 583 1113; x_wconf 84' lang='grc' dir='ltr'>καὶ</span> <span class='ocrx_word' id='word_1_128' title='bbox 605 1069 761 1121; x_wconf 78' lang='grc' dir='ltr'>πλάτος</span> <span class='ocrx_word' id='word_1_129' title='bbox 780 1071 1007 1126; x_wconf 67' lang='grc' dir='ltr'>διέχουσαν.</span> <span class='ocrx_word' id='word_1_130' title='bbox 1080 1071 1186 1114; x_wconf 79' lang='grc' dir='ltr'>ἀλλὰ</span> <span class='ocrx_word' id='word_1_131' title='bbox 1206 1076 1339 1114; x_wconf 80' lang='grc' dir='ltr'>ταῦτα</span> <span class='ocrx_word' id='word_1_132' title='bbox 1355 1071 1430 1126; x_wconf 76' lang='grc' dir='ltr'>μὲν</span> <span class='ocrx_word' id='word_1_133' title='bbox 1453 1071 1640 1128; x_wconf 75' lang='grc' dir='ltr'>ὕστερον.</span> 
     </span>
    </p>

    <p class='ocr_par' dir='ltr' id='par_1_4' title="bbox 38 1137 1697 1473">
     <span class='ocr_line' id='line_1_15' title="bbox 38 1137 1645 1197; baseline 0 -13"><span class='ocrx_word' id='word_1_134' title='bbox 38 1142 64 1175; x_wconf 79' lang='grc' dir='ltr'>Ρ</span> <span class='ocrx_word' id='word_1_135' title='bbox 92 1141 156 1177; x_wconf 86' lang='grc'><strong>158</strong></span> <span class='ocrx_word' id='word_1_136' title='bbox 320 1139 395 1184; x_wconf 87' lang='grc'><strong>15.</strong></span> <span class='ocrx_word' id='word_1_137' title='bbox 469 1137 575 1183; x_wconf 81' lang='grc' dir='ltr'>Τότε</span> <span class='ocrx_word' id='word_1_138' title='bbox 611 1141 655 1182; x_wconf 78' lang='grc' dir='ltr'><strong>δὲ</strong></span> <span class='ocrx_word' id='word_1_139' title='bbox 684 1142 888 1197; x_wconf 82' lang='grc' dir='ltr'>διαφορᾶς</span> <span class='ocrx_word' id='word_1_140' title='bbox 917 1137 1117 1195; x_wconf 72' lang='grc' dir='ltr'>ἐνστάσης</span> <span class='ocrx_word' id='word_1_141' title='bbox 1151 1141 1343 1196; x_wconf 76' lang='grc' dir='ltr'>μεγίστης</span> <span class='ocrx_word' id='word_1_142' title='bbox 1364 1140 1516 1194; x_wconf 73' lang='grc' dir='ltr'>μεταξὺ</span> <span class='ocrx_word' id='word_1_143' title='bbox 1541 1144 1583 1184; x_wconf 94' lang='grc' dir='ltr'>Γ</span> <span class='ocrx_word' id='word_1_144' title='bbox 1579 1158 1645 1183; x_wconf 82' lang='grc' dir='ltr'>εν-</span> 
     </span>
     <span class='ocr_line' id='line_1_16' title="bbox 176 1206 1697 1266; baseline 0.002 -15"><span class='ocrx_word' id='word_1_145' title='bbox 176 1212 349 1252; x_wconf 80' lang='grc' dir='ltr'>νουΐτῶν</span> <span class='ocrx_word' id='word_1_146' title='bbox 369 1209 434 1250; x_wconf 82' lang='grc' dir='ltr'>καὶ</span> <span class='ocrx_word' id='word_1_147' title='bbox 454 1211 697 1263; x_wconf 73' lang='grc' dir='ltr'>Βενετικῶν,</span> <span class='ocrx_word' id='word_1_148' title='bbox 733 1207 787 1259; x_wconf 81' lang='grc' dir='ltr'><strong>ὥς</strong></span> <span class='ocrx_word' id='word_1_149' title='bbox 807 1212 907 1251; x_wconf 81' lang='grc' dir='ltr'>πᾶσι</span> <span class='ocrx_word' id='word_1_150' title='bbox 925 1206 1083 1259; x_wconf 78' lang='grc' dir='ltr'>πάντας</span> <span class='ocrx_word' id='word_1_151' title='bbox 1105 1208 1164 1251; x_wconf 76' lang='grc' dir='ltr'><strong>δι’</strong></span> <span class='ocrx_word' id='word_1_152' title='bbox 1186 1208 1343 1266; x_wconf 62' lang='grc' dir='ltr'>ἔχθρας</span> <span class='ocrx_word' id='word_1_153' title='bbox 1359 1207 1460 1251; x_wconf 79' lang='grc' dir='ltr'>εἶναι</span> <span class='ocrx_word' id='word_1_154' title='bbox 1476 1210 1544 1251; x_wconf 79' lang='grc' dir='ltr'>καὶ</span> <span class='ocrx_word' id='word_1_155' title='bbox 1567 1227 1643 1252; x_wconf 84' lang='grc' dir='ltr'>κα-</span> <span class='ocrx_word' id='word_1_156' title='bbox 1655 1219 1697 1254; x_wconf 88' lang='lat'><strong>15</strong></span> 
     </span>
     <span class='ocr_line' id='line_1_17' title="bbox 177 1271 1644 1333; baseline 0 -12"><span class='ocrx_word' id='word_1_157' title='bbox 177 1277 248 1321; x_wconf 77' lang='grc' dir='ltr'>κᾶν</span> <span class='ocrx_word' id='word_1_158' title='bbox 268 1274 459 1332; x_wconf 71' lang='grc' dir='ltr'>ἀλλήλοις</span> <span class='ocrx_word' id='word_1_159' title='bbox 479 1271 702 1332; x_wconf 80' lang='grc' dir='ltr'>ἀπάντημα</span> <span class='ocrx_word' id='word_1_160' title='bbox 719 1278 905 1333; x_wconf 79' lang='grc' dir='ltr'>γίνεσθαι</span> <span class='ocrx_word' id='word_1_161' title='bbox 928 1279 995 1319; x_wconf 81' lang='grc' dir='ltr'>καὶ</span> <span class='ocrx_word' id='word_1_162' title='bbox 1025 1279 1145 1320; x_wconf 78' lang='grc' dir='ltr'>ναυσὶ</span> <span class='ocrx_word' id='word_1_163' title='bbox 1174 1277 1372 1327; x_wconf 72' lang='grc' dir='ltr'>πλέοντας</span> <span class='ocrx_word' id='word_1_164' title='bbox 1389 1278 1456 1319; x_wconf 77' lang='grc' dir='ltr'>καὶ</span> <span class='ocrx_word' id='word_1_165' title='bbox 1477 1275 1644 1321; x_wconf 79' lang='grc' dir='ltr'>ὁδοιπο-</span> 
     </span>
     <span class='ocr_line' id='line_1_18' title="bbox 176 1342 1644 1403; baseline 0.001 -14"><span class='ocrx_word' id='word_1_166' title='bbox 176 1350 353 1401; x_wconf 76' lang='grc' dir='ltr'>ροῦντας</span> <span class='ocrx_word' id='word_1_167' title='bbox 370 1348 489 1402; x_wconf 71' lang='grc' dir='ltr'>πεζῇ,</span> <span class='ocrx_word' id='word_1_168' title='bbox 529 1345 603 1389; x_wconf 73' lang='grc' dir='ltr'><strong>οὐκ</strong></span> <span class='ocrx_word' id='word_1_169' title='bbox 625 1342 676 1401; x_wconf 72' lang='grc' dir='ltr'>ἦν</span> <span class='ocrx_word' id='word_1_170' title='bbox 697 1344 802 1396; x_wconf 85' lang='grc' dir='ltr'>ὅλως</span> <span class='ocrx_word' id='word_1_171' title='bbox 822 1346 963 1403; x_wconf 84' lang='grc' dir='ltr'>καιρὸς</span> <span class='ocrx_word' id='word_1_172' title='bbox 986 1345 1091 1388; x_wconf 76' lang='grc' dir='ltr'>καθ’</span> <span class='ocrx_word' id='word_1_173' title='bbox 1114 1345 1161 1389; x_wconf 76' lang='grc' dir='ltr'>ὃν</span> <span class='ocrx_word' id='word_1_174' title='bbox 1181 1346 1255 1389; x_wconf 76' lang='grc' dir='ltr'><strong>οὐκ</strong></span> <span class='ocrx_word' id='word_1_175' title='bbox 1275 1343 1476 1402; x_wconf 69' lang='grc' dir='ltr'>ἠκούοντο</span> <span class='ocrx_word' id='word_1_176' title='bbox 1497 1344 1523 1402; x_wconf 81' lang='grc' dir='ltr'>ἢ</span> <span class='ocrx_word' id='word_1_177' title='bbox 1541 1349 1644 1390; x_wconf 75' lang='grc' dir='ltr'>Γεν-</span> 
     </span>
     <span class='ocr_line' id='line_1_19' title="bbox 175 1408 1643 1473; baseline 0.001 -16"><span class='ocrx_word' id='word_1_178' title='bbox 175 1408 332 1458; x_wconf 79' lang='grc' dir='ltr'>νουῗται</span> <span class='ocrx_word' id='word_1_179' title='bbox 352 1414 404 1457; x_wconf 78' lang='grc' dir='ltr'><strong>τὰ</strong></span> <span class='ocrx_word' id='word_1_180' title='bbox 424 1416 609 1473; x_wconf 78' lang='grc' dir='ltr'>χείριστα</span> <span class='ocrx_word' id='word_1_181' title='bbox 633 1413 928 1465; x_wconf 76' lang='grc' dir='ltr'>διατεθεικότες</span> <span class='ocrx_word' id='word_1_182' title='bbox 948 1415 1187 1465; x_wconf 73' lang='grc' dir='ltr'>Βενετικοὺς</span> <span class='ocrx_word' id='word_1_183' title='bbox 1205 1414 1231 1470; x_wconf 73' lang='grc' dir='ltr'>ἢ</span> <span class='ocrx_word' id='word_1_184' title='bbox 1255 1417 1498 1465; x_wconf 63' lang='lat' dir='ltr'><strong>servavt-me,-</strong></span> <span class='ocrx_word' id='word_1_185' title='bbox 1519 1417 1643 1459; x_wconf 84' lang='grc' dir='ltr'>Βενε-</span> 
     </span>
    </p>
   </div>
   <div class='ocr_carea' id='block_1_3' title="bbox 271 1534 588 1582">
    <p class='ocr_par' dir='ltr' id='par_1_5' title="bbox 271 1534 588 1582">
     <span class='ocr_line' id='line_1_20' title="bbox 271 1534 588 1582; baseline -0.006 -11"><span class='ocrx_word' id='word_1_186' title='bbox 271 1538 323 1571; x_wconf 85' lang='grc'><strong>16.</strong></span> <span class='ocrx_word' id='word_1_187' title='bbox 351 1534 527 1582; x_wconf 76' lang='grc' dir='ltr'>οἷποὶτημοι</span> <span class='ocrx_word' id='word_1_188' title='bbox 550 1537 588 1570; x_wconf 90' lang='grc' dir='ltr'><strong>Ρ.</strong></span> 
     </span>
    </p>
   </div>
   <div class='ocr_carea' id='block_1_4' title="bbox 173 1638 1646 2833">
    <p class='ocr_par' dir='ltr' id='par_1_6' title="bbox 173 1638 1646 2558">
     <span class='ocr_line' id='line_1_21' title="bbox 269 1638 1646 1686; baseline 0 -12"><span class='ocrx_word' id='word_1_189' title='bbox 269 1640 322 1674; x_wconf 81' lang='lat'><strong>14.</strong></span> <span class='ocrx_word' id='word_1_190' title='bbox 370 1639 542 1685; x_wconf 85' lang='lat' dir='ltr'><strong>Deinceps</strong></span> <span class='ocrx_word' id='word_1_191' title='bbox 566 1639 691 1674; x_wconf 81' lang='lat' dir='ltr'><strong>Persae</strong></span> <span class='ocrx_word' id='word_1_192' title='bbox 716 1650 850 1674; x_wconf 87' lang='lat' dir='ltr'><strong>suorum</strong></span> <span class='ocrx_word' id='word_1_193' title='bbox 871 1639 995 1674; x_wconf 85' lang='lat' dir='ltr'><strong>irritati</strong></span> <span class='ocrx_word' id='word_1_194' title='bbox 1018 1651 1098 1674; x_wconf 89' lang='lat' dir='ltr'><strong>casu</strong></span> <span class='ocrx_word' id='word_1_195' title='bbox 1122 1639 1263 1684; x_wconf 86' lang='lat' dir='ltr'><strong>civium,</strong></span> <span class='ocrx_word' id='word_1_196' title='bbox 1286 1639 1346 1686; x_wconf 89' lang='lat' dir='ltr'><strong>qui</strong></span> <span class='ocrx_word' id='word_1_197' title='bbox 1367 1638 1646 1685; x_wconf 86' lang='lat' dir='ltr'><strong>Philanthropeni</strong></span> 
     </span>
     <span class='ocr_line' id='line_1_22' title="bbox 178 1684 1644 1731; baseline 0 -11"><span class='ocrx_word' id='word_1_198' title='bbox 178 1684 290 1720; x_wconf 86' lang='lat' dir='ltr'><strong>accitu</strong></span> <span class='ocrx_word' id='word_1_199' title='bbox 312 1685 404 1720; x_wconf 84' lang='lat' dir='ltr'><strong>intra</strong></span> <span class='ocrx_word' id='word_1_200' title='bbox 427 1686 635 1720; x_wconf 82' lang='lat' dir='ltr'><strong>Orientalem</strong></span> <span class='ocrx_word' id='word_1_201' title='bbox 658 1698 699 1720; x_wconf 90' lang='lat' dir='ltr'><strong>eo</strong></span> <span class='ocrx_word' id='word_1_202' title='bbox 723 1687 867 1721; x_wconf 83' lang='lat' dir='ltr'>ducente</span> <span class='ocrx_word' id='word_1_203' title='bbox 890 1686 1090 1731; x_wconf 83' lang='lat' dir='ltr'>deprehensi</span> <span class='ocrx_word' id='word_1_204' title='bbox 1111 1686 1248 1720; x_wconf 88' lang='lat' dir='ltr'><strong>limitem</strong></span> <span class='ocrx_word' id='word_1_205' title='bbox 1270 1686 1513 1728; x_wconf 83' lang='lat' dir='ltr'><strong>internecione,</strong></span> <span class='ocrx_word' id='word_1_206' title='bbox 1535 1691 1575 1720; x_wconf 90' lang='lat' dir='ltr'><strong>ut</strong></span> <span class='ocrx_word' id='word_1_207' title='bbox 1591 1686 1644 1720; x_wconf 90' lang='lat' dir='ltr'><strong>di-</strong></span> 
     </span>
     <span class='ocr_line' id='line_1_23' title="bbox 178 1731 1644 1778; baseline 0 -12"><span class='ocrx_word' id='word_1_208' title='bbox 178 1732 304 1774; x_wconf 78' lang='lat' dir='ltr'><strong>ximus,</strong></span> <span class='ocrx_word' id='word_1_209' title='bbox 327 1731 433 1766; x_wconf 89' lang='lat' dir='ltr'><strong>deleti</strong></span> <span class='ocrx_word' id='word_1_210' title='bbox 455 1744 476 1766; x_wconf 87' lang='lat' dir='ltr'><strong>a</strong></span> <span class='ocrx_word' id='word_1_211' title='bbox 501 1732 660 1766; x_wconf 83' lang='lat' dir='ltr'><strong>Romanis</strong></span> <span class='ocrx_word' id='word_1_212' title='bbox 684 1734 840 1775; x_wconf 77' lang='lat' dir='ltr'><strong>ruerant,</strong></span> <span class='ocrx_word' id='word_1_213' title='bbox 863 1743 936 1766; x_wconf 91' lang='lat' dir='ltr'><strong>cum</strong></span> <span class='ocrx_word' id='word_1_214' title='bbox 960 1732 1025 1766; x_wconf 87' lang='lat' dir='ltr'><strong>hoc</strong></span> <span class='ocrx_word' id='word_1_215' title='bbox 1048 1732 1157 1777; x_wconf 88' lang='lat' dir='ltr'><strong>ipsum</strong></span> <span class='ocrx_word' id='word_1_216' title='bbox 1181 1744 1201 1765; x_wconf 89' lang='lat' dir='ltr'><strong>e</strong></span> <span class='ocrx_word' id='word_1_217' title='bbox 1224 1732 1341 1778; x_wconf 77' lang='lat' dir='ltr'><strong>paucis</strong></span> <span class='ocrx_word' id='word_1_218' title='bbox 1364 1743 1478 1766; x_wconf 86' lang='lat' dir='ltr'><strong>eorum</strong></span> <span class='ocrx_word' id='word_1_219' title='bbox 1501 1732 1584 1776; x_wconf 80' lang='lat' dir='ltr'><strong>fuga</strong></span> <span class='ocrx_word' id='word_1_220' title='bbox 1607 1731 1644 1766; x_wconf 91' lang='lat' dir='ltr'><strong>in</strong></span> 
     </span>
     <span class='ocr_line' id='line_1_24' title="bbox 175 1777 1644 1823; baseline 0 -12"><span class='ocrx_word' id='word_1_221' title='bbox 175 1777 325 1822; x_wconf 88' lang='lat' dir='ltr'><strong>patriam</strong></span> <span class='ocrx_word' id='word_1_222' title='bbox 349 1778 497 1812; x_wconf 87' lang='lat' dir='ltr'><strong>reversis</strong></span> <span class='ocrx_word' id='word_1_223' title='bbox 520 1778 780 1823; x_wconf 78' lang='lat' dir='ltr'><strong>cognovissent,</strong></span> <span class='ocrx_word' id='word_1_224' title='bbox 813 1778 866 1812; x_wconf 87' lang='lat' dir='ltr'><strong>his</strong></span> <span class='ocrx_word' id='word_1_225' title='bbox 899 1789 974 1812; x_wconf 90' lang='lat' dir='ltr'><strong>sese</strong></span> <span class='ocrx_word' id='word_1_226' title='bbox 1005 1789 1126 1822; x_wconf 84' lang='lat' dir='ltr'><strong>magno</strong></span> <span class='ocrx_word' id='word_1_227' title='bbox 1147 1778 1269 1823; x_wconf 86' lang='lat' dir='ltr'><strong>reliqui</strong></span> <span class='ocrx_word' id='word_1_228' title='bbox 1291 1789 1428 1823; x_wconf 83' lang='lat' dir='ltr'><strong>numero</strong></span> <span class='ocrx_word' id='word_1_229' title='bbox 1451 1778 1644 1822; x_wconf 87' lang='lat' dir='ltr'><strong>iungentes,</strong></span> 
     </span>
     <span class='ocr_line' id='line_1_25' title="bbox 175 1823 1645 1868; baseline 0.001 -11"><span class='ocrx_word' id='word_1_230' title='bbox 175 1824 232 1857; x_wconf 88' lang='lat' dir='ltr'><strong>ira</strong></span> <span class='ocrx_word' id='word_1_231' title='bbox 255 1828 291 1858; x_wconf 85' lang='lat' dir='ltr'><strong>et</strong></span> <span class='ocrx_word' id='word_1_232' title='bbox 314 1824 503 1866; x_wconf 85' lang='lat' dir='ltr'><strong>cupiditate</strong></span> <span class='ocrx_word' id='word_1_233' title='bbox 532 1824 659 1859; x_wconf 85' lang='lat' dir='ltr'><strong>incensi</strong></span> <span class='ocrx_word' id='word_1_234' title='bbox 691 1824 796 1859; x_wconf 88' lang='lat' dir='ltr'><strong>cladis</strong></span> <span class='ocrx_word' id='word_1_235' title='bbox 818 1824 919 1863; x_wconf 85' lang='lat' dir='ltr'><strong>istius</strong></span> <span class='ocrx_word' id='word_1_236' title='bbox 942 1824 1175 1868; x_wconf 84' lang='lat' dir='ltr'><strong>ulciscendae,</strong></span> <span class='ocrx_word' id='word_1_237' title='bbox 1205 1825 1291 1858; x_wconf 87' lang='lat' dir='ltr'><strong>fines</strong></span> <span class='ocrx_word' id='word_1_238' title='bbox 1314 1824 1485 1858; x_wconf 89' lang='lat' dir='ltr'><strong>Romanos</strong></span> <span class='ocrx_word' id='word_1_239' title='bbox 1511 1823 1645 1859; x_wconf 83' lang='lat' dir='ltr'><strong>infestis</strong></span> 
     </span>
     <span class='ocr_line' id='line_1_26' title="bbox 174 1868 1645 1916; baseline 0.001 -13"><span class='ocrx_word' id='word_1_240' title='bbox 174 1868 420 1914; x_wconf 85' lang='lat' dir='ltr'><strong>irruptionibus</strong></span> <span class='ocrx_word' id='word_1_241' title='bbox 453 1871 646 1905; x_wconf 77' lang='lat' dir='ltr'><strong>vastabant.</strong></span> <span class='ocrx_word' id='word_1_242' title='bbox 704 1870 782 1904; x_wconf 88' lang='lat' dir='ltr'><strong>hinc</strong></span> <span class='ocrx_word' id='word_1_243' title='bbox 812 1882 935 1914; x_wconf 82' lang='lat' dir='ltr'><strong>magna</strong></span> <span class='ocrx_word' id='word_1_244' title='bbox 969 1881 1012 1904; x_wconf 83' lang='lat' dir='ltr'><strong>ex</strong></span> <span class='ocrx_word' id='word_1_245' title='bbox 1042 1874 1142 1916; x_wconf 87' lang='lat' dir='ltr'><strong>parte</strong></span> <span class='ocrx_word' id='word_1_246' title='bbox 1174 1874 1389 1905; x_wconf 82' lang='lat' dir='ltr'><strong>consecutam</strong></span> <span class='ocrx_word' id='word_1_247' title='bbox 1421 1873 1523 1915; x_wconf 85' lang='lat' dir='ltr'><strong>puto,</strong></span> <span class='ocrx_word' id='word_1_248' title='bbox 1555 1881 1645 1915; x_wconf 80' lang='lat' dir='ltr'><strong>quae</strong></span> 
     </span>
     <span class='ocr_line' id='line_1_27' title="bbox 177 1915 1645 1962; baseline 0.001 -13"><span class='ocrx_word' id='word_1_249' title='bbox 177 1915 278 1960; x_wconf 88' lang='lat' dir='ltr'><strong>paulo</strong></span> <span class='ocrx_word' id='word_1_250' title='bbox 312 1919 391 1961; x_wconf 84' lang='lat' dir='ltr'><strong>post</strong></span> <span class='ocrx_word' id='word_1_251' title='bbox 419 1916 607 1952; x_wconf 83' lang='lat' dir='ltr'><strong>miserrima</strong></span> <span class='ocrx_word' id='word_1_252' title='bbox 637 1917 782 1962; x_wconf 82' lang='lat' dir='ltr'><strong>contigit</strong></span> <span class='ocrx_word' id='word_1_253' title='bbox 814 1916 1038 1951; x_wconf 79' lang='lat' dir='ltr'><strong>Orientalium</strong></span> <span class='ocrx_word' id='word_1_254' title='bbox 1067 1916 1231 1950; x_wconf 83' lang='lat' dir='ltr'><strong>desolatio</strong></span> <span class='ocrx_word' id='word_1_255' title='bbox 1265 1920 1454 1958; x_wconf 82' lang='lat' dir='ltr'><strong>tractuum,</strong></span> <span class='ocrx_word' id='word_1_256' title='bbox 1487 1915 1645 1950; x_wconf 80' lang='lat' dir='ltr'><strong>barbaris</strong></span> 
     </span>
     <span class='ocr_line' id='line_1_28' title="bbox 174 1961 1645 2008; baseline 0.001 -13"><span class='ocrx_word' id='word_1_257' title='bbox 174 1961 405 2006; x_wconf 86' lang='lat' dir='ltr'><strong>praedonibus</strong></span> <span class='ocrx_word' id='word_1_258' title='bbox 443 1963 585 2008; x_wconf 85' lang='lat' dir='ltr'><strong>primum</strong></span> <span class='ocrx_word' id='word_1_259' title='bbox 619 1963 810 1997; x_wconf 84' lang='lat' dir='ltr'><strong>stimulante</strong></span> <span class='ocrx_word' id='word_1_260' title='bbox 835 1962 996 1997; x_wconf 88' lang='lat' dir='ltr'><strong>memoria</strong></span> <span class='ocrx_word' id='word_1_261' title='bbox 1026 1974 1141 1996; x_wconf 89' lang='lat' dir='ltr'><strong>eorum</strong></span> <span class='ocrx_word' id='word_1_262' title='bbox 1169 1974 1259 2007; x_wconf 88' lang='lat' dir='ltr'><strong>quae</strong></span> <span class='ocrx_word' id='word_1_263' title='bbox 1290 1961 1383 2007; x_wconf 89' lang='lat' dir='ltr'><strong>passi</strong></span> <span class='ocrx_word' id='word_1_264' title='bbox 1405 1966 1504 1996; x_wconf 84' lang='lat' dir='ltr'><strong>erant</strong></span> <span class='ocrx_word' id='word_1_265' title='bbox 1535 1961 1645 1996; x_wconf 80' lang='lat' dir='ltr'><strong>dirius</strong></span> 
     </span>
     <span class='ocr_line' id='line_1_29' title="bbox 174 2006 1644 2054; baseline 0.001 -14"><span class='ocrx_word' id='word_1_266' title='bbox 174 2008 420 2054; x_wconf 82' lang='lat' dir='ltr'><strong>immaniusque</strong></span> <span class='ocrx_word' id='word_1_267' title='bbox 453 2008 700 2052; x_wconf 82' lang='lat' dir='ltr'><strong>saevientibus;</strong></span> <span class='ocrx_word' id='word_1_268' title='bbox 732 2008 854 2043; x_wconf 91' lang='lat' dir='ltr'><strong>deinde</strong></span> <span class='ocrx_word' id='word_1_269' title='bbox 882 2013 1001 2054; x_wconf 89' lang='lat' dir='ltr'><strong>parta,</strong></span> <span class='ocrx_word' id='word_1_270' title='bbox 1034 2009 1110 2042; x_wconf 92' lang='lat' dir='ltr'><strong>dum</strong></span> <span class='ocrx_word' id='word_1_271' title='bbox 1133 2008 1418 2053; x_wconf 86' lang='lat' dir='ltr'><strong>Philanthropeno</strong></span> <span class='ocrx_word' id='word_1_272' title='bbox 1448 2006 1644 2048; x_wconf 82' lang='lat' dir='ltr'><strong>militarent,</strong></span> 
     </span>
     <span class='ocr_line' id='line_1_30' title="bbox 173 2051 1645 2096; baseline 0.001 -11"><span class='ocrx_word' id='word_1_273' title='bbox 173 2051 323 2087; x_wconf 86' lang='lat' dir='ltr'><strong>locorum</strong></span> <span class='ocrx_word' id='word_1_274' title='bbox 348 2053 470 2091; x_wconf 81' lang='lat' dir='ltr'><strong>notitia</strong></span> <span class='ocrx_word' id='word_1_275' title='bbox 493 2054 536 2090; x_wconf 85' lang='lat' dir='ltr'><strong>ad</strong></span> <span class='ocrx_word' id='word_1_276' title='bbox 559 2055 745 2090; x_wconf 88' lang='lat' dir='ltr'><strong>nocendum</strong></span> <span class='ocrx_word' id='word_1_277' title='bbox 767 2054 938 2089; x_wconf 84' lang='lat' dir='ltr'><strong>exitiosius</strong></span> <span class='ocrx_word' id='word_1_278' title='bbox 961 2054 1150 2096; x_wconf 80' lang='lat' dir='ltr'><strong>utentibus3</strong></span> <span class='ocrx_word' id='word_1_279' title='bbox 1175 2055 1218 2088; x_wconf 89' lang='lat' dir='ltr'><strong>ad</strong></span> <span class='ocrx_word' id='word_1_280' title='bbox 1243 2055 1328 2089; x_wconf 85' lang='lat' dir='ltr'><strong>haec</strong></span> <span class='ocrx_word' id='word_1_281' title='bbox 1349 2054 1438 2088; x_wconf 89' lang='lat' dir='ltr'><strong>nullo</strong></span> <span class='ocrx_word' id='word_1_282' title='bbox 1460 2053 1529 2087; x_wconf 88' lang='lat' dir='ltr'><strong>iam</strong></span> <span class='ocrx_word' id='word_1_283' title='bbox 1551 2057 1645 2088; x_wconf 87' lang='lat' dir='ltr'><strong>metu</strong></span> 
     </span>
     <span class='ocr_line' id='line_1_31' title="bbox 174 2098 1645 2147; baseline 0.002 -16"><span class='ocrx_word' id='word_1_284' title='bbox 174 2099 381 2141; x_wconf 84' lang='lat' dir='ltr'><strong>retardatis,</strong></span> <span class='ocrx_word' id='word_1_285' title='bbox 415 2101 506 2146; x_wconf 90' lang='lat' dir='ltr'><strong>quod</strong></span> <span class='ocrx_word' id='word_1_286' title='bbox 537 2101 627 2136; x_wconf 91' lang='lat' dir='ltr'><strong>idem</strong></span> <span class='ocrx_word' id='word_1_287' title='bbox 649 2102 706 2136; x_wconf 87' lang='lat' dir='ltr'><strong>ille</strong></span> <span class='ocrx_word' id='word_1_288' title='bbox 729 2101 798 2136; x_wconf 87' lang='lat' dir='ltr'><strong>dux</strong></span> <span class='ocrx_word' id='word_1_289' title='bbox 819 2112 917 2147; x_wconf 91' lang='lat' dir='ltr'><strong>quem</strong></span> <span class='ocrx_word' id='word_1_290' title='bbox 943 2112 1044 2135; x_wconf 89' lang='lat' dir='ltr'><strong>unum</strong></span> <span class='ocrx_word' id='word_1_291' title='bbox 1072 2101 1274 2143; x_wconf 80' lang='lat' dir='ltr'><strong>timuerant,</strong></span> <span class='ocrx_word' id='word_1_292' title='bbox 1304 2099 1399 2135; x_wconf 86' lang='lat' dir='ltr'><strong>cuius</strong></span> <span class='ocrx_word' id='word_1_293' title='bbox 1421 2099 1488 2134; x_wconf 85' lang='lat' dir='ltr'><strong>vim</strong></span> <span class='ocrx_word' id='word_1_294' title='bbox 1511 2098 1645 2144; x_wconf 79' lang='lat' dir='ltr'><strong>experti</strong></span> 
     </span>
     <span class='ocr_line' id='line_1_32' title="bbox 174 2144 1644 2194; baseline 0.001 -17"><span class='ocrx_word' id='word_1_295' title='bbox 174 2147 210 2177; x_wconf 90' lang='lat' dir='ltr'><strong>et</strong></span> <span class='ocrx_word' id='word_1_296' title='bbox 233 2144 346 2180; x_wconf 89' lang='lat' dir='ltr'><strong>mirati</strong></span> <span class='ocrx_word' id='word_1_297' title='bbox 369 2146 569 2182; x_wconf 82' lang='lat' dir='ltr'><strong>felicitatem</strong></span> <span class='ocrx_word' id='word_1_298' title='bbox 601 2148 697 2194; x_wconf 88' lang='lat' dir='ltr'><strong>prius</strong></span> <span class='ocrx_word' id='word_1_299' title='bbox 729 2159 750 2182; x_wconf 85' lang='lat' dir='ltr'><strong>a</strong></span> <span class='ocrx_word' id='word_1_300' title='bbox 782 2153 898 2181; x_wconf 89' lang='lat' dir='ltr'><strong>nostro</strong></span> <span class='ocrx_word' id='word_1_301' title='bbox 930 2147 1036 2181; x_wconf 90' lang='lat' dir='ltr'><strong>limite</strong></span> <span class='ocrx_word' id='word_1_302' title='bbox 1066 2147 1229 2181; x_wconf 86' lang='lat' dir='ltr'><strong>tentando</strong></span> <span class='ocrx_word' id='word_1_303' title='bbox 1260 2145 1407 2191; x_wconf 86' lang='lat' dir='ltr'><strong>repressi</strong></span> <span class='ocrx_word' id='word_1_304' title='bbox 1430 2145 1644 2191; x_wconf 87' lang='lat' dir='ltr'><strong>aliquatenus</strong></span> 
     </span>
     <span class='ocr_line' id='line_1_33' title="bbox 173 2189 1645 2239; baseline 0 -16"><span class='ocrx_word' id='word_1_305' title='bbox 173 2190 332 2234; x_wconf 84' lang='lat' dir='ltr'><strong>fuerant,</strong></span> <span class='ocrx_word' id='word_1_306' title='bbox 358 2191 457 2235; x_wconf 83' lang='lat' dir='ltr'><strong>longe</strong></span> <span class='ocrx_word' id='word_1_307' title='bbox 481 2193 590 2236; x_wconf 90' lang='lat' dir='ltr'><strong>illinc,</strong></span> <span class='ocrx_word' id='word_1_308' title='bbox 622 2205 686 2228; x_wconf 92' lang='lat' dir='ltr'><strong>nec</strong></span> <span class='ocrx_word' id='word_1_309' title='bbox 710 2193 883 2229; x_wconf 86' lang='lat' dir='ltr'><strong>rediturus</strong></span> <span class='ocrx_word' id='word_1_310' title='bbox 907 2204 1083 2239; x_wconf 84' lang='lat' dir='ltr'><strong>umquam,</strong></span> <span class='ocrx_word' id='word_1_311' title='bbox 1117 2194 1260 2234; x_wconf 73' lang='lat' dir='ltr'><strong>aberat3</strong></span> <span class='ocrx_word' id='word_1_312' title='bbox 1289 2195 1457 2237; x_wconf 87' lang='lat' dir='ltr'><strong>postremo</strong></span> <span class='ocrx_word' id='word_1_313' title='bbox 1478 2189 1645 2236; x_wconf 81' lang='lat' dir='ltr'><strong>plurimis,</strong></span> 
     </span>
     <span class='ocr_line' id='line_1_34' title="bbox 175 2236 1645 2284; baseline 0.001 -16"><span class='ocrx_word' id='word_1_314' title='bbox 175 2238 214 2268; x_wconf 87' lang='lat' dir='ltr'><strong>ut</strong></span> <span class='ocrx_word' id='word_1_315' title='bbox 236 2236 290 2278; x_wconf 85' lang='lat' dir='ltr'><strong>fit,</strong></span> <span class='ocrx_word' id='word_1_316' title='bbox 313 2236 389 2270; x_wconf 88' lang='lat' dir='ltr'><strong>aliis</strong></span> <span class='ocrx_word' id='word_1_317' title='bbox 414 2238 456 2272; x_wconf 85' lang='lat' dir='ltr'><strong>ad</strong></span> <span class='ocrx_word' id='word_1_318' title='bbox 481 2239 540 2273; x_wconf 91' lang='lat' dir='ltr'><strong>hos</strong></span> <span class='ocrx_word' id='word_1_319' title='bbox 561 2251 638 2274; x_wconf 85' lang='lat' dir='ltr'><strong>sese</strong></span> <span class='ocrx_word' id='word_1_320' title='bbox 662 2240 800 2275; x_wconf 88' lang='lat' dir='ltr'><strong>canibus</strong></span> <span class='ocrx_word' id='word_1_321' title='bbox 833 2240 1097 2284; x_wconf 79' lang='lat' dir='ltr'><strong>aggregantibus</strong></span> <span class='ocrx_word' id='word_1_322' title='bbox 1119 2250 1181 2284; x_wconf 88' lang='lat' dir='ltr'><strong>spe</strong></span> <span class='ocrx_word' id='word_1_323' title='bbox 1240 2236 1472 2282; x_wconf 81' lang='lat' dir='ltr'><strong>articipandae</strong></span> <span class='ocrx_word' id='word_1_324' title='bbox 1495 2247 1645 2270; x_wconf 80' lang='lat' dir='ltr'><strong>semeso-</strong></span> 
     </span>
     <span class='ocr_line' id='line_1_35' title="bbox 174 2281 1644 2331; baseline 0 -16"><span class='ocrx_word' id='word_1_325' title='bbox 174 2292 249 2315; x_wconf 85' lang='lat' dir='ltr'><strong>rum</strong></span> <span class='ocrx_word' id='word_1_326' title='bbox 273 2282 414 2316; x_wconf 86' lang='lat' dir='ltr'><strong>rosionis</strong></span> <span class='ocrx_word' id='word_1_327' title='bbox 437 2285 580 2326; x_wconf 82' lang='lat' dir='ltr'><strong>ossium,</strong></span> <span class='ocrx_word' id='word_1_328' title='bbox 611 2286 775 2330; x_wconf 85' lang='lat' dir='ltr'><strong>maxima,</strong></span> <span class='ocrx_word' id='word_1_329' title='bbox 806 2285 964 2331; x_wconf 86' lang='lat' dir='ltr'><strong>inquam,</strong></span> <span class='ocrx_word' id='word_1_330' title='bbox 994 2297 1094 2320; x_wconf 85' lang='lat' dir='ltr'><strong>manu</strong></span> <span class='ocrx_word' id='word_1_331' title='bbox 1125 2286 1214 2319; x_wconf 89' lang='lat' dir='ltr'><strong>fame</strong></span> <span class='ocrx_word' id='word_1_332' title='bbox 1228 2285 1355 2317; x_wconf 90' lang='lat' dir='ltr'><strong>icorum</strong></span> <span class='ocrx_word' id='word_1_333' title='bbox 1378 2281 1483 2316; x_wconf 87' lang='lat' dir='ltr'><strong>omnis</strong></span> <span class='ocrx_word' id='word_1_334' title='bbox 1505 2281 1644 2326; x_wconf 85' lang='lat' dir='ltr'><strong>generis</strong></span> 
     </span>
     <span class='ocr_line' id='line_1_36' title="bbox 173 2326 1644 2376; baseline 0.001 -17"><span class='ocrx_word' id='word_1_335' title='bbox 173 2326 341 2361; x_wconf 87' lang='lat' dir='ltr'><strong>latronum</strong></span> <span class='ocrx_word' id='word_1_336' title='bbox 364 2339 508 2372; x_wconf 83' lang='lat' dir='ltr'><strong>unguem</strong></span> <span class='ocrx_word' id='word_1_337' title='bbox 532 2331 695 2376; x_wconf 82' lang='lat' dir='ltr'><strong>infigente</strong></span> <span class='ocrx_word' id='word_1_338' title='bbox 714 2332 839 2375; x_wconf 88' lang='lat' dir='ltr'><strong>ulceri,</strong></span> <span class='ocrx_word' id='word_1_339' title='bbox 864 2344 905 2366; x_wconf 88' lang='lat' dir='ltr'><strong>ac</strong></span> <span class='ocrx_word' id='word_1_340' title='bbox 925 2336 1019 2366; x_wconf 81' lang='lat' dir='ltr'><strong>certa</strong></span> <span class='ocrx_word' id='word_1_341' title='bbox 1041 2331 1105 2365; x_wconf 87' lang='lat' dir='ltr'><strong>iam</strong></span> <span class='ocrx_word' id='word_1_342' title='bbox 1129 2330 1330 2375; x_wconf 87' lang='lat' dir='ltr'><strong>impunitate</strong></span> <span class='ocrx_word' id='word_1_343' title='bbox 1351 2338 1524 2370; x_wconf 88' lang='lat' dir='ltr'><strong>securam,</strong></span> <span class='ocrx_word' id='word_1_344' title='bbox 1548 2327 1644 2372; x_wconf 84' lang='lat' dir='ltr'><strong>genti</strong></span> 
     </span>
     <span class='ocr_line' id='line_1_37' title="bbox 175 2373 1643 2422; baseline 0.001 -16"><span class='ocrx_word' id='word_1_345' title='bbox 175 2373 265 2407; x_wconf 90' lang='lat' dir='ltr'><strong>omni</strong></span> <span class='ocrx_word' id='word_1_346' title='bbox 287 2374 455 2419; x_wconf 85' lang='lat' dir='ltr'><strong>praesidio</strong></span> <span class='ocrx_word' id='word_1_347' title='bbox 479 2377 627 2412; x_wconf 84' lang='lat' dir='ltr'><strong>nudatae</strong></span> <span class='ocrx_word' id='word_1_348' title='bbox 649 2378 851 2413; x_wconf 85' lang='lat' dir='ltr'><strong>avarissime</strong></span> <span class='ocrx_word' id='word_1_349' title='bbox 874 2377 1171 2422; x_wconf 84' lang='lat' dir='ltr'><strong>crudelissimeque</strong></span> <span class='ocrx_word' id='word_1_350' title='bbox 1192 2374 1372 2409; x_wconf 86' lang='lat' dir='ltr'><strong>insultandi</strong></span> <span class='ocrx_word' id='word_1_351' title='bbox 1396 2373 1519 2418; x_wconf 85' lang='lat' dir='ltr'><strong>passim</strong></span> <span class='ocrx_word' id='word_1_352' title='bbox 1542 2384 1643 2408; x_wconf 85' lang='lat' dir='ltr'><strong>exer-</strong></span> 
     </span>
     <span class='ocr_line' id='line_1_38' title="bbox 175 2419 1643 2467; baseline 0.002 -16"><span class='ocrx_word' id='word_1_353' title='bbox 175 2426 273 2453; x_wconf 87' lang='lat' dir='ltr'><strong>cente</strong></span> <span class='ocrx_word' id='word_1_354' title='bbox 296 2419 478 2457; x_wconf 87' lang='lat' dir='ltr'><strong>licentiam.</strong></span> <span class='ocrx_word' id='word_1_355' title='bbox 525 2423 574 2457; x_wconf 87' lang='lat' dir='ltr'><strong>sic</strong></span> <span class='ocrx_word' id='word_1_356' title='bbox 598 2427 736 2458; x_wconf 85' lang='lat' dir='ltr'><strong>cunctas</strong></span> <span class='ocrx_word' id='word_1_357' title='bbox 767 2423 962 2467; x_wconf 83' lang='lat' dir='ltr'><strong>singillatim</strong></span> <span class='ocrx_word' id='word_1_358' title='bbox 994 2423 1068 2457; x_wconf 90' lang='lat' dir='ltr'><strong>eius</strong></span> <span class='ocrx_word' id='word_1_359' title='bbox 1091 2425 1222 2456; x_wconf 87' lang='lat' dir='ltr'><strong>tractus</strong></span> <span class='ocrx_word' id='word_1_360' title='bbox 1244 2419 1400 2464; x_wconf 87' lang='lat' dir='ltr'><strong>regiones</strong></span> <span class='ocrx_word' id='word_1_361' title='bbox 1423 2419 1492 2454; x_wconf 87' lang='lat' dir='ltr'><strong>ista</strong></span> <span class='ocrx_word' id='word_1_362' title='bbox 1515 2430 1643 2465; x_wconf 81' lang='lat' dir='ltr'><strong>perva-</strong></span> 
     </span>
     <span class='ocr_line' id='line_1_39' title="bbox 174 2465 1641 2514; baseline 0.002 -17"><span class='ocrx_word' id='word_1_363' title='bbox 174 2469 258 2506; x_wconf 77' lang='lat' dir='ltr'><strong>gata</strong></span> <span class='ocrx_word' id='word_1_364' title='bbox 275 2467 382 2510; x_wconf 89' lang='lat' dir='ltr'><strong>pestis</strong></span> <span class='ocrx_word' id='word_1_365' title='bbox 406 2467 551 2514; x_wconf 87' lang='lat' dir='ltr'><strong>denique</strong></span> <span class='ocrx_word' id='word_1_366' title='bbox 573 2469 608 2503; x_wconf 89' lang='lat' dir='ltr'><strong>in</strong></span> <span class='ocrx_word' id='word_1_367' title='bbox 632 2475 766 2503; x_wconf 82' lang='lat' dir='ltr'><strong>vastum</strong></span> <span class='ocrx_word' id='word_1_368' title='bbox 779 2469 950 2503; x_wconf 82' lang='lat' dir='ltr'><strong>desertum</strong></span> <span class='ocrx_word' id='word_1_369' title='bbox 973 2468 1090 2511; x_wconf 87' lang='lat' dir='ltr'><strong>vertit,</strong></span> <span class='ocrx_word' id='word_1_370' title='bbox 1112 2469 1272 2512; x_wconf 90' lang='lat' dir='ltr'><strong>quantum</strong></span> <span class='ocrx_word' id='word_1_371' title='bbox 1295 2468 1463 2499; x_wconf 82' lang='lat' dir='ltr'><strong>terrarum</strong></span> <span class='ocrx_word' id='word_1_372' title='bbox 1487 2477 1509 2499; x_wconf 78' lang='lat' dir='ltr'><strong>a</strong></span> <span class='ocrx_word' id='word_1_373' title='bbox 1531 2465 1641 2500; x_wconf 91' lang='lat' dir='ltr'><strong>Ponto</strong></span> 
     </span>
     <span class='ocr_line' id='line_1_40' title="bbox 176 2510 1642 2558; baseline 0.002 -15"><span class='ocrx_word' id='word_1_374' title='bbox 176 2510 308 2544; x_wconf 83' lang='lat' dir='ltr'><strong>Euxino</strong></span> <span class='ocrx_word' id='word_1_375' title='bbox 332 2511 375 2545; x_wconf 89' lang='lat' dir='ltr'><strong>ad</strong></span> <span class='ocrx_word' id='word_1_376' title='bbox 400 2524 491 2547; x_wconf 89' lang='lat' dir='ltr'><strong>mare</strong></span> <span class='ocrx_word' id='word_1_377' title='bbox 514 2515 682 2549; x_wconf 86' lang='lat' dir='ltr'><strong>Rhodium</strong></span> <span class='ocrx_word' id='word_1_378' title='bbox 704 2515 738 2548; x_wconf 88' lang='lat' dir='ltr'><strong>in</strong></span> <span class='ocrx_word' id='word_1_379' title='bbox 760 2515 865 2548; x_wconf 87' lang='lat' dir='ltr'><strong>latum</strong></span> <span class='ocrx_word' id='word_1_380' title='bbox 888 2526 929 2548; x_wconf 89' lang='lat' dir='ltr'><strong>ac</strong></span> <span class='ocrx_word' id='word_1_381' title='bbox 951 2515 1085 2558; x_wconf 85' lang='lat' dir='ltr'><strong>longum</strong></span> <span class='ocrx_word' id='word_1_382' title='bbox 1108 2515 1214 2558; x_wconf 86' lang='lat' dir='ltr'><strong>patet.</strong></span> <span class='ocrx_word' id='word_1_383' title='bbox 1260 2522 1380 2545; x_wconf 74' lang='lat' dir='ltr'><strong>verum</strong></span> <span class='ocrx_word' id='word_1_384' title='bbox 1402 2511 1486 2545; x_wconf 85' lang='lat' dir='ltr'><strong>haec</strong></span> <span class='ocrx_word' id='word_1_385' title='bbox 1509 2515 1642 2556; x_wconf 85' lang='lat' dir='ltr'><strong>postea.</strong></span> 
     </span>
    </p>

    <p class='ocr_par' dir='ltr' id='par_1_7' title="bbox 177 2556 1644 2833">
     <span class='ocr_line' id='line_1_41' title="bbox 270 2556 1642 2606; baseline 0.001 -16"><span class='ocrx_word' id='word_1_386' title='bbox 270 2556 325 2591; x_wconf 87' lang='lat'><strong>15.</strong></span> <span class='ocrx_word' id='word_1_387' title='bbox 371 2558 471 2592; x_wconf 88' lang='lat' dir='ltr'><strong>Tunc</strong></span> <span class='ocrx_word' id='word_1_388' title='bbox 504 2571 605 2604; x_wconf 87' lang='lat' dir='ltr'><strong>porro</strong></span> <span class='ocrx_word' id='word_1_389' title='bbox 637 2561 809 2606; x_wconf 84' lang='lat' dir='ltr'><strong>flagrabat</strong></span> <span class='ocrx_word' id='word_1_390' title='bbox 846 2571 920 2597; x_wconf 88' lang='lat' dir='ltr'><strong>cum</strong></span> <span class='ocrx_word' id='word_1_391' title='bbox 953 2559 1097 2594; x_wconf 86' lang='lat' dir='ltr'><strong>maxime</strong></span> <span class='ocrx_word' id='word_1_392' title='bbox 1119 2557 1299 2592; x_wconf 88' lang='lat' dir='ltr'><strong>discidium</strong></span> <span class='ocrx_word' id='word_1_393' title='bbox 1321 2556 1551 2601; x_wconf 83' lang='lat' dir='ltr'><strong>gravissimum</strong></span> <span class='ocrx_word' id='word_1_394' title='bbox 1575 2568 1642 2603; x_wconf 91' lang='lat' dir='ltr'><strong>quo</strong></span> 
     </span>
     <span class='ocr_line' id='line_1_42' title="bbox 179 2602 1644 2648; baseline 0.002 -14"><span class='ocrx_word' id='word_1_395' title='bbox 179 2605 276 2635; x_wconf 87' lang='lat' dir='ltr'><strong>erant</strong></span> <span class='ocrx_word' id='word_1_396' title='bbox 297 2602 387 2637; x_wconf 87' lang='lat' dir='ltr'><strong>inter</strong></span> <span class='ocrx_word' id='word_1_397' title='bbox 408 2615 447 2638; x_wconf 83' lang='lat' dir='ltr'><strong>se</strong></span> <span class='ocrx_word' id='word_1_398' title='bbox 471 2607 670 2640; x_wconf 88' lang='lat' dir='ltr'><strong>Genuenses</strong></span> <span class='ocrx_word' id='word_1_399' title='bbox 700 2610 736 2640; x_wconf 91' lang='lat' dir='ltr'><strong>et</strong></span> <span class='ocrx_word' id='word_1_400' title='bbox 758 2605 880 2642; x_wconf 90' lang='lat' dir='ltr'><strong>Veneti</strong></span> <span class='ocrx_word' id='word_1_401' title='bbox 901 2604 1078 2641; x_wconf 84' lang='lat' dir='ltr'><strong>commissi.</strong></span> <span class='ocrx_word' id='word_1_402' title='bbox 1122 2605 1232 2638; x_wconf 85' lang='lat' dir='ltr'><strong>nullus</strong></span> <span class='ocrx_word' id='word_1_403' title='bbox 1262 2603 1380 2636; x_wconf 82' lang='lat' dir='ltr'><strong>horum</strong></span> <span class='ocrx_word' id='word_1_404' title='bbox 1414 2614 1480 2637; x_wconf 91' lang='lat' dir='ltr'><strong>non</strong></span> <span class='ocrx_word' id='word_1_405' title='bbox 1502 2602 1644 2648; x_wconf 89' lang='lat' dir='ltr'><strong>quemli-</strong></span> 
     </span>
     <span class='ocr_line' id='line_1_43' title="bbox 177 2647 1644 2695; baseline 0.001 -14"><span class='ocrx_word' id='word_1_406' title='bbox 177 2648 239 2681; x_wconf 89' lang='lat' dir='ltr'><strong>bet</strong></span> <span class='ocrx_word' id='word_1_407' title='bbox 259 2647 402 2690; x_wconf 87' lang='lat' dir='ltr'><strong>illorum‚</strong></span> <span class='ocrx_word' id='word_1_408' title='bbox 427 2653 462 2683; x_wconf 90' lang='lat' dir='ltr'><strong>et</strong></span> <span class='ocrx_word' id='word_1_409' title='bbox 484 2651 640 2693; x_wconf 84' lang='lat' dir='ltr'><strong>vicissim,</strong></span> <span class='ocrx_word' id='word_1_410' title='bbox 665 2652 828 2686; x_wconf 87' lang='lat' dir='ltr'><strong>acerrime</strong></span> <span class='ocrx_word' id='word_1_411' title='bbox 851 2651 988 2686; x_wconf 86' lang='lat' dir='ltr'><strong>oderat:</strong></span> <span class='ocrx_word' id='word_1_412' title='bbox 1011 2660 1134 2685; x_wconf 83' lang='lat' dir='ltr'><strong>saevas</strong></span> <span class='ocrx_word' id='word_1_413' title='bbox 1162 2660 1297 2695; x_wconf 87' lang='lat' dir='ltr'><strong>quoque</strong></span> <span class='ocrx_word' id='word_1_414' title='bbox 1325 2649 1407 2682; x_wconf 88' lang='lat' dir='ltr'><strong>istas</strong></span> <span class='ocrx_word' id='word_1_415' title='bbox 1434 2654 1470 2682; x_wconf 91' lang='lat' dir='ltr'><strong>et</strong></span> <span class='ocrx_word' id='word_1_416' title='bbox 1493 2648 1644 2683; x_wconf 86' lang='lat' dir='ltr'><strong>interne-</strong></span> 
     </span>
     <span class='ocr_line' id='line_1_44' title="bbox 178 2693 1644 2742; baseline 0.002 -17"><span class='ocrx_word' id='word_1_417' title='bbox 178 2693 270 2727; x_wconf 90' lang='lat' dir='ltr'><strong>cinas</strong></span> <span class='ocrx_word' id='word_1_418' title='bbox 292 2693 485 2730; x_wconf 86' lang='lat' dir='ltr'><strong>inimicitias</strong></span> <span class='ocrx_word' id='word_1_419' title='bbox 507 2695 542 2730; x_wconf 88' lang='lat' dir='ltr'><strong>in</strong></span> <span class='ocrx_word' id='word_1_420' title='bbox 562 2698 647 2731; x_wconf 89' lang='lat' dir='ltr'><strong>omni</strong></span> <span class='ocrx_word' id='word_1_421' title='bbox 677 2709 818 2732; x_wconf 89' lang='lat' dir='ltr'><strong>occursu</strong></span> <span class='ocrx_word' id='word_1_422' title='bbox 853 2697 974 2732; x_wconf 89' lang='lat' dir='ltr'><strong>mutuis</strong></span> <span class='ocrx_word' id='word_1_423' title='bbox 1008 2707 1109 2742; x_wconf 88' lang='lat' dir='ltr'><strong>quam</strong></span> <span class='ocrx_word' id='word_1_424' title='bbox 1145 2694 1380 2729; x_wconf 87' lang='lat' dir='ltr'><strong>immanissime</strong></span> <span class='ocrx_word' id='word_1_425' title='bbox 1412 2695 1557 2730; x_wconf 87' lang='lat' dir='ltr'><strong>invicem</strong></span> <span class='ocrx_word' id='word_1_426' title='bbox 1580 2706 1644 2729; x_wconf 91' lang='lat' dir='ltr'><strong>no-</strong></span> 
     </span>
     <span class='ocr_line' id='line_1_45' title="bbox 177 2739 1643 2791; baseline 0.002 -20"><span class='ocrx_word' id='word_1_427' title='bbox 177 2739 275 2772; x_wconf 90' lang='lat' dir='ltr'><strong>cendi</strong></span> <span class='ocrx_word' id='word_1_428' title='bbox 299 2741 474 2776; x_wconf 89' lang='lat' dir='ltr'><strong>conatibus</strong></span> <span class='ocrx_word' id='word_1_429' title='bbox 497 2744 711 2777; x_wconf 87' lang='lat' dir='ltr'><strong>exercebant.</strong></span> <span class='ocrx_word' id='word_1_430' title='bbox 743 2744 831 2778; x_wconf 87' lang='lat' dir='ltr'><strong>omni</strong></span> <span class='ocrx_word' id='word_1_431' title='bbox 854 2755 962 2791; x_wconf 86' lang='lat' dir='ltr'><strong>paene</strong></span> <span class='ocrx_word' id='word_1_432' title='bbox 984 2744 1148 2776; x_wconf 83' lang='lat' dir='ltr'><strong>momento</strong></span> <span class='ocrx_word' id='word_1_433' title='bbox 1172 2741 1371 2775; x_wconf 86' lang='lat' dir='ltr'><strong>audiebatur</strong></span> <span class='ocrx_word' id='word_1_434' title='bbox 1394 2744 1454 2775; x_wconf 83' lang='lat' dir='ltr'><strong>aut</strong></span> <span class='ocrx_word' id='word_1_435' title='bbox 1475 2740 1561 2776; x_wconf 79' lang='lat' dir='ltr'><strong>mari</strong></span> <span class='ocrx_word' id='word_1_436' title='bbox 1581 2751 1643 2774; x_wconf 83' lang='lat' dir='ltr'><strong>na-</strong></span> 
     </span>
     <span class='ocr_line' id='line_1_46' title="bbox 177 2785 1644 2833; baseline 0.001 -14"><span class='ocrx_word' id='word_1_437' title='bbox 177 2785 333 2828; x_wconf 84' lang='lat' dir='ltr'><strong>vigantes</strong></span> <span class='ocrx_word' id='word_1_438' title='bbox 356 2792 415 2821; x_wconf 87' lang='lat' dir='ltr'><strong>aut</strong></span> <span class='ocrx_word' id='word_1_439' title='bbox 438 2792 532 2823; x_wconf 86' lang='lat' dir='ltr'><strong>terra</strong></span> <span class='ocrx_word' id='word_1_440' title='bbox 554 2788 619 2823; x_wconf 88' lang='lat' dir='ltr'><strong>iter</strong></span> <span class='ocrx_word' id='word_1_441' title='bbox 642 2793 784 2833; x_wconf 83' lang='lat' dir='ltr'><strong>agentes</strong></span> <span class='ocrx_word' id='word_1_442' title='bbox 818 2792 872 2825; x_wconf 84' lang='lat' dir='ltr'><strong>vel</strong></span> <span class='ocrx_word' id='word_1_443' title='bbox 895 2790 1094 2824; x_wconf 78' lang='lat' dir='ltr'><strong>Genueuses</strong></span> <span class='ocrx_word' id='word_1_444' title='bbox 1119 2799 1142 2823; x_wconf 81' lang='lat' dir='ltr'><strong>a</strong></span> <span class='ocrx_word' id='word_1_445' title='bbox 1163 2786 1305 2824; x_wconf 82' lang='lat' dir='ltr'><strong>Venetis</strong></span> <span class='ocrx_word' id='word_1_446' title='bbox 1328 2786 1384 2821; x_wconf 86' lang='lat' dir='ltr'><strong>vel</strong></span> <span class='ocrx_word' id='word_1_447' title='bbox 1407 2798 1428 2823; x_wconf 78' lang='lat' dir='ltr'><strong>a</strong></span> <span class='ocrx_word' id='word_1_448' title='bbox 1451 2786 1644 2824; x_wconf 86' lang='lat' dir='ltr'><strong>Genuensi-</strong></span> 
     </span>
    </p>
   </div>
  </div>
 </body>
</html>
