1858 3126
620 147 722 189 LlB.
747 145 784 188 Ι.
852 145 1211 189 GLOSSARIUM.
1537 149 1634 195 693

195 255 367 311 garder,
397 257 539 296 leviter
567 255 815 308 transpositis
846 255 995 306 literis,
1024 263 1068 294 ut
1087 256 1134 297 fit
1155 256 1197 295 in
1222 256 1360 295 ultima
1378 265 1490 310 parte
1508 261 1632 298 nomi-

197 316 261 353 nis
273 312 464 366 giligerd,
495 313 616 363 quod,
643 313 721 351 nisi
740 326 802 351 me
818 313 923 350 fallit
944 312 1183 362 coniectura,
1212 315 1463 364 captivorum
1478 324 1631 368 septum

198 370 441 422 significat.”
496 368 594 407 haec
619 368 749 406 verbis
778 368 942 406 totidem
965 369 1171 407 Maltretua
1194 375 1346 418 noster,
1376 370 1487 410 cuius
1502 374 1632 424 speci-

198 439 287 465 men
314 431 496 464 notarum
525 424 859 471 doctissimamm,
890 424 959 462 sed
983 425 1158 463 nondum
1180 425 1394 476 editarum,
1427 427 1469 465 in
1489 429 1631 468 Proco-

196 483 331 534 pium,
366 481 436 532 qui
463 481 611 518 dudum
640 480 746 532 typis
768 480 892 530 Regiis
911 493 1000 519 cum
1018 481 1101 519 eius
1122 487 1302 520 accurata
1328 489 1367 521 et
1387 483 1551 534 eleganti
1572 486 1631 524 in-

197 537 479 590 terpretatione
496 536 669 589 prodiit,
698 536 842 575 vidisse
867 535 944 575 hac
971 537 1174 575 occasione
1196 551 1276 575 non
1299 539 1446 591 pigebit
1468 541 1632 581 lectores

195 594 382 632 eruditos.

305 662 576 709 καταφλᾶν
603 673 646 711 p.
664 658 746 702 240
764 673 804 698 v.
824 662 890 701 10.
945 673 1140 711 nusquam
1172 660 1266 699 alibi
1289 660 1366 700 hoc
1386 662 1549 701 verbum
1570 663 1631 702 le-

195 717 296 769 gisse
320 716 490 754 memini.
546 715 725 753 intellexi
749 722 875 754 autem
903 716 998 766 quid
1026 716 1218 767 significet
1239 731 1287 756 ex
1311 732 1355 756 eo
1377 718 1483 768 quod
1505 719 1632 771 Hesy-

197 772 309 811 chius
327 773 490 811 verbum
510 774 617 820 φλᾶν
636 778 807 822 exponat
835 769 1048 822 μαλάσσειν
1066 776 1253 825 πληγαῖς,
1274 775 1419 825 plagis
1439 775 1631 826 subigere.

194 829 424 867 Eustathius
441 827 493 866 ad
509 827 620 865 illum
638 840 792 866 versum
815 827 927 867 Iliad.
942 844 968 868 α
995 828 1063 868 καὶ
1081 830 1298 881 καρτίστοις
1316 829 1506 882 ἐμάχοντο
1526 847 1624 885 φηρ-
1648 842 1676 878 Ρ
1701 842 1768 879 488

196 884 262 925 σιν
285 880 535 948 ὀρεσκῴοισι,
566 883 770 921 contendit
789 879 964 950 Ἀττικῆς
984 897 1064 922 esse
1084 884 1282 925 διαλέκτου
1300 887 1629 938 permutationem

194 945 229 980 θ
248 940 293 978 in
313 956 344 989 φ
362 947 400 978 et
418 940 529 978 iuxta
547 939 654 977 illam
675 939 754 977 dici
775 936 859 991 φήρ
880 954 954 991 pro
971 937 1079 1006 θήρ,
1110 938 1224 991 φλάω
1246 955 1319 993 pro
1339 939 1463 982 θλᾶω.
1522 945 1631 995 quod

193 996 228 1035 si
244 996 456 1048 recipitur,
490 996 567 1033 iam
585 1001 694 1047 patet
715 996 809 1045 quid
829 996 879 1034 sit
900 993 1036 1047 φλᾶω,
1059 995 1259 1059 pertundo
1279 998 1465 1037 videlicet
1484 1013 1528 1036 ac
1539 1015 1632 1051 per-

184 1053 343 1104 fringo.
400 1065 522 1103 quare
551 1054 756 1102 καταφλᾶν
788 1050 854 1090 hic
885 1066 907 1090 a
934 1059 1070 1090 nostro
1101 1053 1273 1103 positum
1294 1054 1407 1093 istam
1427 1056 1629 1095 notionem

191 1108 344 1159 impetu
369 1107 538 1158 quodam
567 1121 617 1146 ex
644 1107 946 1160 praepositionis
964 1109 1180 1146 adiectione
1198 1109 1418 1159 roborabit,
1444 1117 1490 1148 ut
1509 1111 1631 1151 intel·-

190 1164 261 1214 ligi
298 1163 436 1202 debeat
470 1177 676 1214 expressus
707 1163 1067 1202 vehementissimus
1099 1166 1219 1214 ictus,
1257 1166 1383 1216 qualis
1412 1173 1494 1205 erat
1525 1169 1630 1206 vasti

191 1219 353 1258 molaris
380 1226 574 1258 tormento
605 1220 811 1270 eiacuhti,
849 1226 918 1258 aut
945 1226 988 1258 ut
1013 1220 1153 1268 hodie,
1183 1222 1397 1272 suppositis
1431 1223 1472 1260 in
1502 1223 1629 1262 vicem

189 1281 367 1316 veterum
404 1275 643 1313 ballistarum
684 1275 790 1312 tubis
827 1277 953 1313 aeneis
986 1276 1315 1326 praegrandibus,
1354 1278 1472 1328 globo
1500 1280 1628 1317 ferreo

189 1330 303 1381 ignea
330 1330 371 1369 vi
403 1331 623 1370 fulminato.
680 1330 889 1369 Vaticanus
920 1331 1193 1383 paraphrastes
1225 1333 1348 1382 ignoti
1377 1334 1488 1372 verbi
1515 1336 1628 1385 quasi

190 1385 462 1436 contagionem
502 1386 824 1438 perhorrescens,
863 1393 985 1425 totam
1020 1388 1084 1425 cui
1121 1394 1203 1425 erat
1226 1388 1415 1427 insertum
1440 1391 1629 1429 transiliit

190 1442 444 1490 sententiam,
476 1455 708 1493 omnemque
733 1442 914 1481 ballistae
941 1457 986 1481 ac
1016 1444 1267 1496 explosorum
1294 1457 1368 1498 per
1395 1459 1478 1484 eam
1504 1447 1627 1484 mola-

186 1498 294 1537 riusn
321 1498 598 1536 indicationem
621 1499 780 1537 conscio
811 1499 967 1538 silentio
993 1499 1207 1552 absorpsit,
1236 1501 1292 1539 sic
1309 1501 1541 1554 plerumque
1558 1502 1627 1542 de-

187 1554 300 1605 fungi
322 1554 473 1594 solitus.

297 1635 715 1684 κατατροποῦμαι
743 1647 783 1684 p.
797 1631 879 1674 528
898 1647 935 1672 v.
956 1636 996 1674 6.
1054 1635 1131 1683 agit
1155 1634 1204 1672 de
1232 1648 1372 1685 magno
1395 1636 1623 1686 primicerio

186 1687 299 1726 iussu
337 1687 502 1738 Augusti
538 1688 740 1727 Michaelis
770 1689 972 1728 Catelanos
1002 1691 1247 1742 Calliopolim
1285 1698 1459 1731 tenentes
1494 1705 1624 1743 oppu-

186 1750 351 1795 gnante,
380 1758 462 1782 non
486 1745 570 1783 siue
593 1745 724 1795 aliquo
749 1746 948 1783 interdum
971 1759 1153 1785 successu
1168 1747 1309 1798 praelii
1329 1745 1513 1794 secundi,
1543 1761 1622 1797 quo

184 1799 277 1838 illos
305 1800 487 1838 funderet
511 1802 754 1852 fugaretque.
812 1815 894 1840 non
921 1802 1016 1839 alibi
1043 1816 1158 1853 quam
1176 1802 1282 1853 apud
1298 1801 1458 1839 Suidam
1474 1802 1623 1853 reperi-

185 1860 256 1892 tur
271 1855 350 1892 hoc
366 1856 532 1893 verbum
551 1860 880 1909 κατατροποῦμαι.
921 1858 1059 1896 Suidas
1075 1865 1203 1895 autem
1220 1859 1420 1895 notionem
1439 1857 1520 1894 eius
1538 1871 1621 1896 non

186 1910 395 1960 exprimit,
425 1912 492 1948 sed
510 1918 662 1948 tantum
678 1913 901 1951 accusativo
918 1914 1027 1962 iungi
1045 1919 1187 1953 monet.
1244 1926 1293 1950 ex
1313 1912 1390 1949 hoc
1406 1911 1622 1963 Pachyme-

185 1965 242 2003 ris
268 1965 357 2002 loco
384 1965 569 2004 habemus
598 1968 718 2004 activi
747 1981 829 2005 esse
857 1969 1120 2018 significatus,
1148 1974 1187 2006 et
1214 1967 1379 2006 fundere
1410 1980 1456 2005 ac
1486 1969 1620 2019 fugare

188 2020 339 2071 aliquos
357 2027 465 2059 reete
484 2022 563 2059 dici
579 2022 726 2060 Graece
740 2025 1087 2076 κατατροποῦσθαί
1101 2038 1222 2070 τινας.

297 2094 607 2151 κερασβόλοι
635 2096 823 2153 κύαμοι
850 2114 888 2151 p.
906 2101 987 2142 519
1006 2114 1043 2138 V.
1060 2100 1099 2142 5.
1157 2100 1236 2150 agit
1252 2099 1301 2137 de
1317 2098 1527 2138 Athanasio
1542 2115 1620 2153 pa·-

186 2154 374 2202 triarcha,
406 2154 562 2192 duritiei
576 2155 756 2193 immanis
776 2162 814 2192 et
827 2156 1077 2193 inexorabilis
1094 2156 1267 2194 homine.
1321 2155 1429 2194 hunc
1454 2169 1619 2208 compa-

185 2216 248 2248 rat
277 2210 374 2247 fabis
405 2224 454 2247 ex
481 2211 530 2247 iis
558 2211 674 2258 ortis,
704 2225 802 2261 quae
830 2224 919 2250 cum
943 2212 986 2248 in
1012 2218 1155 2249 terram
1173 2226 1193 2248 a
1215 2218 1366 2250 serente
1383 2211 1616 2261 iacerentur,

184 2266 297 2303 bovis
326 2280 448 2303 cornu
479 2266 695 2316 tetigerint:
726 2267 821 2304 tales
851 2268 953 2304 enim
984 2267 1207 2305 ferebantur
1233 2268 1330 2305 adeo
1355 2267 1476 2306 durae
1495 2269 1617 2318 nasci,

185 2328 232 2359 ut
258 2321 370 2359 nulla
400 2328 560 2360 coctura
594 2322 644 2360 ad
673 2323 876 2360 mollitiem
901 2323 984 2360 esui
1014 2329 1276 2374 opportunam
1297 2323 1423 2374 subigi
1442 2331 1616 2376 possent.

185 2377 364 2415 meminit
389 2377 508 2416 huius
538 2384 584 2416 ut
615 2379 796 2430 antiquae
817 2384 855 2416 et
879 2378 1038 2416 celebris
1064 2379 1215 2416 fabulae
1233 2378 1569 2431 Theophrastusl
1587 2381 1614 2420 4

186 2446 222 2473 c.
245 2433 319 2482 14,
347 2433 409 2471 his
441 2447 523 2472 eam
553 2435 682 2472 ve1bis
706 2449 778 2486 pro
804 2434 1083 2485 superstitione
1109 2435 1252 2473 frivola
1274 2435 1502 2474 traducens:
1527 2433 1550 2476 ὂ
1571 2433 1616 2475 δὲ

183 2486 364 2540 λέγουσιν
386 2490 428 2529 οἱ
448 2489 586 2530 πολλοὶ
609 2487 706 2530 διότι
725 2487 770 2530 τό
790 2487 1028 2559 κερασβόλον
1056 2486 1248 2542 ατὲραμον
1271 2492 1439 2556 γίνεται,
1467 2486 1616 2543 μήποτ’

184 2541 285 2596 ι’ίγαν
297 2542 443 2596 εὔηθες
463 2540 510 2601 ἦ
541 2542 795 2613 σκληρότερος
815 2561 889 2615 γαρ
911 2544 934 2587 ὅ
950 2547 1077 2595 λίθος,
1104 2543 1200 2599 πρός
1217 2562 1266 2587 ον
1283 2543 1469 2594 πολλάκις
1487 2558 1615 2598 προσ-

182 2599 314 2639 πίπτει
344 2616 393 2640 τα
424 2601 638 2670 στέρματα·
679 2598 756 2657 κᾷν
786 2618 839 2654 μη
872 2598 1106 2655 προσκόψῃ,
1153 2601 1251 2655 μηδὲ
1281 2602 1421 2655 βουσιν
1451 2598 1614 2655 ἆροτρια

182 2667 261 2702 τις,
289 2651 459 2696 ου’δὲν
431 2673 549 2708 ηττον
578 2654 771 2710 ατὲραμον
798 2658 958 2710 γίνεται.
1014 2656 1125 2708 quod
1148 2665 1282 2696 autem
1303 2659 1427 2709 vulgo
1451 2656 1615 2704 dicitur,

183 2721 256 2745 cur
275 2723 397 2748 cornu
416 2720 642 2750 contactum
659 2714 930 2764 incoctilesz't?
958 2712 1175 2751 videndum
1192 2728 1249 2753 an
1264 2728 1342 2753 non
1355 2711 1616 2750 reficiendum

177 2776 257 2814 pro
271 2779 374 2804 vano
392 2774 428 2806 et
445 2772 660 2820 nugatorio
679 2769 804 2809 videri
820 2768 968 2809 debeat.
1022 2768 1163 2810 durior
1184 2772 1330 2824 quippe
1347 2783 1470 2821 quam
1489 2783 1614 2808 cornu
