1820 3112
338 148 414 191 DE
445 146 776 191 ANDRONICO
803 144 1179 190 PALAEOLOGO
1211 146 1259 189 L.
1278 145 1334 189 Π.
1486 143 1582 189 177

121 266 251 306 verrat
266 261 371 317 μετὰ
390 265 465 317 τῆς
482 259 652 316 ἐνούσης
670 259 783 318 αὐτῷ
811 259 1096 316 ἆρχιερατικῆς
1121 256 1261 314 ἲσχῦος
1279 258 1346 300 καὶ
1367 253 1578 300 καταπά-

122 346 250 382 σεως,
287 328 343 380 ὥς
374 327 474 372 εἶναι
503 331 570 372 καὶ
598 329 728 384 αὐτὴν
757 328 930 384 ἵσχυρᾶν
956 330 1023 370 καὶ
1053 327 1219 384 εὔλογον
1239 326 1313 381 τὴν
1335 323 1546 381 ἀποβολήν
1555 345 1574 380 ,-

122 399 166 441 τί
191 399 236 440 δέ
260 396 452 452 βούλεται
478 399 545 440 καὶ
573 397 622 440 τὸ
653 394 850 453 ἇρμόδιον
881 396 1030 452 λέγειν,·
1075 397 1111 439 εἴ
1137 395 1197 452 μὴ
1231 393 1396 445 πάντως
1422 393 1495 438 τὸν
1518 393 1573 437 τὰ

121 464 260 509 πάντα
278 471 336 524 τῷ
358 470 445 524 λαῷ
464 462 885 521 συγκαταβησόμενον.

89 546 112 582 5
250 533 374 577 Ἀλλὰ
398 538 528 577 ταῦτα
550 534 624 588 μὲν
650 533 750 583 ἴσως
775 537 834 591 τῷ
862 533 1090 588 ἱστοροῦντι
1110 531 1178 573 καὶ
1195 530 1444 586 παρακαίρια
1462 529 1572 573 λέλε-
1595 535 1626 571 Ρ
1651 540 1715 575 118

123 619 229 644 κται.
297 607 420 645 τοῦτο
458 602 506 644 δέ
537 618 599 652 τις
636 602 703 644 καὶ
732 598 859 655 μόνον
887 597 1230 657 παρατηρήσειεν,
1268 597 1331 642 ὅτι
1357 598 1575 655 τέσσαρσιν

123 671 321 720 ἐνιαυτοῖς
351 670 425 725 τὴν
449 670 662 725 ἐκκλησίαν
687 669 865 723 κατέχων
892 668 1022 723 αὐτὴν
1049 668 1193 722 σχεδὸν
1222 665 1378 721 ἡμέραν
1399 665 1477 709 εἶδε
1501 670 1576 721 τῆς

124 739 295 793 ἐκβολῆς
328 738 378 792 ἢν
405 739 457 793 δὴ
485 741 551 780 καὶ
569 743 643 792 τῆς
665 736 906 791 ἀναβάσεως
929 737 1118 793 ἔγνωκεν,
1146 735 1235 791 ἥτις
1256 737 1322 778 καὶ
1342 734 1576 791 Ἐλαφηβο-

122 809 267 856 λιῶνος
293 804 550 862 ἕκκαιδεκάτη
577 802 648 861 ἦν,
686 805 751 849 ὅτε
774 808 841 848 καὶ
864 804 884 848 ὅ
906 806 1031 861 με’γας
1047 805 1273 860 λογοθέτης
1290 803 1360 847 τὸν
1382 804 1486 846 ἴδιον
1502 800 1576 846 λό-

70 886 115 920 10
124 891 194 930 γον
213 875 438 932 καταγνοὺς
455 873 542 918 οἷον
559 876 603 917 ἐκ
623 879 698 929 τῆς
715 879 797 917 τῶν
814 878 975 916 πολλῶν
992 874 1259 930 βλασφημίας
1278 876 1360 915 τῶν
1376 873 1417 914 ἐν
1439 873 1577 931 ἐκείνῳ

122 943 421 998 γεγραμμένων,
454 945 521 986 καὶ
536 947 693 996 μᾶλλον
710 941 773 986 ὅτι
790 944 855 985 καὶ
874 941 894 985 ὃ
917 940 1037 992 λύκος
1055 940 1076 985 ὅ
1098 946 1179 984 τῶν
1194 938 1383 995 λαχάνων
1402 939 1572 997 ἅνθρω-
1593 947 1625 983 Β

122 1027 199 1060 πος
231 1011 345 1068 παρὰ
375 1014 450 1054 τοῦ
485 1011 667 1067 ἀρχῆθεν
701 1009 883 1060 εἶπόντος
913 1011 1090 1066 ἐλέγετο,
1125 1011 1222 1066 πυρὶ
1251 1009 1484 1064 παρεδίδου.
1553 1006 1576 1052 ὅ

121 1079 261 1133 μέντοι
290 1096 335 1136 γε
366 1080 559 1134 βασιλεῦς
589 1077 804 1133 δεξάμενος
830 1079 904 1133 τὴν
933 1080 1204 1135 παραίτησιν,
1252 1074 1320 1119 διά
1351 1094 1395 1119 τε
1427 1075 1474 1119 τὸ
1503 1080 1578 1131 τῆς

123 1148 231 1196 ἰδίας
258 1145 419 1203 γνώμης
446 1146 551 1190 εὗθῦ
563 1181 576 1199 ,
611 1149 677 1190 καὶ
700 1153 774 1190 τοῦ
797 1147 855 1202 μὴ
877 1149 1011 1190 θέλειν
1032 1151 1233 1196 κινεῖσθαι
1254 1145 1307 1187 τὰ
1326 1145 1454 1199 μηδὲν
1476 1142 1578 1199 (ivri-

70 1223 113 1260 15
124 1231 251 1258 σοντα
266 1215 372 1258 ἀλλὰ
391 1217 457 1258 καὶ
475 1220 632 1270 μᾶλλον
652 1217 864 1271 ἐκκλησίαν
879 1213 1125 1269 βλάψοντα,
1163 1216 1229 1257 καὶ
1252 1213 1319 1256 διὰ
1339 1217 1471 1256 ταῦτα
1490 1219 1578 1263 τοῖς

120 1283 409 1338 γεγραμμένοις
435 1283 541 1339 μηδ’
568 1286 623 1334 εἷς
646 1282 785 1338 βάθος
814 1282 1056 1340 προσσχών,
1093 1285 1159 1325 καὶ
1188 1283 1285 1331 τοὺς
1305 1281 1455 1331 ἄλλους
1473 1280 1578 1337 πρὸς

122 1356 245 1394 τοῦτο
275 1353 439 1404 πείσας,
476 1352 687 1408 ἀγαπητὸν
709 1349 961 1408 ἡγησάμενος
989 1354 1024 1394 εἲ
1049 1351 1146 1405 μετ’
1179 1348 1340 1407 εἷρῖνης
1367 1350 1573 1400 ἐξίσταται
1599 1358 1630 1392 C

123 1415 247 1479 (οὐδὲ
274 1419 353 1476 γὰρ
380 1420 621 1477 συνέφερεν,
659 1418 715 1470 ὦς
744 1419 877 1477 ἐῴκει,
914 1424 1115 1460 κινεῖσθαι
1142 1419 1195 1459 τὰ
1223 1418 1320 1460 κατ’
1341 1419 1490 1460 ἐκεῖνον
1510 1419 1578 1459 καὶ

214 1513 270 1551 14.
297 1515 390 1559 τοῦ]
413 1513 494 1563 295?

121 1593 280 1628 ctoritate
301 1593 530 1634 permanentis
551 1592 587 1627 in
608 1604 646 1628 se
668 1592 964 1640 archiepiscopalis
993 1592 1173 1640 potestatis
1195 1604 1237 1628 ac
1258 1594 1391 1635 status,
1423 1604 1491 1639 quo
1513 1603 1577 1638 per

120 1639 210 1673 hunc
242 1639 375 1673 modum
408 1640 531 1674 efficax
560 1644 638 1674 rata
669 1644 705 1673 et
734 1639 833 1674 firma
858 1640 981 1674 evadat
1004 1639 1165 1674 eiusmodi
1187 1639 1393 1685 reprobatio.
1437 1638 1519 1684 qnid
1542 1643 1579 1673 et

121 1685 186 1719 hoc
218 1691 332 1718 autem
366 1685 432 1719 sibi
461 1686 536 1719 vult
566 1685 658 1731 quod
681 1685 731 1719 ait
753 1691 923 1730 pastorem
955 1691 1034 1732 post
1056 1697 1094 1720 se
1116 1685 1326 1730 deligendum
1348 1684 1579 1719 accommoda-

122 1730 223 1764 tum?
252 1730 318 1764 nisi
349 1731 482 1765 occulte
513 1731 621 1767 innuit
650 1732 788 1778 exposci
818 1731 919 1766 talem
942 1732 1000 1778 qui
1021 1731 1145 1778 populo
1168 1731 1301 1777 quidvis
1331 1730 1520 1776 gratificari
1541 1733 1578 1764 et

120 1775 296 1819 indulgere
317 1776 364 1810 sit
385 1782 537 1822 paratus.

212 1821 283 1855 Sed
306 1822 391 1856 haec
413 1835 435 1857 a
454 1834 510 1856 me
530 1823 621 1857 forte
642 1821 802 1867 otiosius,
825 1834 925 1868 qnam
946 1822 1182 1868 tempestivum
1204 1822 1364 1856 historico
1387 1824 1483 1863 erat,
1506 1820 1577 1855 dis-

120 1869 240 1911 putata
256 1867 395 1902 fuerint.
440 1880 541 1902 unum
562 1874 674 1902 tamen
698 1869 742 1902 ad
769 1881 810 1903 ea
831 1869 914 1903 illud
936 1881 1003 1902 non
1025 1869 1069 1902 de
1092 1868 1192 1902 nihilo
1213 1869 1288 1912 quis
1311 1868 1493 1900 observans
1515 1866 1578 1900 ad-

121 1912 289 1953 iunxerit,
323 1913 373 1947 sic
395 1919 514 1948 exacte
541 1914 791 1959 quadriennium
812 1914 848 1948 in
871 1915 1104 1959 patriarchatu
1127 1913 1343 1947 Athanasium
1367 1912 1574 1956 explevisse,

121 1961 163 1990 ut
192 1958 331 1991 eandem
362 1960 468 1993 ferme
496 1959 571 1993 initi
600 1959 778 2004 relictique
811 1960 985 2005 regiminis
1026 1959 1191 1993 ecciesiae
1231 1957 1458 1991 numeraverit
1486 1958 1574 1992 diem

121 2003 412 2056 sextamdecimam
429 2004 602 2046 Octobris,
623 2006 756 2050 quando
780 2010 817 2058 et
837 2016 979 2049 magnus
998 2005 1171 2057 logotlieta
1192 2003 1344 2057 vanitate
1364 2003 1575 2057 deprehensa

121 2049 970 2140 3331¹¹¹¹1¹2133⁰205÷2t2¹13⁰92232532223253‘33‘32
988 2049 1575 2139 &gxss'ssffisstsstiffifflmffi'zz

118 2138 207 2172 xime
229 2139 372 2184 puderet
393 2140 441 2173 ibi
464 2151 526 2185 pro
549 2140 707 2174 miraculo
738 2141 927 2175 celebrasse
949 2146 1086 2185 portata
1107 2139 1199 2173 iussu
1219 2139 1395 2174 Athanasii
1416 2140 1510 2175 olera
1530 2153 1575 2175 ex

119 2184 221 2219 horto
244 2184 375 2218 domum
398 2196 419 2219 a
441 2185 520 2230 lupo
533 2211 544 2227 ,
575 2197 618 2219 ex
641 2197 708 2230 qno
731 2191 851 2230 postea
873 2191 967 2220 certo
990 2193 1201 2230 compererat
1224 2185 1335 2230 lupum
1355 2185 1446 2220 illum
1467 2186 1574 2220 fuisse

119 2229 284 2264 hominem
306 2230 357 2264 ita
379 2230 602 2272 nominatum,
623 2242 691 2264 non
714 2234 849 2271 autem,
871 2231 923 2265 uti
946 2231 1144 2276 persuaderi
1175 2230 1240 2264 sibi
1260 2231 1405 2274 siverat,
1427 2232 1574 2266 bestiam

121 2280 224 2310 notae
245 2275 398 2310 feritatis
420 2276 486 2310 isto
510 2277 679 2320 designari
701 2277 863 2310 vocabulo
886 2276 1032 2310 solitam.
1077 2279 1248 2310 caeterum
1268 2276 1453 2322 imperator
1474 2288 1574 2312 acce-

121 2325 182 2366 pto
205 2321 363 2355 cessionis
385 2322 559 2356 Athanasii
581 2322 718 2366 libello,
749 2333 815 2355 non
834 2322 971 2367 putavit
991 2321 1155 2356 curiosius
1175 2321 1390 2357 insistendum
1415 2328 1574 2358 scrutan-

121 2366 188 2400 dae
209 2366 422 2410 ambiguitati
446 2367 689 2413 captiosamm,
719 2367 840 2412 quibus
870 2371 946 2402 erat
974 2372 1160 2413 concepta,
1191 2369 1431 2403 sententiarum
1453 2372 1489 2402 et
1511 2381 1573 2403 vo-

121 2422 208 2446 cum.
253 2412 314 2446 sed
335 2412 392 2446 hic
413 2425 548 2458 quoque
570 2413 701 2447 solitam
725 2424 817 2446 suam
840 2413 940 2447 animi
962 2413 1218 2457 rectitudinem,
1242 2418 1278 2447 et
1293 2415 1528 2449 abhorrentem
1552 2426 1574 2448 a

121 2460 250 2491 temere
281 2459 453 2500 movendis
484 2458 567 2492 nihil
597 2458 802 2504 profecturis
825 2465 861 2492 et
882 2459 1058 2504 praesenti
1080 2470 1169 2493 noxa
1190 2459 1389 2504 perniciosis
1410 2459 1574 2494 ecclesiae

122 2503 362 2536 controversiis
383 2505 644 2538 moderationem
667 2516 709 2538 ac
730 2504 940 2548 prudentiam
955 2508 1104 2546 secutus,
1125 2516 1199 2538 cum
1221 2504 1285 2539 sibi
1307 2510 1377 2540 tum
1399 2505 1475 2540 aliis
1490 2515 1575 2550 per-

122 2547 231 2581 suasit
251 2550 502 2593 temperandum
525 2551 570 2584 ab
593 2549 806 2595 indagatione
821 2549 938 2584 odiosa
960 2550 1201 2595 profundorum
1221 2550 1312 2585 senis
1331 2563 1487 2586 sensuum
1510 2550 1572 2584 sub

121 2591 181 2626 illa
203 2595 382 2627 verborum
404 2595 531 2630 astutia
552 2599 734 2641 utcumque
747 2595 933 2637 latentium,
953 2595 988 2628 iu
1004 2595 1097 2630 lucro
1117 2601 1245 2641 ponens
1267 2597 1358 2642 quod
1379 2597 1410 2632 is
1431 2596 1464 2630 in
1488 2606 1575 2640 pace

121 2638 336 2681 recessisset,
367 2651 431 2674 uec
454 2640 619 2675 interesse
650 2641 820 2675 arbitrans
851 2652 918 2686 quo
949 2641 984 2674 id
1015 2640 1072 2676 ille
1099 2641 1246 2676 artificio
1274 2644 1331 2676 vel
1351 2643 1427 2676 dolo
1450 2639 1574 2685 exequi

120 2682 318 2736 studui-sset.
362 2696 440 2719 nam
457 2685 575 2720 maiori
597 2686 741 2731 strepitu
764 2697 899 2720 causam
918 2685 1018 2719 istam
1046 2687 1231 2729 ventilare,
1260 2687 1378 2722 indicii
1399 2686 1575 2720 desidera-

120 2731 239 2760 tissimi
261 2739 283 2762 a
303 2730 435 2771 multis,
469 2730 547 2765 odio
569 2731 604 2766 in
625 2732 846 2766 Athanasium
867 2731 1056 2766 vehementi
1078 2738 1115 2767 et
1135 2732 1226 2768 iusto
1249 2733 1493 2777 flagrantibus,
1515 2742 1576 2764 ce-

119 2771 310 2808 lebratione
339 2775 589 2820 permittenda,
619 2776 857 2812 tumultuosius
889 2779 966 2811 rore
995 2777 1166 2824 negotium
1198 2778 1444 2824 providebatur
1473 2787 1574 2822 quam

178 2824 351 2871 Georgius
375 2827 599 2872 pachymeres
626 2829 676 2863 11.
1246 2830 1300 2867 12
