1858 3126
267 132 364 179 620
478 164 482 169 -
545 163 548 166 ι
595 165 598 168 .
683 131 915 175 GEORGII
947 132 1295 178 PAGHYMERIS

267 244 573 301 καθείργνυσιν,
609 240 693 287 ἐπεὶ
724 242 906 301 ἔφθασεν
925 242 1070 296 ἐκεῖνος
1086 242 1252 302 γράψας
1270 247 1372 303 πρὸς
1387 248 1460 295 τὸν
1478 247 1582 292 ἴδιον
1601 265 1707 303 συμ-

267 313 465 368 πένθερον
496 311 568 355 τὸν
595 312 658 353 ἐπὶ
688 317 763 355 τοῦ
799 314 1047 366 κανικλείου,
1095 312 1239 367 ὁμοίαν
1266 315 1518 360 ἀποστασίαν
1544 319 1612 360 καὶ
1635 318 1710 371 τὴν

269 380 397 434 αὐτὴν
428 384 486 439 τῷ
512 381 764 438 Κοτανίτζῃ,
811 383 846 423 εἰ
884 382 939 435 μὴ
972 387 1260 435 συμπαθοῒτο,
1308 383 1710 438 προσαπειλσῦμενος.

268 450 336 492 καὶ
357 448 467 498 ἔδοξε
486 449 559 501 μὲν
583 445 674 491 τότε
694 451 910 504 ζημιωθεὶς
929 448 950 492 ὅ
976 455 1137 505 κρατῶν
1156 455 1238 493 τῶν
1261 455 1496 506 στρατηγῶν
1515 451 1587 494 τὸν
1609 450 1711 507 κρά-

269 533 430 568 τιστον,
465 514 575 570 ὅμως
603 533 645 572 γε
670 517 807 570 μέντοι
838 519 1062 573 φροντίζων
1084 518 1159 561 οὐκ
1179 519 1277 561 ἀνίει
1297 519 1389 562 οὐδ’
1411 520 1452 569 ἐς
1470 519 1605 577 βραχὺ
1625 511 1741 570 afleti

271 584 322 628 ἂν
341 585 508 638 διοικοιή
528 584 580 626 τὰ
599 585 702 627 καθ’
727 583 872 628 ἑαυτὸν
893 584 999 628 οὕτω
1018 584 1204 641 πονήρως
1223 586 1380 640 ἔχοντα.

220 665 251 699 C
410 653 490 697 25.
527 651 675 695 ’Ἔνθεν
692 670 755 696 τοι
775 655 840 695 καὶ
861 653 962 708 πρὸς
977 655 1049 707 μέν
1067 655 1163 704 τοὺς
1181 653 1482 712 ἕῴουςἾβηρας
1498 654 1713 710 πρεσβείαν

272 721 514 764 στείλασθαι
542 721 646 763 κατὰ
679 723 913 775 συμμαχίαν
946 723 989 764 ἐκ
1018 724 1204 764 πλείστου
1232 721 1537 776 διανοούμενος,
1571 722 1715 775 πέμπει

271 788 370 838 τοὺς
391 788 712 844 συγκαλέσοντας
723 821 736 841 ,
774 790 856 831 ἐπεὶ
875 789 1046 832 κάκεῖνοι
1061 791 1212 843 ἕτοιμοι
1232 791 1416 833 ἀπαντᾶν
1440 786 1544 846 ἦσαν
1563 789 1715 843 ἀμισθὶ

273 858 339 899 καὶ
373 856 434 897 ἐπὶ
465 854 604 910 μόνοις
629 858 767 906 ’ίπποις
787 859 854 899 καὶ
874 855 1072 907 δαπάναις
1090 865 1178 907 ταῖς
1197 856 1416 913 ἀρκούσαις
1441 855 1767 914 προσαμύνεινίο

271 931 357 974 τοῖς
371 922 578 977 Ῥωμαίων
602 922 845 980 πράγμασιν.
916 925 1015 968 ὅθεν
1037 928 1103 968 καὶ
1121 927 1213 979 μετ’
1238 926 1286 969 οὗ
1307 927 1410 969 πολὺ
1430 927 1637 980 Χατζίκης
1653 941 1715 974 τις

273 997 356 1035 τῶν
387 996 461 1046 τῆς
480 991 658 1047 Ἰβηρίας
684 990 933 1049 μεγιστάνων
962 994 1202 1049 προσελθὼν
1227 999 1390 1047 βασιλεῖ
1409 994 1477 1051 ἐφ’
1508 988 1616 1052 ᾧπερ
1645 994 1715 1036 καὶ

271 1060 347 1115 τὴν
386 1061 489 1115 πρὸς
524 1059 749 1112 Ῥωμαίους
788 1060 1086 1116 καταστήσαιτο
1126 1065 1429 1117 κοινοπραγίαν,
1477 1063 1632 1115 ἐπείπερ
1663 1059 1712 1102 οὔ

272 1128 507 1183 συνέβαινον
525 1130 663 1183 σφίσιν
682 1129 725 1171 αἱ
745 1130 997 1185 συμφωνίαι,
1033 1129 1239 1184 ἄπρακτος
1266 1128 1524 1186 ὑποστρέφει.
1589 1127 1637 1171 τὸ
1667 1128 1714 1170 δὲ

132 1206 161 1241 Ρ
185 1207 253 1244 433
275 1197 377 1253 πρὸς
411 1197 483 1239 τὸν
511 1199 798 1252 Χαρμπαντᾶν
831 1199 953 1251 κῆδος
984 1199 1049 1239 καὶ
1081 1200 1171 1239 λίαν
1197 1196 1508 1252 ἓξητοιμάζετο..
1558 1197 1625 1238 καὶ
1660 1194 1764 1238 τά15

272 1269 346 1320 τῆς
373 1265 548 1313 Νικαίας
575 1265 678 1320 μέρη
709 1263 937 1318 κακούμενα
963 1263 1289 1319 πυνθανόμενος,
1320 1266 1394 1320 τὴν
1412 1265 1559 1320 οἷκξίαν
1580 1263 1712 1306 αὔτα-

273 1333 426 1389 ὄέλφην
452 1334 647 1386 Μαρίαν,
685 1333 758 1387 τὴν
783 1335 848 1375 καὶ
872 1334 1085 1376 δέσποιναν
1105 1339 1185 1376 τῶν
1209 1335 1482 1388 Μουγουλίων
1503 1335 1712 1389 θρυλλου-

272 1401 416 1456 μένην,
454 1398 617 1454 συνάμα
645 1405 731 1459 λαῷ
751 1406 808 1458 τῷ
828 1401 1016 1457 ἀρκοῦντι
1042 1401 1184 1454 πέμπει
1209 1402 1309 1455 πρὸς
1324 1404 1512 1443 Νίκαιαν.
1579 1396 1712 1453 ἀπήγ-

271 1473 372 1524 γειλε
406 1469 451 1510 δὲ
478 1469 543 1510 καὶ
577 1468 705 1522 αὐτὴν
740 1469 976 1525 καθημένην
1012 1471 1110 1526 τῇδε
1149 1466 1410 1512 καθιστάνειν
1437 1468 1485 1512 τὸ
1513 1467 1614 1526 πρὸς
1639 1465 1711 1509 τὸν

363 1577 419 1613 18.
440 1573 649 1620 {abyr-sals?

271 1670 348 1708 cta,
370 1667 460 1712 quod
483 1666 664 1700 Cassianus
687 1665 730 1700 ad
753 1676 848 1700 suum
869 1676 1082 1700 consocerum
1104 1666 1251 1700 canicleo
1273 1666 1482 1712 praefectum
1503 1667 1605 1699 antea
1626 1664 1711 1699 scri-

270 1713 355 1746 bens
389 1712 530 1746 minatus
558 1713 677 1746 fuisset
708 1723 768 1753 se,
799 1712 863 1746 nisi
894 1712 1005 1746 mitius
1037 1713 1079 1746 ab
1108 1713 1309 1756 imperatore
1341 1714 1547 1746 tractaretur
1570 1715 1606 1744 et
1628 1721 1712 1744 suae

270 1758 455 1792 haberetur
477 1758 648 1802 dignitatis
670 1757 779 1798 ratio,
814 1757 902 1790 haud
934 1757 1042 1790 minus
1065 1757 1254 1801 periculosa
1276 1763 1312 1791 et
1332 1757 1432 1791 noxia
1455 1757 1504 1790 rei
1526 1757 1711 1796 Romanae,

270 1815 371 1848 quam
405 1804 481 1837 olim
513 1803 714 1843 Cotanitza‚
744 1803 931 1836 defectione
960 1803 1207 1838 rebellaturum.
1252 1803 1505 1837 existimabatur
1528 1800 1712 1835 Cassianus

271 1850 496 1883 Romanorum
518 1853 586 1882 tum
610 1850 729 1882 ducum
751 1849 892 1882 omnium
916 1848 1151 1882 scientissimus
1174 1848 1223 1882 rei
1246 1849 1405 1889 bellicae;
1439 1848 1528 1881 unde
1549 1857 1611 1891 pro
1634 1857 1711 1879 cae-

270 1899 349 1929 tera
379 1894 577 1929 infelicitate
608 1905 671 1928 sua
699 1893 895 1939 imperatori
927 1894 1068 1937 contigit
1098 1894 1176 1928 talis
1207 1894 1271 1928 viri
1305 1905 1437 1927 usuram
1469 1892 1531 1926 tali
1559 1898 1712 1936 tempore

271 1940 428 1985 perdere.
471 1940 528 1974 ille
559 1945 670 1974 tamen
703 1951 768 1973 non
799 1940 972 1972 remittens
1005 1939 1250 1973 solicitudinem
1280 1940 1479 1982 satagebat,
1509 1949 1553 1971 ne
1574 1937 1617 1971 ad
1639 1947 1712 1970 mo-

271 1990 418 2019 mentum
448 1985 581 2030 quidem
612 1996 768 2028 cessans,
800 1985 835 2018 iu
869 1984 1081 2026 ordinandis,
1113 1996 1179 2030 qua
1214 1985 1415 2019 commodius
1447 1987 1582 2029 posset,
1610 1982 1712 2015 rebus

272 2031 342 2064 suis
364 2031 414 2063 ita
436 2031 522 2065 omni
546 2042 588 2064 ex
613 2035 711 2075 parte
731 2031 877 2064 turbatis
900 2042 941 2064 ac
962 2031 1059 2074 plene
1081 2030 1278 2074 deploratis.

364 2076 420 2111 25.
465 2077 565 2110 Unde
591 2083 627 2110 et
656 2088 729 2110 cum
759 2076 881 2109 dudum
913 2076 1077 2118 agitasset
1099 2077 1205 2109 animo
1229 2076 1271 2109 de
1293 2075 1455 2109 mittenda
1475 2071 1645 2117 legatione
1666 2070 1710 2105 ad

271 2120 391 2155 Iberos
415 2121 626 2164 Orientales‚
661 2133 729 2166 qua
750 2132 808 2155 eos
832 2122 873 2154 ad
895 2122 972 2154 belli
994 2122 1186 2155 societatem
1209 2132 1319 2154 secum
1341 2120 1516 2154 ineundam
1538 2118 1710 2157 invitaret,

273 2165 510 2210 experiendum
535 2179 621 2200 nunc
643 2167 786 2211 denique
813 2167 957 2211 putavit,
979 2167 1152 2200 destinatis
1173 2166 1252 2200 illuc
1273 2166 1330 2211 qui
1352 2165 1530 2199 auxiliares
1550 2163 1627 2197 inde
1649 2172 1710 2194 co·-

273 2211 351 2256 pias
373 2217 562 2246 evocarent.
608 2212 787 2246 audiverat
809 2213 892 2246 enim
917 2217 1052 2257 paratos
1079 2223 1137 2245 eos
1166 2212 1207 2245 ad
1233 2211 1388 2245 Romanis
1410 2208 1613 2244 militandum
1635 2206 1710 2239 sine

276 2256 466 2299 stipendio,
496 2258 592 2291 modo
616 2257 694 2302 equi
716 2258 819 2290 solum
843 2258 922 2301 ipsis
945 2261 981 2291 et
1002 2258 1179 2299 alimenta,
1211 2260 1370 2300 quantum
1393 2259 1448 2289 sat
1471 2257 1580 2292 esset,
1606 2262 1709 2295 prae-

274 2301 447 2335 berentur.
492 2308 603 2336 tamen
636 2314 710 2335 cuin
743 2303 840 2347 paulo
872 2306 949 2347 post
972 2303 1151 2336 Chatzices
1182 2302 1332 2346 quidam,
1366 2310 1449 2333 unus
1471 2309 1514 2332 ex
1534 2298 1707 2330 Iberorum

276 2345 490 2390 primoribus,
513 2359 554 2381 ea
573 2348 648 2391 ipsa
669 2348 711 2380 ‹le
737 2359 773 2380 re
797 2353 974 2381 tractatum
997 2348 1144 2381 venisset
1165 2348 1206 2380 ad
1230 2348 1424 2390 Augustum,
1449 2343 1539 2389 quod
1560 2342 1605 2375 de
1626 2352 1707 2375 oon-
1748 2383 1753 2388 ¹

276 2391 455 2424 ditionibus
477 2393 622 2426 foederis
643 2393 822 2426 convenire
843 2393 932 2426 inter
953 2393 1044 2436 ipsos
1065 2392 1290 2436 nequivisset,
1321 2401 1359 2423 re
1388 2390 1515 2422 infecta
1540 2387 1642 2421 rediit
1662 2386 1707 2420 ad

276 2447 367 2471 suos.
414 2436 558 2481 proniori
585 2448 646 2480 spe
677 2448 851 2471 successus
879 2437 1053 2471 affinitatis
1074 2448 1148 2471 cum
1171 2436 1440 2478 Charmpantane
1461 2432 1708 2467 contrahendae

275 2481 459 2525 negotiatio
492 2483 717 2523 procedebat,
747 2482 897 2526 adeoque
924 2487 1059 2516 strenue
1085 2481 1336 2515 incumbebatur
1362 2479 1396 2512 in
1427 2481 1623 2523 apparatum
1645 2477 1707 2510 de-

278 2527 393 2562 stinati
416 2526 569 2560 connubii
590 2526 786 2570 proximum.
832 2528 998 2570 urgebant
1030 2526 1115 2560 enim
1137 2526 1180 2560 ad
1202 2524 1430 2559 maturandum
1453 2522 1557 2556 nuntii
1579 2522 1621 2556 ad
1644 2522 1707 2556 im-

276 2578 466 2617 peratorem
487 2571 693 2616 appellentes
717 2571 850 2611 crebri,
870 2572 1024 2615 regiones
1044 2571 1134 2604 circa
1156 2570 1315 2604 Nicaeam
1337 2570 1423 2603 bello
1446 2567 1598 2603 infestari
1619 2568 1707 2601 Per-

276 2619 347 2652 sico
369 2618 528 2652 ferentes.
570 2616 671 2660 igitur
693 2627 840 2650 sororem
862 2616 1027 2661 propriam
1050 2615 1202 2656 Mariam,
1224 2627 1310 2660 quae
1332 2615 1429 2648 titulo
1452 2613 1604 2647 dominae
1626 2613 1704 2647 Mu-

274 2663 437 2708 guliornm
460 2661 580 2706 passim
602 2662 838 2703 honorabatur,
860 2672 933 2696 cum
956 2661 1072 2695 idoneo
1094 2660 1252 2695 comitatu
1274 2659 1395 2694 deduci
1416 2660 1575 2694 Nicaeam
1597 2661 1704 2700 curat,

275 2709 435 2743 mandans
457 2707 525 2753 ipsi
545 2710 584 2741 ut
603 2707 673 2741 illic
695 2706 870 2741 considens
891 2718 934 2740 ex
955 2707 1104 2750 proximo
1127 2717 1223 2740 suum
1245 2716 1318 2739 cum
1341 2705 1613 2750 Charmpantane
1625 2714 1705 2736 con·

274 2754 398 2799 iugium
420 2756 652 2800 promoveret,
684 2764 746 2787 nec
768 2751 862 2798 prius
883 2762 982 2798 quam
1004 2763 1044 2787 re
1064 2753 1216 2798 perfecta
1235 2751 1430 2792 desisteret,
1451 2755 1587 2796 tumque
1607 2748 1707 2783 daret
