1820 3112
180 168 245 215 58
598 167 834 213 GEORGII
866 166 1220 211 PACHYMERIS

180 278 399 339 ἐπράττετο
426 279 470 338 (ἦ
493 280 572 337 γὰρ
603 284 686 324 τῶν
713 280 982 337 Ἀρσενιατῶν
1013 277 1276 329 ἓπισύστασις
1308 275 1441 335 πολλή
1461 296 1523 330 τις
1541 273 1647 323 οὖσα

177 353 244 394 καὶ
280 349 387 393 καθ’
419 347 594 403 ἑκάστην
627 350 896 404 πληθυομένη
925 349 1087 405 ἠρεμεῖν
1122 347 1196 391 οὗκ
1223 348 1302 404 εἴα)
1323 380 1338 401 ,
1381 345 1548 404 ἀπάρας
1571 352 1647 403 τῆς

177 419 493 463 Κωνσταντίνου
512 416 580 460 ἐπ’
611 417 813 472 ἀνατολῆς
836 417 1008 473 ἤλαυνεν
1022 450 1034 470 ,
1071 414 1304 471 ἐπισκήψας
1325 418 1392 459 καὶ
1413 413 1646 473 πατριάρχῃ

176 488 244 530 καὶ
268 493 353 536 τοῖς
372 490 549 539 λοιποῖς,
586 484 675 529 ὅσοι
694 503 736 528 τε
755 489 845 542 περὶ
867 486 937 528 τὸν
958 483 1213 541 πατριάρχην
1234 481 1340 540 ἦσαν
1369 487 1436 527 καὶ
1459 483 1550 528 ὅσοι
1571 489 1647 540 τῆς

175 555 363 604 ἐναντίας
383 557 545 610 μοίρας,
579 555 702 597 ἐκεῖσε
721 557 814 610 περί
832 572 909 596 που
929 554 1005 605 τὰς
1020 552 1328 603 “Υποπλακιόυς
1349 551 1496 607 Θήβας
1511 552 1679 598 ἅπαν-5

176 627 254 666 τᾶν
283 623 359 678 τὴν
388 625 584 677 ταχίστην
614 621 695 665 ὑπὸ
726 627 955 677 βασιλικαῖς
983 621 1168 677 τριήρεσί
1189 639 1230 665 τε
1257 623 1322 664 καὶ
1351 622 1554 679 ἐφοδίοις,
1591 619 1648 671 ὥς

127 696 159 731 Β
184 693 267 734 ἐκεῖ
297 690 632 747 κινηθησομένων
657 695 740 734 τῶν
771 691 890 735 ὅλων.
974 691 1047 734 οὐκ
1074 691 1210 746 ὀλίγον
1237 690 1315 746 γὰρ
1347 692 1415 733 καὶ
1444 691 1535 746 περὶ
1565 693 1648 732 τῶν

172 760 277 815 χθὲς
300 760 571 815 πραχθέντων
601 759 719 814 ἀνέζη
747 760 794 803 τὸ
822 757 1076 811 σκάνδαλον,
1123 761 1188 802 καὶ
1208 764 1365 813 μᾶλλον
1397 756 1459 801 ὅτι
1477 759 1647 801 καὶτῶν

174 828 276 884 παρ’
295 827 446 886 Ἰωσὴφ
467 827 492 883 ἢ
518 830 584 871 καὶ
607 828 719 883 παρὰ
742 832 823 871 τῶν
844 827 961 883 ἀμφ’
991 829 1139 870 ἐκεῖνον
1174 827 1442 884 πραχθέντων
1462 831 1649 884 παραβε-

177 896 394 952 βασμένων
413 897 532 939 αὐτοὶ
553 898 766 951 ζηλοῦντες
789 897 978 939 ἐντεῦθεν
996 898 1061 938 καὶ
1080 895 1155 950 τὴν
1175 900 1257 939 τῶν
1280 895 1546 951 Ἀρσενιατῶν
1566 912 1647 938 πα·-
1660 906 1704 941 10

180 965 360 1022 ραδοχὴν
404 962 700 1014 ὑποπτεύοντες
737 972 822 1014 τοῖς
858 969 1068 1007 παθοῦσιν
1116 966 1380 1022 ἐπῳκτίζοντο
1424 965 1490 1006 καὶ
1525 962 1648 1006 ἄδικα

179 1031 349 1088 πάσχειν
381 1031 673 1088 ὃιωμολόγουν.
742 1032 811 1075 διὰ
841 1036 974 1075 ταῦτα
1005 1034 1071 1075 καὶ
1105 1031 1304 1082 συνόλους
1333 1034 1417 1075 ἐκεῖ
1442 1029 1463 1074 ὅ
1485 1035 1648 1087 κρατῶν

181 1107 371 1159 συνῆγεν,
408 1100 464 1152 ὥς
491 1100 542 1145 ἂν
571 1104 757 1151 ἐντελοῦς
783 1103 988 1158 γεγονυίας
1015 1105 1088 1156 τῆς
1107 1099 1374 1151 συνελεύσεως
1391 1099 1440 1143 τὸ
1460 1099 1649 1157 ποιητέον

181 1268 282 1302 quam
304 1256 403 1291 unice
425 1256 469 1292 ad
493 1269 563 1292 rem
596 1257 663 1292 etsi
691 1260 814 1292 cuncta
842 1268 932 1303 quae
962 1268 1051 1292 nunc
1083 1256 1226 1291 maxime
1254 1255 1379 1290 fierent
1399 1253 1651 1296 referebantur,

181 1308 295 1337 tamen
317 1302 398 1336 nibil
422 1303 599 1338 admodum
621 1304 785 1338 hactenus
819 1315 895 1338 esse
920 1304 1109 1348 profectum
1131 1302 1331 1347 apparebat.
1377 1312 1460 1346 ergo
1482 1299 1651 1335 solicitum

180 1349 243 1383 tali
265 1359 369 1383 causa
400 1349 586 1395 principem
621 1361 756 1383 cessare
789 1348 823 1383 in
856 1349 1077 1394 inquisitione
1099 1347 1251 1383 ulteriori
1273 1346 1458 1382 mediorum
1481 1346 1526 1380 ad
1549 1346 1652 1380 finem

179 1400 250 1429 tam
270 1394 516 1437 necessarium,
548 1406 622 1429 cum
646 1394 780 1429 minime
812 1394 942 1430 sineret
962 1394 1114 1439 flagrans
1137 1393 1313 1439 plusquam
1335 1403 1493 1439 umquam
1516 1395 1553 1426 et
1576 1390 1651 1437 pol-

179 1440 252 1474 lens
284 1451 422 1474 numero
466 1440 570 1486 inque
609 1440 683 1475 dies
723 1446 930 1484 augescente
968 1440 1181 1475 multitudiue
1209 1449 1430 1474 succrescens
1459 1437 1652 1472 Arseuinna

178 1485 307 1528 factio,
333 1497 468 1520 movens
492 1487 704 1521 Andronicus
736 1487 1034 1532 Constantinopoli
1057 1496 1178 1520 versus
1201 1485 1376 1520 Orientem
1397 1483 1526 1525 tendit,
1547 1494 1652 1529 prae-

178 1531 306 1577 scripto
330 1531 547 1577 patriarchae
570 1544 645 1566 cum
669 1531 738 1566 suis
770 1532 913 1577 aliisque
944 1533 1172 1573 antistitibus,
1204 1531 1401 1576 cunctisque
1431 1529 1561 1575 pariter
1590 1526 1652 1574 qui

178 1582 296 1623 partes
319 1578 371 1612 bis
394 1578 557 1612 adversas
580 1582 779 1620 tuerentur,
808 1584 848 1612 ut
869 1577 934 1612 sibi
957 1578 1160 1623 quantocius
1183 1577 1274 1612 circa
1296 1575 1533 1622 Hypoplacias
1555 1575 1652 1609 'rhe-

178 1625 243 1658 bas
265 1624 459 1668 t'requentes
483 1630 721 1665 occurrerent,
745 1624 969 1668 imperatoriis
992 1636 1032 1659 eo
1057 1622 1231 1657 deferendi
1254 1623 1461 1665 triremibus,
1485 1631 1570 1668 quas
1593 1631 1653 1654 oo-

178 1668 381 1714 piosissimis
404 1673 440 1702 et
462 1669 662 1714 quantaevis
678 1669 913 1715 implicitorum
936 1669 994 1704 isti
1017 1681 1141 1704 causae
1165 1668 1331 1702 hominum
1354 1666 1569 1707 multitudini,
1594 1665 1652 1700 vel

179 1715 210 1749 si
234 1715 363 1748 nemine
387 1714 523 1760 dempto
547 1715 696 1750 universi
720 1722 959 1758 accurrerent,
995 1715 1191 1750 suffecturis
1221 1714 1265 1748 ad
1300 1715 1365 1748 hoc
1397 1714 1504 1757 ipsum
1528 1710 1653 1746 instrui

179 1760 421 1795 commeatibus
450 1760 608 1795 iusserat.
655 1765 694 1795 ut
721 1766 790 1795 tam
827 1762 948 1796 multos
980 1766 1118 1806 tamque
1152 1760 1265 1795 varios
1289 1759 1470 1794 convenire
1491 1757 1652 1792 nnumin

178 1807 289 1840 locum
316 1806 502 1850 imperator
526 1807 637 1848 vellet,
662 1807 742 1841 inde
759 1812 835 1840 erat
857 1808 948 1852 quod
971 1807 1122 1842 studenti
1150 1807 1336 1852 perfectam
1361 1805 1528 1840 ecclesiae
1551 1803 1654 1838 resti-

178 1856 278 1885 tuere
302 1852 513 1886 concordiam
538 1853 731 1886 necessario
753 1853 943 1888 faciendum
965 1853 1155 1892 videbatur,
1178 1857 1218 1886 ut
1239 1851 1472 1897 multiplicium
1496 1854 1654 1884 auctores

179 1898 363 1932 sectariive
386 1898 568 1932 factionum
593 1910 660 1932 una
683 1899 917 1941 consulerent,
951 1898 1090 1943 suisque
1120 1898 1244 1942 singuli
1277 1897 1434 1942 allegatis
1455 1896 1588 1930 iuribus
1611 1906 1654 1928 ac

179 1943 272 1977 votis
296 1943 461 1977 communi
494 1955 655 1978 consensu
689 1950 810 1978 cuncta
833 1950 1082 1990 componerent.
1129 1955 1205 1978 nam
1228 1955 1294 1978 non
1318 1943 1441 1988 exigua
1469 1942 1505 1976 in
1538 1941 1653 1987 plero-

182 1999 325 2032 rumque
356 1989 474 2023 animis
507 1991 671 2024 adversus
705 2002 813 2034 nuper
843 1990 960 2024 initam
992 2002 1066 2024 cum
1102 1990 1226 2024 Latina
1257 1989 1404 2024 ecclesia
1433 1988 1654 2032 Romanoque

182 2035 345 2079 pontifice
369 2035 621 2069 conventionem
645 2037 803 2070 fervebat
825 2037 979 2078 offensio,
1002 2037 1129 2070 tertiae
1153 2038 1349 2081 praetextus
1371 2033 1558 2080 plausibilis
1579 2032 1656 2066 coi-

182 2079 296 2120 tionis,
321 2091 361 2113 eo
385 2081 450 2114 iam
473 2081 713 2123 damnosioris,
738 2082 827 2126 quod
852 2083 982 2116 duabus
1004 2083 1130 2116 dudum
1155 2086 1256 2116 antea
1278 2080 1433 2115 conflatis
1455 2078 1655 2114 commissis—

186 2136 254 2170 que
275 2136 315 2158 ac
338 2137 400 2169 per
423 2126 516 2159 acria
540 2139 627 2161 nunc
650 2127 793 2161 maxime
817 2128 955 2162 discidia
977 2128 1211 2172 grassantibus
1243 2127 1279 2161 in
1302 2126 1382 2161 mali
1405 2125 1571 2160 cumulum
1593 2135 1653 2158 su·

183 2175 401 2215 pervenerat.
449 2171 606 2206 Nondum
640 2173 767 2218 quippe
799 2174 976 2207 resederat
1005 2174 1235 2207 oblocutorum
1257 2172 1395 2217 Iosepbi
1426 2176 1547 2206 contra
1569 2170 1654 2211 eius,

183 2227 283 2260 quam
307 2218 488 2257 vocabant,
511 2218 727 2252 intrusionem
751 2219 786 2252 in
807 2219 1093 2263 patriarchatum,
1116 2223 1151 2253 et
1174 2224 1273 2261 acta,
1307 2225 1346 2252 ut
1377 2217 1443 2263 ipsi
1466 2217 1653 2256 iactabant,

183 2261 299 2295 multis
323 2262 508 2295 nominibus
532 2261 727 2307 illegitima,
755 2265 1032 2299 murmurationes
1046 2291 1055 2307 ‚
1089 2266 1208 2299 favore
1231 2264 1470 2309 comprobatae
1493 2261 1654 2306 plurimo-

183 2317 270 2340 rum.
318 2307 457 2351 vigebat
490 2307 569 2341 item
602 2309 652 2342 his
682 2311 795 2343 fronte
827 2311 971 2344 adversa
1003 2315 1199 2355 comparata
1221 2314 1258 2344 et
1279 2308 1507 2352 flagrantibus
1528 2307 1654 2340 infesta

183 2351 303 2396 iurgiis
326 2352 516 2387 Arseniana
546 2354 743 2388 coniuratio.
793 2367 856 2389 nec
878 2356 1124 2401 Iosepbitarum
1157 2361 1270 2390 tamen
1303 2355 1339 2388 in
1363 2352 1567 2387 Arsenianos
1599 2351 1652 2385 in·

183 2398 281 2432 sense
299 2399 500 2432 certantium
523 2410 589 2432 non
612 2400 777 2444 quaedam
809 2401 843 2434 in
866 2401 907 2434 iis
934 2403 1113 2435 concordia
1135 2405 1234 2435 erant
1254 2399 1366 2434 studia
1389 2409 1568 2443 sensaque.
1613 2401 1653 2431 ut

182 2443 272 2477 enim
295 2444 432 2488 utrique
455 2455 531 2477 sese
553 2444 694 2478 invicem
716 2446 939 2480 aemulatione
961 2446 1207 2491 inquietissima
1227 2445 1490 2489 suspectabant‚
1513 2448 1548 2477 et
1570 2454 1653 2476 ure—

182 2489 246 2523 bat
269 2489 468 2534 praesertim
491 2489 685 2534 Iosephitas
707 2491 838 2524 minime
859 2492 927 2525 iam
961 2492 1172 2526 dissimulata
1204 2502 1333 2525 necnon
1366 2500 1519 2533 magnam
1551 2489 1653 2522 rebus

181 2535 331 2580 ipsorum
355 2534 497 2569 securim
520 2535 697 2579 infligens,
730 2536 942 2581 imperatoris
965 2548 1048 2580 erga
1071 2541 1272 2570 venerantes
1295 2535 1430 2569 Arsenii
1460 2534 1652 2568 memoriam

181 2580 413 2624 indulgentia,
449 2592 538 2625 quae
559 2592 603 2615 ne
625 2592 733 2626 usque
755 2582 790 2615 in
813 2582 945 2626 plenam
970 2583 1119 2627 ipsorum
1143 2581 1374 2616 admissionem
1405 2579 1654 2625 comprobatio-

182 2637 326 2671 nemque
369 2626 572 2672 proficeret,
618 2629 845 2670 verebantur,
893 2628 945 2661 ita
980 2628 1133 2672 utrisque
1166 2640 1208 2662 ex
1246 2639 1354 2672 aequo
1386 2637 1504 2671 parum
1539 2626 1653 2671 place-

183 2672 269 2706 bant
291 2683 381 2717 quae
402 2682 507 2707 saeva
529 2672 752 2718 immaniaque
775 2685 795 2706 a
817 2673 914 2707 modo
936 2673 971 2707 in
994 2673 1139 2707 ecclesia
1161 2673 1410 2707 dominantibus
1432 2671 1568 2705 decerni
1591 2682 1654 2715 ge-

183 2718 282 2762 rique
305 2718 510 2758 cernebant3
543 2718 721 2763 palamque
745 2719 864 2753 ambae
886 2723 1004 2763 partes
1026 2719 1207 2752 miseratae
1229 2718 1367 2752 sedibus
1390 2717 1540 2751 deiectos
1562 2717 1654 2751 anti-

183 2763 305 2804 stites,
338 2763 463 2798 iniuste
485 2763 577 2808 ipsos
598 2763 665 2797 sibi
695 2764 804 2799 videri
839 2775 957 2809 passos
979 2764 1062 2798 talia
1085 2765 1335 2809 conspiratione
1356 2774 1423 2797 non
1446 2763 1550 2797 dubia
1572 2774 1655 2808 pro-

187 2807 384 2845 fitebantur.
427 2808 480 2845 his
502 2814 556 2844 tot
578 2815 648 2845 tam
669 2810 775 2846 variis
797 2821 839 2845 ac
860 2810 1024 2857 perplexe
1046 2810 1256 2857 complicatis
1277 2821 1345 2845 una
1365 2808 1493 2844 mederi
1513 2809 1654 2844 studens
