1858 3126
233 150 332 198 694
638 151 952 197 OBSERVAT.
980 153 1289 200 PACHYMER.

234 270 291 302 est
320 263 448 314 lapis,
476 258 663 313 in'qutm
692 275 806 314 saepe
831 261 1040 313 incidunt,
1079 261 1176 301 dum
1198 278 1218 301 e
1248 277 1375 304 manu
1401 269 1607 309 iaciuntur
1636 272 1680 309 in

234 328 382 357 terram
400 319 567 359 semina.
621 325 657 356 et
678 318 879 370 videmus,
908 334 1010 371 quae
1030 318 1088 357 ad
1104 333 1230 358 cornu
1247 335 1326 359 non
1347 323 1602 375 offenderint,
1631 341 1682 364 ac

235 390 283 414 ne
301 388 419 426 opera
439 372 600 440 quidem
616 375 770 413 boum
755 377 808 413 iis
825 375 1000 413 serendis
1026 375 1214 414 adhibita
1231 378 1389 429 suerit,
1418 380 1683 421 nihilominus

212 473 217 479 ⁴
236 431 445 468 incoctilia
463 433 833 472 nasci.caete1um
851 446 899 471 ex
918 432 996 471 hoc
1011 433 1286 484 qualicumque
1306 435 1460 486 vulgari
1479 435 1615 476 dicto'
1603 452 1683 478 iam

237 487 331 525 olim
360 487 531 526 invaluit
559 493 604 526 ut
634 487 811 527 homines
840 488 1077 540 immorigeri
1097 496 1136 527 et
1157 489 1281 528 ductu
1299 490 1428 541 legum
1447 491 1682 533 inflexibiles

235 540 480 610 κερασβόλοι
495 543 689 583 dicantur.
746 546 949 589 Plat01.9
974 546 1023 584 de
1049 546 1230 597 Legibus:
1255 543 1498 617 ἀνεμέσητον
1513 546 1577 615 δή
1605 564 1685 601 φο·

237 601 401 667 βεῖσθαι
425 596 480 652 μή
500 615 560 648 τις
579 599 800 668 ἐγγίγνηται
825 605 906 642 τῶν
932 604 1101 642 πολιτῶν
1125 600 1224 653 ἡμῖν
1245 599 1331 643 οἷον
1355 601 1652 670 κερασβόλος,
1642 621 1685 654 ος

238 652 445 709 α’τεροὲμων
462 656 518 704 εἰς
533 659 725 698 τοσοῦτον
742 654 862 708 φύσει
878 653 1045 723 γίγνοιτ’
1067 655 1117 698 ἂν
1136 655 1234 699 ω’στε
1251 675 1304 711 μη
1326 656 1532 712 τήκεσθαι,
1554 659 1686 702 καθά-

236 727 311 782 περ
332 712 464 752 ἐκεῖνα
484 711 532 752 τοὶ
554 712 753 784 σπέρματα
773 715 891 766 πυρί,
919 712 1058 766 νόμοις
1077 709 1187 755 οὗτοι
1204 716 1342 768 καίπερ
1364 713 1490 764 οὕτως
1512 718 1686 770 ἰσχυροῖς

237 763 354 808 ουσιν
374 765 524 809 α’τικτοι
541 770 764 822 γίγνωνιαι.
819 769 918 809 haec
936 771 994 809 sic
1015 771 1136 809 vertit
1154 772 1363 809 Senanus:
1393 774 1553 810 minime
1577 772 1686 812 indi-

233 823 450 876 gnandum
470 832 549 874 est,
581 828 618 863 si
636 840 843 864 vereamur
871 841 918 864 ne
949 828 1040 878 quis
1068 828 1216 864 civium
1233 829 1292 865 ita
1307 830 1489 879 proiecta
1506 828 1686 868 audacia

235 881 351 919 nobis
373 889 591 930 nascatur,
618 883 682 919 vel
705 897 830 920 cornu
851 881 1130 920 minabundus
1151 891 1267 921 atrox
1289 886 1481 923 nimirum
1505 887 1684 938 etseras,

237 944 285 974 ut
318 939 436 988 quasi
459 938 667 989 legumina
693 946 808 976 coctu
836 938 1066 991 praedura,
1097 941 1159 977 ita
1179 940 1245 977 illi
1265 939 1365 978 adeo
1388 940 1584 980 indomito
1600 944 1685 980 sint

235 1000 273 1030 et
293 995 534 1043 refractario
561 996 740 1046 ingenio,
770 1003 816 1034 ut
831 997 1268 1034 vehementis-simarum
1284 997 1685 1036 robustissimorum-

236 1063 312 1100 que
330 1050 463 1101 legum
481 1052 572 1101 igne
592 1051 788 1103 liquefieri
806 1066 876 1090 nec
887 1051 1123 1104 perdomari
1133 1053 1302 1104 possint.
1358 1052 1413 1092 ita
1437 1053 1518 1093 ille.
1573 1054 1684 1106 atqui

236 1102 480 1158 κερασβόλος
500 1121 580 1144 non
596 1108 701 1146 valet
722 1107 791 1146 hic
809 1123 934 1146 cornu
953 1108 1241 1148 minabundus.
1299 1122 1368 1159 ego
1389 1110 1522 1148 locum
1541 1109 1600 1148 sie
1619 1110 1683 1148 in-

234 1168 496 1213 terpretarer,
534 1162 750 1214 iudicium,
780 1171 870 1203 utra
906 1165 959 1203 sit
987 1165 1126 1203 melior
1151 1165 1301 1214 versio,
1330 1178 1453 1216 aequo
1484 1171 1524 1205 et
1553 1165 1682 1218 perito

236 1217 381 1256 lecto1i
409 1218 652 1268 permittens.
708 1234 778 1258 nec
803 1221 1103 1272 reprehensibile
1117 1222 1255 1271 suerit
1273 1223 1399 1259 vereri
1414 1236 1463 1260 ne
1481 1223 1584 1261 civis
1601 1224 1684 1260 exia-

235 1281 321 1310 stat
337 1274 452 1312 nobis
469 1277 675 1327 quispiam
692 1277 801 1315 velut
820 1291 946 1315 cornu
959 1284 1184 1327 contactus,
1214 1278 1284 1328 qui
1300 1292 1342 1316 eo
1357 1292 1482 1329 usque
1500 1276 1685 1316 indoma-

234 1329 331 1367 bilis
348 1339 556 1396 nascatur,
582 1339 627 1371 ut
643 1334 747 1371 sicut
766 1333 843 1370 illa
866 1333 913 1371 id
920 1344 1051 1385 passa
1073 1334 1275 1385 legumina
1297 1341 1446 1386 negant
1461 1335 1552 1386 igne
1566 1349 1684 1387 posse

234 1386 394 1438 subigi,
423 1389 483 1424 sic
502 1389 573 1426 isti
593 1403 620 1426 a
637 1390 772 1441 legum
787 1392 829 1427 vi
849 1391 1111 1442 quantumvis
1128 1389 1271 1428 aulida
1289 1392 1435 1428 intacti
1451 1389 1684 1441 perdurent.

235 1441 346 1481 hunc
378 1444 510 1482 locum
542 1445 715 1484 Platonis
743 1445 903 1485 videtur
929 1446 1177 1498 potissimum
1195 1446 1239 1484 in
1257 1447 1386 1485 animo
1409 1446 1591 1486 habuisse
1610 1448 1684 1486 Pa.

235 1498 441 1549 chymeres
460 1499 556 1538 haec
574 1502 758 1543 scribens.
816 1503 885 1541 sed
902 1509 1025 1541 totam
1042 1502 1145 1541 hanc
1162 1516 1246 1541 rem
1263 1503 1383 1554 magis
1400 1503 1575 1542 illustrat
1590 1503 1684 1542 Plu-

95 1554 124 1587 P
147 1554 214 1591 489
237 1554 398 1592 tarchus
427 1555 502 1592 hoc
533 1565 802 1607 argumentum
831 1559 940 1610 quasi
970 1573 1020 1597 ex
1048 1560 1226 1611 professo
1246 1559 1468 1598 tractansl.
1491 1563 1518 1601 7
1538 1559 1682 1598 convi-

233 1611 382 1650 valium
406 1624 627 1650 selmonum
648 1620 791 1665 quaest
808 1618 847 1655 2.
904 1629 948 1653 ac
967 1616 1115 1654 sactum
1135 1627 1204 1666 qui
1193 1615 1294 1653 idem
1313 1629 1363 1653 ex
1381 1615 1578 1653 communi
1594 1614 1682 1667 opi·

235 1666 356 1706 :nione
374 1680 514 1706 verum
536 1682 712 1720 ponens,
743 1684 896 1708 caueam
914 1670 997 1710 eius
1017 1671 1328 1710 comminiscitur
1349 1670 1510 1708 minime
1534 1684 1682 1723 super-

235 1724 439 1762 stitiosam.
497 1739 637 1778 nempe
666 1726 721 1764 ait
750 1726 946 1777 legumina
970 1733 1038 1765 aut
1067 1727 1214 1765 semina
1238 1740 1359 1778 quae,
1387 1732 1434 1765 ut
1458 1726 1558 1765 solet
1586 1726 1679 1779 dici,

236 1779 332 1817 dum
361 1779 405 1817 in
433 1787 578 1820 terram
607 1782 808 1821 iaciuntur
834 1783 876 1820 in
906 1796 1053 1822 cornua
1084 1783 1311 1835 impingunt
1330 1783 1450 1821 boum
1470 1782 1682 1834 arantium,

235 1849 318 1874 non
345 1850 395 1875 ex
422 1850 466 1875 eo
493 1845 680 1878 contactu
705 1839 894 1890 qualitate
921 1839 1027 1878 affici
1054 1840 1242 1890 maligna,
1273 1853 1349 1890 qua
1379 1838 1521 1877 deinde
1544 1838 1614 1877 fiat
1634 1845 1683 1878 ut

238 1905 337 1942 quae
364 1893 456 1932 inde
480 1895 786 1944 germinaverint
805 1896 927 1934 durae
943 1902 1128 1934 cocturae
1151 1895 1251 1945 sint,
1280 1895 1348 1934 sed
1368 1895 1476 1947 quod
1493 1907 1535 1933 ea
1552 1894 1683 1933 offen-

237 1948 350 1986 sione
373 1962 602 2001 repercussa
629 1952 708 1990 alio
735 1952 913 1991 resiliant
934 1965 1050 2003 quam
1069 1965 1147 2003 quo
1169 1965 1307 1990 manus
1328 1951 1492 1990 serentis
1509 1950 1682 1990 destina-

237 2003 323 2053 bat,
351 2005 394 2042 in
425 2006 555 2045 sinum
585 2021 723 2060 nempe
752 2008 873 2059 sulci,
902 2008 969 2047 ubi
994 2009 1127 2047 statim
1152 2014 1258 2047 terra
1287 2014 1528 2059 toga-:entur
1569 2020 1682 2046 nunc

240 2072 340 2098 vero
370 2061 412 2098 in
441 2063 570 2128 campi
597 2064 841 2129 superficiem
863 2071 1009 2104 temere
1030 2063 1172 2114 effusa,
1200 2064 1254 2103 ibi
1277 2065 1454 2116 exposita
1475 2063 1614 2115 frigori
1633 2077 1682 2102 ac

239 2115 403 2165 leliquis
434 2119 532 2157 aeris
560 2119 713 2159 iniu1iis
741 2122 1037 2173 lelinquantur,
1065 2122 1171 2159 unde
1199 2134 1282 2159 non
1304 2120 1383 2159 nisi
1404 2133 1490 2158 sero
1509 2126 1547 2158 et
1566 2132 1680 2171 aegre

238 2171 442 2221 pullulent
469 2175 658 2225 sequimis
685 2177 802 2216 etiam
831 2184 993 2217 naturae
1021 2178 1176 2216 fructus
1204 2191 1251 2215 ac
1272 2182 1523 2214 contumaces
1544 2175 1595 2214 ad
1613 2189 1681 2214 co-

241 2232 408 2266 etur.a1n
466 2230 514 2268 de
543 2238 694 2271 caetero
721 2233 824 2272 idem
854 2233 1031 2284 agnoscit
1056 2234 1238 2272 usitatam
1266 2233 1358 2271 inde
1385 2230 1681 2271 translationem

237 2282 290 2319 ad
327 2286 539 2334 plaefracti
574 2287 754 2328 homines
774 2290 932 2347 ingenii
965 2285 1218 2355 κερασβόλων
1250 2288 1372 2327 verbo
1406 2286 1677 2337 designandos,

237 2338 362 2389 δῆλον
390 2338 484 2393 γάρ,
521 2342 725 2394 mquiens,
760 2348 814 2395 ἠν
843 2343 904 2387 ότι
927 2349 1008 2386 τῶν
1033 2341 1278 2414 σπερμάτων
1304 2341 1353 2383 τοὶ
1382 2342 1677 2394 προσπίπτοντα

237 2398 323 2441 τοῖς
346 2410 425 2435 των
451 2398 561 2448 βοων
580 2399 740 2464 κέρασιν
760 2398 983 2453 ἀτεράμονα
998 2398 1069 2442 τόν
1085 2416 1238 2453 καρπον
1256 2394 1420 2450 ἐκφυειν
1441 2398 1677 2464 νομίζοντες,

240 2464 369 2498 ουτως
393 2451 464 2492 τόν
493 2450 658 2520 αυθάδη
678 2471 743 2496 και
761 2455 929 2522 σκληρὸν
954 2454 1172 2507 ἄνθρωπον
1192 2456 1234 2496 ἐκ
1250 2457 1475 2506 μεταφορᾶς
1489 2449 1679 2506 κδρασβθ·

238 2509 310 2546 λον
331 2505 400 2547 καὶ
425 2503 647 2560 ἀτεράμονα
674 2508 978 2564 προσηγόρευον.
1034 2513 1158 2563 liquet
1183 2514 1306 2558 enim,
1335 2509 1386 2547 ab
1416 2509 1678 2560 opinantibus

238 2576 286 2600 ea
305 2565 456 2601 semina
476 2578 580 2616 quae
599 2567 642 2603 in
660 2566 780 2604 boum
797 2581 948 2604 cornua
967 2567 1190 2604 inciderunt
1198 2568 1390 2616 fructum
1405 2564 1513 2602 edere
1529 2563 1680 2603 durum

239 2625 277 2655 et
312 2627 426 2658 coctu
459 2620 689 2673 difficilem,
715 2623 855 2672 fuisse
886 2621 979 2660 inde
1009 2623 1205 2660 vocabulo
1242 2621 1442 2659 translato
1478 2622 1679 2660 hominem

235 2677 514 2724 praefractum
550 2685 588 2715 et
622 2685 891 2716 contumacem
927 2685 1161 2716 ateramum
1188 2685 1224 2716 et
1251 2677 1483 2715 kerasbolon
1510 2676 1678 2718 dictum.

238 2730 294 2768 ita
320 2732 568 2775 Plutarchus.
621 2734 714 2773 vide
744 2734 860 2773 etiam
878 2733 978 2772 haec
1001 2734 1134 2772 eadem
1156 2733 1432 2773 confirmantes
1448 2733 1622 2774 Plinium
1639 2739 1680 2772 et

236 2787 419 2829 Suidam:
449 2803 540 2830 nam
558 2789 672 2829 nobis
690 2789 1001 2831 testimoniorum
1019 2789 1174 2830 abunde
1190 2790 1268 2829 iam
1283 2796 1353 2831 est.
