1858 3126
330 113 428 162 646
746 113 979 158 GEORGII
1010 114 1355 162 PACHYMERIS

329 222 440 275 τάξω
469 219 625 266 διδόναι
652 222 701 266 τὸ
727 221 851 278 ἥμισυ
878 229 952 280 τῆς
978 222 1113 283 ῥόγας.
1181 229 1249 270 καὶ
1269 226 1291 271 ὅ
1316 230 1506 282 βασιλεὺς
1523 230 1656 287 ὀλίγον
1677 230 1777 276 εἶναι

330 292 533 346 διέκρινεν.
603 289 708 333 ἀλλὰ
740 293 783 334 τί
802 291 877 336 κᾶν
911 298 1032 336 τοῦτο
1058 295 1233 350 γίνεται;
1267 294 1293 351 ἢ
1323 296 1366 339 ἓν
1385 294 1491 356 λόγῳ
1506 301 1588 342 τινί
1609 299 1774 356 ἕσμενῆ

335 360 379 401 ἐν
410 363 539 415 τιμῇ,·
574 356 727 414 ὁπόσην
754 361 799 403 δὲ
831 359 1108 404 κακοπάθειαν
1138 361 1302 417 ἔχομεν,
1349 362 1372 407 ὅ
1402 364 1503 415 θεὸς
1529 366 1776 424 μαρτυρήσει

333 428 402 468 καὶ
433 427 472 469 οἱ
500 427 700 477 ἐλεοῦντες
727 425 846 482 ἡμᾶς.
927 427 1012 472 εἶτα
1040 431 1082 472 τί
1106 429 1216 481 ἔδοξε
1245 435 1296 488 τῇ
1335 429 1539 490 ἁγιωσύνῃ
1567 449 1642 477 σου
1668 433 1777 491 ἡμᾶς

328 494 660 548 ἐπισκέψασθαι,
694 497 761 538 καὶ
788 501 910 539 τοῦτο
941 498 1044 549 μετιὶ
1076 500 1262 554 πικρίας,·
1310 498 1588 554 ὀνειδιζόμεθα
1616 501 1693 557 γὰρ
1722 501 1810 553 ὥςό

283 570 315 605 c
337 567 697 618 καιροσκοποῦντες
719 565 940 620 Μαρτιόυς
967 567 1033 607 καὶ
1064 567 1378 622 Σεπτεμβρίους.
1448 570 1514 610 καὶ
1543 569 1604 610 ἐπὶ
1621 567 1780 620 τούτοις

331 629 359 685 ἡ
381 630 663 687 θρυλλουμένη
686 629 797 681 δόσις
815 633 866 674 τὰ
883 630 926 683 ’ἐξ
943 631 1156 690 ὖπὲρπυρα
1177 634 1202 688 ἢ
1222 637 1289 676 καὶ
1307 632 1425 678 (inni.
1476 636 1523 677 αἲ
1537 636 1594 688 αἶ’,
1630 637 1780 680 δέσπο-

331 715 387 741 τα
400 730 413 750 ,
438 699 481 740 τί
500 698 602 754 πρὸς
625 703 754 741 ταῦτα
787 702 1002 743 διανοεῖται
1029 700 1052 755 ἧ
1087 699 1290 757 ἆγιωσύνη
1322 719 1425 756 σους
1466 707 1613 757 θαῦμα
1628 704 1688 758 μὰ
1704 704 1780 759 τὴν

333 763 533 820 ἀλήθειαν
542 798 555 819 ,
601 765 699 822 ὅπερ
728 769 782 817 εἰς
810 766 919 821 ἡμᾶς
947 767 1194 825 διαπράττει.
1265 769 1331 813 ὅτε
1366 770 1504 827 καιρὸς
1533 769 1705 824 δόσεως,
1750 770 1777 827 ἦ

336 831 490 889 ἀνάγκη
526 838 607 877 τῶν
637 833 909 890 πραγμάτων,
953 835 979 890 ἦ
1006 839 1078 891 βία
1111 839 1177 879 καὶ
1209 837 1255 880 τὸ
1286 839 1475 894 δυσχερὲς
1508 843 1582 881 τοῦ
1619 843 1775 896 καιροῦ.
1789 852 1835 888 10

333 902 608 956 καμνέτωσαν,
645 905 1026 959 ταλαιπωρείτωσαν
1040 916 1051 926 ·
1074 905 1185 960 κοινὴ
1206 905 1284 961 γὰρ
1307 904 1331 960 ἦ
1357 906 1579 963 δυσχέρεια.
1649 906 1715 950 ὅτε
1735 908 1781 951 δέ

335 969 474 1026 καιρὸς
494 971 690 1022 δουλείας,
727 970 910 1022 ἀπαιτεῖς
929 970 1039 1026 ἡμᾶς
1061 972 1190 1023 οὕτως
1213 974 1396 1016 δουλείαν
1416 973 1551 1030 ὥσπερ
1572 975 1607 1017 εἶ
1624 974 1779 1030 εἴχομεν

336 1037 485 1086 ἱκανῶς
518 1042 600 1080 τῶν
634 1040 869 1093 οἷκονομιῶν
899 1038 1027 1094 ἡμῶν.
1106 1040 1205 1083 ὅταν
1237 1042 1281 1083 δὲ
1306 1039 1599 1096 ἀπαντήσωμεν
1621 1044 1676 1092 εἷς
1707 1042 1779 1086 τὸν

337 1104 436 1148 ναὸν
456 1109 530 1148 τοῦ
550 1110 665 1159 θεοῦ,
700 1112 863 1162 πρῶτον
882 1107 1039 1160 ἀμειδές
1058 1103 1165 1162 ἦθος
1185 1110 1251 1150 καὶ
1271 1107 1551 1165 ἀπροσήγορον
1568 1107 1780 1164 λαμβάνο-

284 1172 317 1207 Ῑ)
337 1189 424 1227 μεν.
492 1172 592 1223 τέως
610 1175 654 1216 δὲ
677 1174 771 1230 εὐχὴ
793 1175 991 1230 ἀνεθῆναι
1014 1180 1096 1218 τῶν
1118 1178 1323 1231 δυσχερῶν
1342 1179 1408 1219 καὶ
1429 1177 1500 1220 τὸν
1517 1175 1631 1233 ἅγιον
1655 1182 1779 1231 βασι·
1790 1192 1834 1227 15

333 1240 405 1283 λεόι
422 1238 550 1295 ἡμῶν.
622 1244 689 1284 καὶ
709 1241 799 1286 τότε
826 1242 1179 1298 ἀναδραμούμεθα
1196 1245 1298 1300 πρὸς
1326 1244 1372 1287 τὸ
1391 1249 1506 1287 θεΐον
1536 1242 1685 1300 κράτος
1701 1244 1780 1288 αὖ-

332 1312 431 1361 τοῦ,
461 1311 527 1352 καὶ
543 1308 640 1366 ὅπερ
663 1309 713 1353 ἂν
733 1308 854 1368 νεύσῃ
875 1309 902 1366 ἢ
922 1309 1015 1366 ἁγία
1035 1311 1148 1366 ψυχὴ
1167 1316 1240 1367 τῆς
1259 1313 1466 1365 βασιλείας
1479 1311 1622 1365 αὐτοῦ,
1655 1317 1779 1356 τοῦτο

334 1378 402 1418 καὶ
425 1374 652 1432 γενήσεται’
689 1379 724 1420 εἴ
747 1379 791 1421 δὲ
811 1380 879 1421 καὶ
905 1378 1035 1429 οὕτως
1060 1377 1180 1437 ὁρίσῃ
1205 1378 1406 1423 δουλεύειν
1427 1378 1557 1435 ἡμᾶς,
1594 1380 1635 1424 οἱ
1650 1385 1791 1424 κατα-’

337 1443 544 1497 δεξάμενοι
571 1445 931 1501 προσκυνήσουσιν.
1002 1446 1116 1502 ἡμεῖς
1149 1447 1194 1490 δὲ
1227 1447 1348 1490 πλέον
1382 1447 1456 1491 οὐκ
1485 1447 1625 1502 ἔχομεν
1654 1447 1778 1504 λέγειν

336 1511 440 1566 πρὸς
459 1511 531 1566 τὴν
564 1513 639 1567 σὴν
668 1512 881 1569 ἇγιότητα,
920 1516 954 1557 εἲ
979 1515 1038 1571 μὴ
1060 1514 1123 1558 ὅτι
1153 1515 1195 1558 ἓν
1217 1519 1269 1572 τῇ
1288 1516 1475 1576 ἐκκλησίᾳ
1493 1519 1567 1558 τοῦ
1588 1519 1691 1558 θεοῦ
1711 1516 1834 1564 araizo

336 1609 447 1639 tamen
469 1606 671 1652 praecepisti
694 1607 768 1642 dari
802 1609 898 1642 nobis
922 1608 1091 1643 dimidium
1118 1609 1298 1653 pensionis.
1345 1609 1436 1654 quod
1454 1609 1640 1655 imperator
1684 1621 1779 1645 arum

336 1662 412 1685 esse
436 1652 616 1694 iudicavit,
639 1654 757 1687 merito
780 1665 878 1688 sane:
910 1665 974 1688 non
1007 1655 1092 1688 enim
1118 1665 1181 1698 per
1203 1655 1266 1688 hoc
1287 1659 1355 1688 tam
1379 1654 1533 1699 exiguum
1554 1655 1588 1688 in
1610 1666 1663 1689 me
1675 1655 1777 1690 ‘orem

335 1697 456 1742 reponi
479 1697 697 1732 conditionem
720 1710 915 1744 possumus,
938 1703 998 1733 aut
1020 1699 1141 1743 gradui
1165 1700 1415 1733 convenientem
1435 1705 1552 1734 nostro
1574 1711 1779 1745 recuperare

335 1742 555 1786 dignitatem;
589 1743 667 1789 quin
698 1755 762 1777 nec
793 1755 814 1778 a
846 1746 968 1789 probro
1011 1745 1045 1778 in
1083 1756 1150 1790 quo
1185 1755 1297 1779 sumus
1336 1757 1378 1779 ac
1411 1745 1572 1791 despectu
1600 1745 1778 1781 vindicari.

335 1792 462 1833 quanta
485 1793 593 1822 autem
627 1800 670 1823 ex
690 1789 802 1834 inopia
830 1795 979 1823 extrema
1002 1790 1184 1835 patiamur,
1214 1790 1334 1824 testari
1356 1790 1462 1832 deus,
1491 1791 1549 1836 qui
1572 1790 1688 1832 novit,
1710 1802 1778 1836 po·-

337 1834 438 1875 terit‚
463 1839 499 1867 et
520 1834 654 1879 quidam
676 1835 860 1874 hominum,
887 1835 1008 1880 quibus
1034 1836 1173 1878 contigit
1188 1839 1321 1870 nostras
1343 1847 1519 1870 aerumnas
1540 1835 1775 1881 introspicere,

336 1890 403 1912 non
433 1879 506 1913 sine
536 1879 607 1913 acri
642 1880 864 1914 miserationis
894 1892 1004 1915 sensu.
1049 1881 1170 1914 deinde
1200 1881 1279 1925 quid
1313 1881 1362 1916 ita
1385 1881 1493 1915 visum
1515 1886 1569 1916 est
1601 1881 1776 1916 sanctitati

336 1927 416 1958 tuae
438 1924 700 1958 animadvertere
722 1926 756 1959 in
781 1937 861 1967 nos,
891 1926 993 1971 idque
1013 1937 1086 1960 cum
1115 1926 1312 1960 acerbitate.
1358 1927 1584 1971 exprobratur
1605 1926 1691 1960 enim
1713 1938 1776 1961 no-

335 1969 390 2002 bis
412 1971 508 2014 quasi
533 1970 628 2004 avide
649 1974 862 2016 expectemus
884 1971 1029 2005 Martios
1052 1975 1086 2004 et
1109 1972 1335 2017 Septembres.
1383 1978 1418 2006 et
1448 1983 1549 2018 super
1578 1972 1630 2006 his
1653 1971 1778 2006 demu-

336 2018 411 2048 tata
432 2015 586 2058 largitio=
617 2026 676 2049 sex
697 2017 924 2061 Hyperpyra‚
957 2017 1013 2050 vel
1042 2017 1142 2051 etiam
1173 2021 1261 2051 octo.
1308 2018 1372 2051 heu
1395 2017 1481 2059 heu,
1511 2017 1666 2058 domine,
1696 2016 1776 2061 quid

337 2070 438 2103 super
462 2061 514 2094 his
536 2061 663 2104 cogitat
684 2062 846 2095 sanctitas
868 2062 957 2095 tua?
978 2061 1094 2095 mirum
1117 2066 1182 2104 est,
1205 2073 1267 2108 per
1289 2063 1476 2103 veritatem,
1499 2063 1588 2107 quod
1611 2073 1694 2106 erga
1715 2071 1777 2096 nos

337 2105 423 2147 agit.
471 2106 547 2139 dum
570 2106 662 2140 venit
685 2111 815 2151 tempus
839 2112 949 2141 statae
972 2107 1181 2151 largitionis,
1204 2108 1367 2152 allegatur
1389 2113 1448 2141 aut
1470 2107 1651 2141 necessitas
1673 2118 1776 2151 nego-

339 2151 460 2183 tiorum
484 2155 542 2184 aut
565 2151 619 2185 vis
643 2156 702 2186 aut
724 2152 904 2186 difficultas
927 2153 1097 2196 temporis.
1142 2157 1211 2186 tum
1235 2154 1391 2195 additur,
1424 2157 1566 2197 pergant
1587 2163 1670 2196 ergo
1692 2162 1775 2184 con-

338 2194 477 2236 flictari,
500 2197 683 2240 perdurent
704 2197 739 2230 in
761 2197 914 2231 miseria:
939 2199 1101 2231 communi
1123 2198 1249 2243 quippe
1270 2210 1384 2232 omnes
1406 2209 1563 2232 aerumna
1583 2195 1774 2241 premimur.

337 2241 470 2282 quando
501 2247 611 2275 autem
641 2242 740 2276 adest
771 2243 854 2276 hora
883 2243 1077 2284 ministerii,
1108 2248 1190 2276 tunc
1217 2243 1268 2277 ita
1300 2243 1470 2277 servitium
1494 2254 1515 2276 ιι
1538 2241 1633 2275 nobis
1654 2240 1774 2283 exigis,

336 2285 432 2327 quasi
456 2285 526 2318 eius
549 2291 800 2321 auctoramenta
829 2291 864 2321 et
894 2289 1030 2322 idoneas
1063 2288 1254 2332 mercedes,
1284 2289 1397 2322 solitas
1421 2287 1550 2322 scilicet
1580 2285 1655 2319 oiim
1677 2285 1774 2319 nobis

338 2329 582 2365 subministrari
613 2333 811 2375 pensiones,
844 2344 930 2366 nunc
963 2333 1178 2367 cummaxime
1213 2334 1420 2367 haberemus.
1475 2342 1547 2364 cum
1580 2336 1692 2363 autem
1714 2341 1775 2364 oc-

339 2373 501 2408 currimus
523 2376 558 2408 in
581 2387 708 2410 sacram
731 2378 847 2411 aedem
882 2378 1020 2422 primum
1050 2384 1146 2411 torvo
1175 2379 1290 2419 vultu,
1312 2379 1429 2411 obtutu
1453 2375 1639 2408 truculento
1661 2375 1776 2419 despi-

338 2418 457 2452 cimur.
500 2421 558 2453 sed
582 2427 617 2453 et
639 2423 813 2464 praeclare
850 2434 962 2456 secum
985 2423 1039 2466 agi
1061 2423 1210 2456 dominus
1240 2424 1315 2467 ipse
1348 2428 1463 2455 noster
1486 2423 1654 2464 Augustus
1675 2427 1775 2464 puta-

337 2464 444 2507 verit,
467 2464 498 2498 si
521 2464 552 2498 ei
575 2467 685 2499 fronte
706 2467 795 2499 forte
818 2467 997 2500 amoeniori
1020 2467 1128 2510 excipi
1152 2467 1333 2510 contingat.
1379 2471 1415 2498 at
1436 2476 1593 2498 vovemus
1615 2475 1676 2498 nos
1698 2465 1775 2510 qui-

337 2507 414 2543 dem
436 2520 476 2543 ac
502 2521 676 2555 precamur
696 2511 833 2544 liberari
855 2523 928 2544 eum
951 2516 1008 2544 aut
1029 2512 1145 2544 saltem
1169 2512 1273 2545 levari
1295 2511 1414 2554 quibus
1436 2521 1522 2543 nunc
1538 2510 1699 2554 premitur
1719 2509 1775 2543 in-

339 2554 526 2588 commodis.
571 2557 650 2588 tunc
683 2555 767 2588 enim
799 2566 1008 2589 recurremus
1035 2556 1156 2589 iterum
1176 2557 1218 2589 ad
1240 2566 1368 2590 sacram
1392 2555 1462 2589 eius
1486 2556 1713 2596 maiestatem,
1735 2558 1774 2588 et

338 2600 502 2645 quidquid
523 2598 670 2633 innuerit
693 2599 800 2634 anima
822 2601 895 2634 eius
917 2605 1044 2640 sancta,
1065 2600 1146 2633 illud
1168 2600 1239 2634 fiet.
1284 2601 1337 2634 vel
1353 2600 1381 2634 si
1405 2604 1469 2634 tam
1489 2601 1574 2635 dura
1595 2604 1635 2633 ut
1657 2599 1773 2633 hacte-

338 2656 401 2678 nus
422 2644 549 2679 servire
576 2645 611 2679 in
644 2649 812 2689 posterum
845 2656 977 2689 quoque
1012 2655 1071 2678 nos
1095 2645 1282 2679 conditione
1305 2645 1518 2686 decreverit,
1553 2644 1612 2690 qui
1634 2644 1698 2678 hoc
1722 2643 1774 2678 ita

335 2691 578 2735 praescriptum
601 2690 798 2731 admittent,
829 2689 966 2734 insuper
997 2690 1094 2723 etiam
1124 2690 1322 2724 adorabunt.
1367 2691 1409 2724 de
1430 2691 1558 2735 reliquo
1581 2701 1645 2724 non
1669 2689 1774 2722 habe-

336 2746 409 2769 mus
431 2747 519 2770 nunc
550 2733 634 2781 qnid
662 2735 802 2781 amplius
835 2734 984 2770 dicamus
1011 2733 1182 2770 sanctitati
1209 2742 1289 2771 tuae
1302 2760 1314 2780 ,
1345 2735 1408 2770 nisi
1429 2739 1465 2770 et
1494 2735 1530 2770 in
1551 2734 1607 2770 dei
1628 2733 1772 2769 ecclesis
