1858 3126
284 199 380 248 548
695 197 927 242 GEORGII
959 198 1307 244 PACHYMERJS

282 316 544 366 ἐξαπατῶντα
565 312 631 354 καὶ
649 315 818 362 πειθοῦς
838 308 1030 368 ἀνάγκαις
1054 313 1401 369 δουλαγωγεῒσθαι
1415 313 1486 358 τὸν
1507 312 1718 365 ἐξαπατώ-

282 399 425 439 μενον,
462 381 569 423 οῧτω
601 381 667 422 καὶ
693 380 738 423 τὸ
766 378 842 437 ὑφ’
869 378 1027 430 ἑαυτοῖς
1052 385 1316 435 πολεμεῖσθαι
1342 378 1458 424 πόλιν
1478 380 1714 439 δεινότερον,

283 450 340 500 ὥς
369 448 481 499 ἐντὸς
504 452 586 491 τῶν
616 445 933 502 ὑπεκκαυμάτων
967 447 1118 501 ὄντων,
1163 449 1219 498 εἲς
1243 448 1379 502 βιαίας
1405 449 1546 502 ἕτοιμα
1575 452 1718 500 κακίας

282 519 449 573 ἄναψιν.
520 515 588 559 διὰ
620 521 751 559 ταῦτα
777 518 842 558 καὶ
871 518 962 571 περὶ
986 518 1166 566 πλείονος
1188 518 1356 560 ἐποιεῖτο
1385 516 1432 560 τὸ
1462 521 1536 571 τῆς
1563 515 1718 568 πόλεως

281 586 577 636 ἀστασίαστον,
612 586 679 626 καὶ
703 588 859 638 μᾶλλον
889 585 930 627 ἓν
961 582 1135 642 τοιούτῳ
1157 589 1284 643 καιρῷ
1308 583 1412 627 καθ’
1436 582 1482 627 ὃν
1502 588 1583 627 τῶν
1603 585 1749 637 ἓκτός5

281 653 597 710 ἀνεγηγερμίνων
619 653 660 702 ἐξ
676 651 893 708 ἀναγκαίου
914 654 979 694 καὶ
1000 653 1044 695 τὸ
1069 652 1180 701 ἐντὸς
1196 653 1575 709 συγκραδαίνεσθαι.
1613 652 1717 696 ὥστε

229 732 261 766 D
285 725 352 767 καὶ
370 721 552 778 δρᾶσθαι
568 724 676 776 σφᾶς
697 720 1030 776 ἀνεγηγερμένους
1047 724 1207 775 πρῶτον
1226 721 1299 773 μέν
1317 724 1397 763 τῶν
1415 718 1717 774 ξυμβαινόντων

275 789 394 847 χάριν
415 790 458 832 ἐκ
477 793 551 843 τῆς
568 785 819 838 στασιώδους
839 793 1018 844 ταραχῆς
1038 789 1199 843 ἐκείνης,
1227 786 1282 838 ὥς
1299 788 1715 844 παρακινησειομένων

278 861 323 902 ἐκ
342 863 417 912 τῆς
436 855 639 911 τυχούσης
658 853 915 913 προφάσεως,
950 856 1241 912 στρατιωτικὰς
1261 857 1391 912 εἰσῆγε
1408 854 1596 910 δυνάμεις
1617 856 1713 899 κατ’

276 923 568 981 ἀναχαιτισμὸν
586 928 669 967 τῶν
689 923 1031 980 προσδοκωμένων
1048 922 1256 981 θορύβων.
1324 922 1416 967 τότε
1432 924 1504 979 τὴν
1521 925 1719 968 ἐνταυθοῖ
1727 937 1770 972 lo

277 998 395 1052 σφῶν
414 993 608 1047 ἀσχολίαν
624 993 809 1048 περιττὸν
829 992 962 1042 ἄλλως
978 994 1122 1048 κρίνων
1141 994 1207 1034 καὶ
1227 995 1308 1035 τῶν
1325 991 1551 1048 ἀναγκαίων
1568 989 1717 1049 ὑπερό-

277 1080 378 1119 ριον,
415 1061 548 1109 ἄλλως
566 1060 747 1116 ἐγνωκὼς
773 1060 1086 1116 ἀσφαλίσασθαι
1105 1060 1179 1114 τὴν
1201 1057 1406 1113 ὁμόνοιαν,
1439 1061 1505 1102 καὶ
1527 1060 1569 1110 ἐξ
1589 1059 1719 1115 αὐτῆς

275 1130 374 1180 τοὺς
389 1128 708 1182 συνειλεγμένους
726 1129 912 1171 ἐπέταττε
925 1135 1061 1183 χεῖρας
1080 1128 1336 1177 ἐπιτιθέντας
1354 1134 1438 1177 τοῖς
1456 1128 1576 1183 ἱεροῖς
1593 1127 1714 1184 chay-

276 1199 421 1255 γελίοις
452 1193 610 1250 ὀμνύειν
636 1191 662 1250 ἦ
689 1196 770 1251 μὴν
790 1198 921 1238 πίστιν
940 1197 1012 1250 μὲν
1033 1194 1249 1252 φυλάττειν
1270 1196 1326 1245 εἷς
1341 1199 1542 1248 βασιλεῖς,
1578 1193 1712 1238 πάντα

225 1274 257 1308 Ε
282 1268 325 1309 δὲ
345 1265 545 1320 διχονοίας
563 1261 714 1319 τρόπον
733 1266 800 1306 καὶ
823 1254 1002 1313 στάσεως
1020 1261 1120 1318 μήτ’
1143 1263 1294 1313 αὐτοὺς
1315 1262 1505 1320 ἐνεργεῖν,
1542 1265 1608 1305 καὶ
1627 1270 1710 1314 τοῖς
1724 1279 1766 1316 15

275 1334 436 1386 ἄλλοις,
473 1332 514 1374 εἷ’
530 1349 608 1374 που
633 1334 697 1374 καὶ
719 1336 957 1388 θορυβοΐεν,
995 1332 1134 1383 δυσίν,
1171 1329 1194 1374 ὃ
1215 1331 1404 1387 λε’γεται,.
1418 1332 1555 1386 χερσὶν
1579 1330 1713 1374 ἀντω-

275 1407 380 1446 θεῒν.
450 1400 520 1443 καί
542 1417 585 1456 γε
614 1399 692 1442 ἀνὰ
722 1400 796 1454 τὴν
822 1397 938 1442 πόλιν
965 1403 1100 1442 πᾶσαν
1136 1397 1314 1454 [ἀνάγκη
1336 1395 1384 1453 ἦν
1401 1398 1498 1448 τούς
1518 1415 1712 1456 παρευρι-

275 1469 516 1525 σκομὲνους]
545 1466 644 1518 εἶδες
666 1466 716 1510 ἂν
734 1466 1057 1524 παρερχομένους
1071 1464 1319 1521 βασιλικούς,
1356 1468 1423 1510 καὶ
1442 1466 1540 1517 τούς
1558 1484 1712 1524 παρευ-

362 1566 397 1599 2.
419 1560 576 1608 ἓαυτῆςῖ
711 1563 744 1599 7.
765 1559 892 1608 ὄρῶνῖ
1026 1564 1079 1598 12.
1102 1560 1304 1608 ἐγνωκότας
1324 1563 1575 1609 σφαλίσασθαι
1594 1563 1636 1598 Ρ.

273 1647 444 1690 ceptorem
473 1644 511 1675 et
539 1643 679 1686 propter
709 1641 883 1675 obnoxiam
908 1640 1041 1687 decepti
1069 1642 1263 1676 facilitatem
1285 1642 1328 1676 ad
1351 1641 1627 1677 succumbendum
1654 1640 1710 1676 in-

274 1687 532 1734 suspicabilibus
553 1685 637 1720 adeo
658 1685 731 1720 cari
751 1697 793 1720 ac
815 1686 984 1720 coniuncti
1007 1686 1194 1732 deceptoris
1217 1687 1410 1728 fraudibus,
1431 1687 1480 1721 ita.
1502 1687 1583 1721 belli
1603 1698 1708 1732 supra

275 1734 386 1769 omnia
416 1731 686 1778 capitalissimum
716 1742 822 1775 genus
852 1735 922 1773 est,
956 1743 1022 1776 quo
1045 1732 1136 1766 cives
1158 1732 1250 1766 urbis
1273 1732 1368 1767 unius
1389 1731 1534 1766 invicem
1556 1732 1709 1766 commit-

274 1783 412 1821 tuntur,
435 1777 524 1823 quod
545 1776 574 1810 is
597 1776 817 1810 exardescens
839 1777 934 1811 furor
954 1778 1046 1811 faces
1072 1778 1218 1822 applicet
1238 1782 1357 1823 parato
1379 1777 1470 1812 intus
1491 1780 1527 1811 et
1548 1781 1708 1822 congesto

273 1825 403 1868 fomiti,
434 1823 523 1857 unde
553 1822 740 1856 incendium
772 1826 924 1868 erumpat
954 1822 1111 1856 universa
1132 1829 1413 1868 consumpturum.
1458 1823 1541 1857 haec
1561 1833 1635 1857 cum
1657 1822 1708 1858 ita

273 1871 363 1912 sint,
393 1881 477 1915 prae
505 1868 656 1902 omnibus
686 1879 809 1911 cupere
831 1879 870 1902 se
895 1879 936 1901 ac
958 1872 1126 1913 tamquam
1158 1869 1351 1914 optabilium
1379 1868 1556 1903 maximum
1578 1879 1705 1903 summo

271 1916 383 1951 studio
406 1924 570 1960 quaerere
589 1913 803 1959 tranquillum
825 1913 972 1948 civitatis
995 1914 1169 1948 concordis
1191 1920 1326 1948 statum.
1372 1913 1481 1960 qualis
1501 1925 1576 1948 cum
1593 1913 1709 1959 expeti

271 1971 404 2007 semper
433 1960 576 2001 debent,
611 1959 675 1993 hoc
705 1958 900 2003 praesertim
929 1959 1069 1994 maxime
1098 1960 1322 1994 necessarium
1351 1962 1516 2005 appareat
1544 1964 1707 2005 tempore,

272 2019 339 2052 quo
372 2007 474 2040 rebus
505 2004 650 2039 exterius
679 2004 824 2038 turbatis
846 2004 1038 2038 inevitabile
1061 2005 1105 2038 sit
1126 2017 1191 2039 non
1213 2006 1328 2039 urbem
1350 2005 1478 2050 pariter
1498 2005 1606 2049 ipsam
1627 2004 1706 2050 ipso

271 2052 395 2086 circum
417 2050 565 2096 undique
587 2050 802 2084 titubantium
822 2050 992 2094 regionum
1013 2055 1103 2084 motu
1125 2063 1165 2085 ac
1187 2051 1331 2096 strepitu
1352 2050 1502 2093 concuti3
1525 2050 1580 2084 cni
1597 2050 1628 2084 si
1643 2061 1706 2084 ex-

272 2100 389 2130 ternae
410 2095 621 2141 impressioni
644 2096 801 2130 tumultus
821 2095 961 2130 interior
983 2096 1142 2140 accedat,
1174 2097 1283 2142 palam
1313 2097 1359 2131 sit
1387 2100 1508 2131 cuncta
1539 2095 1574 2130 in
1604 2107 1708 2141 prae-

273 2153 353 2186 ceps
373 2141 638 2175 irrevocabiliter
658 2142 805 2186 lapsura.
851 2146 917 2175 tam
940 2141 1066 2176 lubrico
1088 2145 1124 2176 et
1147 2142 1286 2188 ancipiti
1307 2146 1489 2184 momento,
1510 2152 1549 2174 se
1567 2152 1630 2185 pro
1651 2141 1706 2175 vi-

272 2187 398 2231 gilandi
430 2186 543 2220 officio
575 2187 610 2220 in
639 2187 817 2221 communis
840 2187 956 2221 salutis
978 2187 1163 2222 custodiam
1185 2188 1364 2228 intentum,
1397 2198 1473 2221 cum
1493 2186 1708 2221 animadver-

270 2232 368 2266 tisset
396 2231 578 2276 inquietum
608 2233 821 2277 quorumdam
853 2238 980 2266 aestum
1007 2233 1040 2267 in
1068 2233 1211 2278 impetus
1238 2244 1385 2268 summae
1408 2237 1518 2266 rerum
1541 2231 1705 2273 exitiales,

272 2277 354 2322 quin
377 2277 442 2310 levi
466 2282 644 2322 praetextu
666 2283 877 2323 erumperet,
909 2278 968 2311 vix
990 2290 1066 2313 sese
1088 2290 1186 2323 posse
1209 2279 1399 2320 continere,
1430 2276 1620 2311 necessario
1639 2276 1704 2310 ad-

271 2333 410 2356 vocasse
433 2333 516 2366 quas
542 2327 718 2356 cernerent
739 2323 900 2357 militares
921 2324 1010 2357 intra
1035 2325 1148 2358 urbem
1172 2324 1306 2370 copias,
1338 2322 1434 2357 bonis
1456 2319 1623 2366 praesidio
1645 2321 1704 2354 fu-

270 2370 375 2406 turas,
400 2367 528 2401 levibus
552 2379 592 2401 ac
615 2380 729 2413 parum
753 2368 844 2402 sanis
865 2368 1033 2403 licentiam
1055 2380 1130 2403 sese
1154 2381 1219 2404 una
1238 2369 1332 2403 simul
1353 2378 1426 2401 cum
1449 2366 1599 2400 omnibus
1621 2377 1703 2410 per-

271 2412 371 2447 dendi
402 2413 625 2446 fraenaturas.
671 2413 750 2446 boni
780 2414 990 2447 consulerent
1018 2415 1106 2458 quod
1142 2419 1233 2448 esset
1255 2414 1288 2448 in
1312 2422 1482 2447 commune
1505 2410 1701 2446 salutariter

269 2458 460 2498 decretum3
492 2462 528 2490 et
560 2458 622 2491 hoc
651 2458 757 2502 ipsum
780 2458 928 2492 indicare
950 2470 992 2491 ne
1014 2464 1255 2502 gravarentur,
1282 2463 1320 2491 et
1342 2458 1459 2499 fidem,
1494 2467 1594 2501 quam
1615 2468 1699 2501 erga

269 2502 437 2548 principes
458 2501 622 2546 integram
646 2503 753 2536 animo
776 2504 938 2544 foverent,
962 2504 1112 2547 profiteri
1132 2515 1263 2537 rursum
1284 2501 1441 2543 exterius,
1464 2513 1506 2535 ea
1527 2501 1589 2535 deo
1610 2505 1700 2538 teste

270 2546 504 2582 confirmanda.
550 2547 606 2580 hic
631 2548 761 2591 prolato
790 2548 878 2580 sacri
906 2549 1068 2591 evangelii
1091 2549 1223 2589 codice,
1254 2547 1445 2591 singillatim
1468 2546 1563 2580 citati
1585 2548 1699 2583 cuncti

270 2594 329 2639 qui
350 2593 509 2635 aderant,
533 2592 566 2626 ei
588 2603 717 2625 manum
740 2592 907 2636 imponere
929 2597 1006 2625 sunt
1027 2593 1127 2634 iussi,
1149 2597 1263 2627 sancte
1283 2592 1422 2627 iurando
1440 2597 1479 2626 ,et
1501 2603 1576 2626 sese
1596 2593 1698 2628 fidem

271 2650 371 2684 quam
400 2638 559 2672 deberent
589 2639 738 2681 Augusto
767 2636 901 2681 utrique
931 2641 1141 2678 servaturos,
1173 2643 1208 2672 et
1236 2639 1278 2672 ab
1309 2637 1398 2672 omni
1427 2637 1633 2672 dissensione
1654 2649 1697 2672 ac

268 2685 370 2719 turba
391 2683 480 2718 civili
501 2694 573 2717 cum
594 2685 836 2728 temperaturos
860 2682 968 2726 ipsos,
989 2687 1056 2715 tum
1081 2683 1187 2724 alios,
1206 2683 1235 2717 si
1257 2683 1314 2729 qui
1336 2684 1426 2717 forte
1445 2685 1618 2718 tumultum
1640 2683 1697 2718 in-

270 2731 449 2771 choarent,
481 2733 641 2773 utraque,
672 2727 760 2772 quod
783 2727 895 2768 aiunt,
924 2739 1021 2761 manu
1044 2728 1244 2772 repnlsuros.
1290 2729 1368 2762 inde
1390 2740 1411 2762 a
1433 2729 1592 2763 concione
1614 2739 1696 2773 pro-

267 2780 395 2820 pagata
417 2785 477 2819 per
497 2775 612 2808 urbem
635 2772 807 2808 confestim
830 2775 934 2806 totam
966 2772 1080 2806 eadem
1111 2774 1294 2808 renovandi
1321 2774 1495 2808 iuramenti
1516 2773 1694 2809 cerimonia

267 2826 330 2864 est,
353 2819 511 2861 ministris
531 2819 627 2856 varie
647 2817 870 2865 imperatoriis
892 2829 965 2854 cum
985 2830 1082 2864 sacro
1103 2818 1139 2854 in
1161 2819 1312 2855 manibus
1333 2820 1449 2856 codice
1469 2819 1695 2863 cursantibus,
