1858 3126
256 186 354 243 488
676 187 913 236 GEORGII
947 191 1298 238 PAGHYMERIS

252 324 323 349 νον
343 305 410 348 καὶ
433 303 495 345 ἐπὶ
515 307 713 347 τοσοῦτον
730 302 878 363 χρόνον
905 305 978 349 τὸν
997 309 1081 349 τῶν
1102 303 1312 359 Ῥωμαίων
1329 307 1585 363 κατατρίβειν
1603 304 1720 364 λαόν,

253 378 341 422 πῶς
365 371 414 414 ἂν
442 369 540 427 ἡμῖν
573 371 598 427 ἢ
633 373 759 424 αὐτὸς
787 373 814 430 ἢ
837 375 976 418 ἓκεῖνοι
997 372 1172 431 εὐλόγως
1201 373 1540 430 ἀπολογίσαιντο,
1575 374 1719 432 ἔλεγεν.

250 441 294 484 (ἐν
324 439 427 495 εἶχεν
455 441 620 492 ἐκείνοις
642 449 997 500 προσμαρτυρεῖν,
1045 445 1112 486 καὶ
1144 442 1219 486 οὐκ
1253 440 1554 499 ἀπεκρύπτετο,
1587 443 1636 487 τὸ
1666 447 1719 501 τῇ

256 510 535 571 Φιλαδελφεία
562 510 605 553 ἔκ
631 513 869 569 πολιορκίας
894 509 1184 570 κινδυνευούσῃ
1212 510 1266 554 τὰ
1291 511 1461 567 μέγιστα
1492 509 1568 554 ἐπ’Δ
1589 510 1720 567 ὀλίγον

253 578 421 633 ὠθῆσαι
443 578 516 622 τὸν
547 580 747 624 κίνδυνον.
819 582 863 624 τί
889 582 985 636 δαίς
1032 580 1138 624 ἀλλὰ
1171 581 1238 623 καὶ
1267 584 1391 623 τοῦτο
1410 582 1477 622 καὶ
1495 577 1623 635 μόνον
1638 583 1755 626 nm

201 659 230 692 Β
254 646 464 692 τοσούτων
493 645 592 690 εἶναι
622 653 790 703 μισθῶν
817 647 1033 703 ἀντάξιον,
1079 652 1238 704 μᾶλλον
1266 649 1340 703 μὲν
1369 643 1442 697 οὖν
1471 650 1539 692 καὶ
1566 648 1642 703 τὴν
1659 649 1726 691 ἐπὶ

253 724 339 767 τοῖς
369 721 524 766 λοιποῖς
548 716 800 774 ἆλαστορίαν
830 719 898 761 καὶ
926 718 973 762 τὸ
1001 719 1065 761 ἐπὶ
1099 715 1230 775 ταύτῃ
1260 717 1532 774 ἀφαιρεῖσθαι
1571 714 1723 773 κατόρ-

252 791 399 839 θωμα.
449 789 524 827 νῦν
544 786 587 828 δὲ
609 787 714 829 ἀλλὰ
738 787 806 829 καὶ
837 782 963 837 αὖθις
993 787 1266 840 ἔκλεξαμένων
1280 783 1440 844 χρῄζειν
1459 788 1639 829 τοσῶνδε
1657 787 1725 828 καὶ

252 855 310 908 μὴ
331 858 412 897 τῶν
430 851 619 906 πάντων,
659 853 715 905 ὥς
745 855 802 910 μὴ
833 857 924 905 οἵας
948 855 991 899 τ’
1019 855 1146 911 οἷίσης
1171 859 1245 910 τῆς
1257 853 1484 908 Ῥωμαΐδος
1502 847 1600 904 τους
1618 851 1726 896 πάν-

253 939 330 973 τας
366 926 634 980 ξενοτροφεῖν.
706 921 983 979 ἀποχρώντως
1010 925 1056 967 de
1089 925 1156 967 καὶ
1186 923 1213 966 ἃ
1241 924 1508 979 κερτομηθεὶς
1539 924 1725 978 διακενῆς
1737 933 1781 968 10

254 989 485 1046 ἔξήντλησε.
554 996 677 1035 τοῦτο
703 997 852 1049 γνῶναι
876 993 1012 1036 θέλειν
1040 992 1154 1050 παρὰ
1175 997 1258 1036 τῶν
1281 991 1512 1035 ἀκουόντων
1543 988 1636 1035 τότε
1658 992 1727 1034 καὶ

207 1067 237 1101 C
260 1060 358 1110 τούς
378 1059 551 1112 ἄλλους,
581 1061 627 1103 οἳ
641 1060 692 1115 δὴ
712 1063 779 1103 καὶ
804 1060 851 1103 οὔ
876 1067 1093 1117 παρῆσαν·
1127 1065 1250 1104 τοῦτο
1272 1065 1423 1118 γνῶναι
1448 1061 1514 1104 καὶ
1536 1059 1609 1103 τὸν
1627 1057 1727 1103 τού-

253 1147 335 1173 των
356 1126 605 1185 ἐξάρχοντα,
646 1128 702 1180 ὦς
727 1127 840 1185 μήθ’
862 1128 1002 1184 ὑμεῖς,
1040 1130 1189 1186 φησίν,
1225 1129 1434 1172 ἀπαιτοῖτε
1461 1127 1513 1172 τὰ
1530 1125 1633 1184 ὗπέρ
1650 1124 1726 1170 δῦ·-

253 1215 397 1251 ναμιν,
443 1195 548 1252 μήτ’
580 1199 728 1248 ἐκεῖνος
761 1199 944 1253 ἐνοχλοίη
974 1198 1132 1253 τρύζων
1158 1195 1260 1254 ὑπὲρ
1289 1195 1419 1252 ὑμῶν.
1489 1190 1623 1239 ταῦτα
1651 1196 1726 1250 μὲν

254 1269 322 1310 καὶ
353 1266 405 1309 τὰ
435 1264 598 1317 τούτοις
631 1268 755 1310 πλείω
786 1267 981 1321 βασιλεὺς
1008 1260 1162 1319 ἔλεξεν·
1197 1267 1339 1310 ἐκεῖνοι
1359 1266 1404 1310 δὲ
1421 1264 1551 1321 μηδὲν
1569 1264 1726 1320 ἔχοντες
1739 1274 1782 1309 15

347 1352 401 1388 15.
425 1349 598 1389 totitmv?

259 1431 370 1475 mani,
395 1432 492 1467 cuius
516 1435 592 1467 erat
615 1432 697 1468 alibi
722 1432 885 1468 adversus
911 1433 1078 1469 barbaros
1107 1436 1176 1468 tam
1211 1431 1405 1467 desiderata
1434 1434 1503 1467 ta·
1534 1429 1730 1466 necessaria

258 1489 386 1522 opera,
418 1483 547 1512 temere
582 1490 624 1512 ac
655 1479 826 1523 flagitiose
857 1479 979 1514 tandiu
1013 1479 1046 1514 in
1071 1479 1202 1514 civibus
1223 1478 1416 1514 obsidendis
1436 1482 1550 1512 vestro
1573 1477 1666 1511 iussu
1689 1487 1731 1511 ac

257 1525 364 1557 ductu
388 1523 528 1564 detenti,
552 1536 653 1569 quam
677 1525 882 1559 comminisci
904 1537 1051 1570 unquam
1075 1525 1250 1567 idoneam,
1271 1536 1371 1570 quam
1396 1524 1544 1568 allegare
1566 1523 1622 1557 vel
1642 1522 1730 1556 tole—

258 1569 398 1603 rabilem
422 1569 672 1612 defensionem,
696 1582 780 1614 age,
804 1570 988 1616 poteritis?
1022 1571 1120 1605 unius
1142 1570 1230 1605 recti
1253 1582 1295 1604 ac
1323 1569 1502 1604 laudabilis
1524 1567 1607 1602 facti
1629 1567 1729 1602 testi-

257 1614 403 1648 monium
427 1615 523 1648 vobis
546 1614 666 1656 debeo,
691 1623 727 1649 et
749 1616 968 1651 libentissime
990 1617 1156 1662 persolvo.
1205 1615 1379 1661 profiteor,
1406 1615 1554 1659 inquam,
1576 1613 1664 1647 ultro
1688 1625 1730 1646 ac

255 1665 376 1704 gratus
426 1660 583 1702 medico,
620 1666 781 1695 navatam
815 1674 836 1696 a
859 1661 954 1695 vobis
979 1662 1120 1708 imperio
1143 1662 1279 1696 fortiter
1302 1673 1343 1695 ac
1365 1660 1511 1694 feliciter
1532 1670 1670 1702 operam
1693 1657 1731 1692 in

259 1706 400 1740 Philade
416 1706 492 1752 phia
515 1717 538 1740 a
561 1707 763 1743 barbaricae
786 1707 967 1742 obsidionis
1002 1707 1097 1742 melis
1120 1707 1273 1742 maximis
1296 1705 1523 1752 periculisque
1544 1704 1731 1739 liberanda.

255 1753 337 1797 quid
361 1758 431 1786 tum
456 1758 570 1786 autem
593 1754 742 1797 postea?
764 1765 808 1787 an
831 1764 1008 1787 successus
1030 1753 1085 1787 hic
1110 1754 1227 1787 unicus
1248 1757 1301 1786 tot
1324 1751 1520 1796 pensionum
1542 1755 1732 1785 tantarum-

255 1810 324 1843 que
349 1802 416 1832 tam
441 1798 532 1842 longi
555 1800 717 1844 temporis
741 1800 930 1834 mercedum
953 1800 1084 1833 fructus
1109 1799 1241 1833 abunde
1268 1809 1408 1841 magnus
1431 1808 1627 1851 aequusque
1650 1807 1731 1830 cen-

257 1844 416 1878 sebitur?
439 1855 537 1890 quem
561 1844 762 1890 praesertim
785 1845 916 1879 inficiat
938 1849 980 1879 ac
1005 1849 1199 1890 corrumpat
1222 1843 1359 1878 licentia
1382 1847 1418 1877 et
1440 1844 1566 1888 ubique
1589 1841 1671 1876 alibi
1695 1847 1733 1875 et

255 1890 292 1924 in
317 1902 359 1924 ea
383 1891 458 1935 ipsa
481 1891 565 1924 urbe
588 1894 752 1936 usurpata
775 1890 995 1937 rapacissime
1017 1890 1212 1934 grassandi3
1241 1901 1329 1935 quae
1351 1893 1460 1924 totum
1482 1887 1649 1935 praeclari
1669 1898 1732 1932 per

256 1948 294 1970 se
317 1935 481 1970 facinoris
504 1936 648 1981 pretium
672 1949 714 1971 ac
738 1937 842 1971 decus
865 1936 1035 1972 obterat.”
1080 1937 1143 1971 sub
1168 1947 1209 1970 ea
1234 1947 1398 1981 perorans
1421 1934 1606 1979 imperator
1629 1931 1734 1968 rediit

256 1982 300 2016 ad
325 1994 396 2016 rem
420 1981 516 2016 initio
541 1982 771 2029 propositam,
807 1994 910 2028 egere
944 1994 982 2017 se
1009 1986 1140 2016 tantum
1173 1982 1290 2016 dicens
1324 1993 1390 2015 non
1413 1985 1483 2015 toto
1505 1979 1573 2014 isto
1595 1989 1732 2014 numero

258 2027 414 2067 militum,
438 2028 497 2063 sed
522 2028 610 2063 mille
633 2028 772 2063 circiter
795 2041 815 2063 e
838 2034 936 2063 tanta
959 2028 1171 2063 multitudine
1195 2027 1358 2062 delectis:
1382 2038 1493 2072 neque
1515 2025 1602 2060 enim
1619 2024 1734 2071 plures

260 2084 324 2119 per
347 2074 398 2107 rei
423 2074 606 2119 Romanae,
630 2086 719 2120 quae
743 2086 831 2109 nunc
855 2078 980 2118 essent,
1006 2073 1180 2119 angustias
1203 2073 1248 2108 ali
1270 2085 1291 2107 a
1314 2085 1352 2107 se
1378 2071 1572 2107 auxiliarios
1595 2075 1733 2106 exteros

260 2130 374 2163 posse.
420 2131 556 2154 monere
579 2132 650 2154 rem
672 2120 682 2154 i
709 2132 779 2154 sam
796 2120 962 2167 publicam
985 2120 1055 2155 iam
1077 2131 1185 2166 prope
1209 2119 1372 2163 perditam
1396 2124 1431 2152 et
1454 2129 1578 2163 cogere
1600 2122 1639 2151 ut
1661 2127 1735 2150 mo·-

261 2165 325 2197 ‹lus
350 2165 486 2204 tandem
513 2165 635 2211 aliquis
657 2132 861 2202 adhibeatur
883 2166 1025 2201 infinitis
1038 2165 1327 2211 inutilissimisque
1349 2164 1503 2205 iacturis,
1527 2163 1650 2208 quibus
1666 2160 1737 2194 siut

261 2210 429 2244 hactenus
452 2211 736 2247 inconsultissime
758 2212 936 2247 universae
968 2212 1099 2258 imperii
1129 2211 1247 2256 copiae
1270 2212 1440 2256 profusae.
1471 2209 1519 2243 in
1542 2209 1606 2242 boc
1627 2209 1734 2259 testes

261 2266 299 2288 se
323 2256 495 2291 auditores
518 2258 575 2302 qui
599 2270 711 2292 coram
735 2259 894 2293 adessent
916 2258 1022 2298 velle,
1054 2269 1183 2304 perque
1213 2258 1275 2291 bos
1307 2257 1392 2290 idem
1416 2253 1559 2289 indicari
1581 2252 1735 2286 absenti-

261 2301 327 2334 bus
354 2307 494 2346 optare,
527 2303 673 2349 denique
705 2307 805 2338 istum
828 2316 930 2350 quem
963 2307 1187 2338 memorarent
1208 2314 1327 2336 recens
1350 2312 1424 2335 cum
1447 2310 1534 2333 novo
1556 2299 1733 2344 appulsum

262 2348 446 2381 exercitum
470 2348 607 2382 edoceri
630 2355 664 2383 et
687 2350 815 2384 diserte
839 2349 1040 2384 commoneri
1064 2350 1107 2383 de
1129 2349 1196 2383 ista
1222 2347 1299 2392 ipsa
1322 2358 1384 2380 sua
1407 2346 1578 2379 voluntate
1601 2355 1641 2377 ac
1663 2343 1735 2376 fixa.

260 2393 428 2427 sententia
452 2404 589 2439 cupere,
611 2406 650 2429 se
671 2396 787 2440 plures
810 2395 899 2430 mille
922 2395 1138 2429 conductitiis
1163 2393 1322 2428 militibus
1344 2393 1377 2424 in
1401 2390 1551 2424 rationes
1575 2387 1735 2434 imputari

260 2437 412 2483 publicas
448 2440 546 2473 nolle.
595 2440 790 2474 desinerent
817 2452 893 2475 sese
924 2441 1082 2485 ingerere
1115 2452 1156 2474 ac
1189 2438 1283 2473 velut
1305 2436 1475 2471 inculcare
1497 2446 1602 2480 supra
1625 2438 1733 2476 usum,

260 2495 366 2528 supra
400 2495 482 2529 opes
512 2485 761 2530 facultatesque
794 2491 927 2520 nostras
959 2485 1108 2527 caeteri;
1151 2483 1297 2528 bonique
1330 2482 1543 2516 consulerent
1574 2492 1635 2515 nos
1667 2491 1734 2514 nou

261 2529 399 2574 prodire
424 2529 614 2576 pollicendo
646 2531 736 2564 ultra
766 2542 867 2576 quam
899 2531 935 2565 in
968 2535 1143 2565 numerato
1166 2534 1226 2564 aut
1249 2540 1311 2572 spe
1336 2532 1432 2561 certa
1455 2539 1515 2561 nos
1538 2527 1666 2560 habere
1688 2525 1736 2559 si-

260 2587 335 2609 mus
364 2575 480 2610 intime
517 2575 651 2610 conscii.
698 2579 778 2610 “ne
809 2576 912 2620 igitur
945 2580 1004 2610 aut
1038 2574 1131 2610 vos''
1164 2574 1294 2609 addidit
1325 2580 1522 2619 praesentes
1554 2573 1737 2607 Catelanos

262 2622 399 2656 intuens
423 2620 601 2666 “exigatis
625 2633 646 2655 a
669 2621 767 2655 nobis
790 2621 879 2666 quod
905 2621 987 2655 dare
1011 2632 1076 2656 non
1100 2631 1298 2665 possumus,
1331 2623 1390 2653 aut
1421 2618 1477 2653 ille
1508 2621 1625 2664 speret
1647 2629 1736 2662 quse

263 2667 291 2701 si
315 2666 586 2714 promitteremus
609 2666 690 2701 fidei
712 2670 851 2700 nostrae
872 2667 1185 2701 transcenderemus
1209 2665 1353 2700 modum.
1392 2676 1456 2699 non
1480 2676 1554 2698 eum
1577 2662 1736 2698 fallimus.

263 2715 308 2747 de
331 2725 390 2755 re,
422 2717 461 2748 ut
483 2718 559 2755 est,
591 2718 724 2747 mature
747 2713 959 2758 ingenueque
982 2722 1253 2758 praemonemus,
1288 2722 1332 2745 ne
1354 2710 1530 2756 deceptum
1554 2721 1592 2744 se
1617 2706 1737 2743 deinde
1769 2718 1776 2721 ·

262 2759 360 2803 queri
386 2758 514 2802 possit,
550 2764 610 2793 aut
631 2759 708 2793 lites
731 2759 901 2792 intentare
925 2759 1161 2792 murmurando
1184 2756 1300 2799 nobis,
1331 2756 1429 2802 quasi
1453 2756 1483 2790 ei
1506 2755 1600 2790 falsis
1623 2760 1738 2788 osten—-

264 2804 452 2839 tationibus
474 2804 710 2840 illuserimus.”
757 2805 842 2838 haec
866 2809 902 2838 et
923 2804 956 2838 id
982 2815 1088 2849 genus
1122 2804 1221 2848 plura
1243 2803 1375 2837 locutus
1398 2803 1581 2848 imperator
1604 2799 1738 2835 concio-

264 2861 339 2886 nem
365 2850 505 2893 dimisit,
531 2851 718 2893 Catelauis,
743 2851 806 2885 etsi
830 2850 1013 2896 gemebant
1034 2849 1070 2884 in
1095 2850 1226 2885 irritum
1250 2849 1374 2885 abiisse
1395 2860 1473 2896 spes
1493 2848 1622 2891 inanes,
1647 2844 1737 2892 quod
