1858 3126
315 140 414 187 636
535 172 538 175 .
731 139 965 183 GEonGn
995 131 1343 187 'PACHYMEms

316 272 426 312 ριον,
467 251 522 303 ὥς
538 251 634 308 μετ’
656 250 816 309 ἀγάπης
835 255 955 297 οῗκεῒν
982 255 1048 297 καὶ
1076 255 1131 305 εἷς
1153 253 1358 312 ὖποταγὴν
1377 261 1452 302 τοῦ
1471 257 1670 311 βασιλέως
1694 262 1766 302 λο-

312 325 496 380 γίζεσθαι
507 354 521 375 ,
561 321 818 376 μαχομένους
834 324 987 366 ἐκεῖθεν
1005 322 1211 379 Πέρσαις,
1248 327 1315 367 καὶ
1332 329 1498 378 βασιλεῖ’
1510 328 1766 381 τριακοσίους

312 395 395 433 τῶν
417 390 594 447 ἀρίστων
615 389 880 447 πολεμάρχων
901 396 1246 447 συγκροτοῦντας,
1274 391 1377 436 ὅπου
1398 393 1480 450 ἄρα
1498 395 1565 436 καὶ
1584 411 1766 450 προστα-

266 469 297 503 C
316 463 470 514 χθεΐεν.
539 457 660 516 (31)
695 459 743 502 οὗ
762 459 843 515 μὴν
867 461 911 503 δὲ
932 462 999 502 καὶ
1019 461 1211 514 βασιλεὺς
1230 466 1362 504 ταῦτα
1383 460 1545 512 τούτοις
1565 461 1763 516 ἐπείθετο,

315 527 423 570 ἀλλὰ
454 525 781 583 προσετοιμάσας
807 530 875 571 καὶ
909 524 1035 579 αὖθις
1062 529 1138 580 τὰς
1167 534 1267 585 νῆας
1294 531 1357 572 ἐπὶ
1373 528 1516 574 Ῥόδου
1544 530 1688 585 πέμπει
1713 531 1797 578 wis

313 595 472 639 δυνατὰ
491 594 759 652 προσαρήγων
774 595 954 647 Ῥοδίοις.

451 668 539 707 Τοῦ
567 663 610 706 δ’
643 665 771 707 αὐτοῦ
799 666 929 720 μηνὸς
959 667 1277 721 Βοηδρομιῶνος
1303 665 1408 708 κατὰ
1434 666 1510 722 τὴν
1533 665 1673 722 καινὴν
1693 684 1766 710 κυ-

313 732 458 789 ριακὴν
491 734 558 774 καὶ
589 731 611 776 ὅ
641 734 866 790 φυλακίτης
900 733 1210 790 Μελιτηνιώτης
1250 732 1440 788 θνήσκει,
1487 738 1538 791 τῇ
1566 735 1607 785 ἐξ
1638 731 1766 791 ἀρχῆς

314 800 512 854 ἐπιμένων
537 798 678 858 γνώμῃ
708 800 842 858 ὥσπερ
871 804 938 844 καὶ
971 800 991 844 ὃ
1025 803 1197 854 Βέκκος,
1233 804 1360 858 μηδὲν
1382 802 1504 846 πλέον
1523 802 1626 858 πρὸς
1642 808 1766 857 βασι-

309 870 410 919 λέως
433 867 611 919 ἀξιώσας
634 868 660 924 ἢ
679 869 726 912 τὸ
752 871 819 912 ἐπί
837 888 913 913 τινι
933 875 1015 914 τῶν
1041 874 1130 927 περὶ
1152 872 1225 926 τὴν
1252 869 1367 914 πόλιν
1399 868 1599 926 ἀοικήτων
1630 869 1765 927 νήσων
1778 883 1821 918 10

309 938 499 992 ἀπαχθέν
521 938 568 980 τὸ
591 938 693 980 ἴδιον
716 943 866 993 σκῆνος
891 943 1083 995 ταφῆναι.
1153 939 1176 982 ὃ
1205 942 1271 982 καὶ
1295 940 1440 996 γέγονε.
1509 941 1575 982 καὶ
1603 941 1660 989 εἷς
1689 939 1765 994 τὴν

309 1004 486 1060 Πλάτην
504 1007 749 1060 ἐκκομίζεται
772 1010 839 1049 καὶ
861 1009 1018 1058 εἰκαίως
1039 1005 1255 1051 θάπτεται.
1321 1006 1447 1060 μόνος
1468 1009 1513 1050 δὲ
1530 1012 1581 1064 τῇ
1600 1011 1764 1065 φυλακῇ

311 1073 334 1117 ὁ
367 1076 602 1129 Μετοχίτης
634 1075 986 1130 ἔγκαταλέλειπτο,
1022 1077 1149 1132 μηδὲν
1181 1078 1248 1119 καὶ
1282 1075 1406 1127 αὐτὸς
1429 1075 1610 1125 ἐνδιδοὺς
1628 1076 1687 1118 ἔτι
1706 1069 1763 1118 ὧν

306 1144 349 1194 ἐξ
370 1142 498 1200 ἀρχῆς
514 1144 696 1198 ἐξείχετο.

171 1221 200 1255 Ρ
221 1220 290 1256 444
450 1213 531 1257 32.
594 1209 870 1268 Ἀμογάβαροι
900 1212 945 1255 δὲ
972 1211 1025 1254 τὰ
1053 1210 1184 1254 πολλὰ
1217 1215 1276 1269 τῷ
1308 1214 1412 1270 λιμῷ
1445 1216 1761 1267 προσταλαιπω-
1775 1222 1817 1257 15

312 1284 480 1335 ροῦντες
514 1279 638 1334 (οὐδὲ
663 1280 741 1336 γὰρ
772 1282 944 1335 σπείρειν
969 1279 1171 1336 ἤθελον),
1218 1278 1305 1333 ἅμα
1337 1280 1382 1322 δὲ
1415 1281 1482 1322 καὶ
1512 1284 1585 1334 τῆς
1609 1280 1654 1323 ἔκ
1679 1284 1761 1323 τῶν

312 1346 579 1404 θνησκόντων
602 1349 806 1398 δυσωδίας
827 1349 884 1403 μὴ
906 1346 1158 1403 ἀνεχόμενοι,
1190 1346 1418 1391 Ῥαιδεστὸν
1445 1349 1511 1390 καὶ
1530 1350 1671 1391 Πανία
1694 1350 1761 1390 καὶ

310 1417 363 1459 τὰ
393 1421 467 1459 τοῦ
498 1420 539 1459 Γ
535 1414 635 1460 οἴνου
664 1415 953 1467 καταλιπόντες
981 1418 1219 1471 παμπληθεὶ
1248 1416 1353 1459 κατὰ
1380 1416 1454 1471 τὴν
1476 1421 1551 1459 τοῦ
1576 1418 1760 1460 Καλλίου

310 1485 503 1539 γίνονται.
575 1486 656 1527 ἐκεῖ
685 1485 780 1535 τούς
808 1487 848 1535 ἒς
880 1485 1065 1542 φυλακὴν
1097 1482 1279 1541 αὐτάρκη
1311 1483 1491 1534 λιπόντες
1512 1483 1593 1543 ὅλῳ
1615 1485 1760 1542 ῥυτῆρι

254 1577 258 1580 -
311 1553 376 1593 ἐπὶ
392 1551 523 1594 Αἶνον
541 1554 607 1594 καὶ
630 1554 884 1609 Μεγαρίσιον
903 1555 1103 1609 γίνονται,
1142 1551 1243 1595 ὅπου
1264 1555 1330 1594 καὶ
1350 1554 1392 1602 ἐξ
1409 1551 1584 1608 ἀνάγκης
1603 1554 1671 1595 καὶ
1694 1552 1815 1598 ἔν-ἓῡ

257 1627 287 1662 Β
313 1621 423 1669 δειάς
458 1618 786 1675 προσβάλλοντες
820 1623 888 1662 καὶ
919 1617 1214 1678 ῥιψοκινδύνως
1244 1618 1465 1674 μαχόμενοι
1495 1620 1612 1663 οὐδέν
1635 1615 1759 1676 ἦττον

308 1687 421 1745 παρὰ
452 1692 534 1731 τῶν
566 1686 816 1746 προσχώρων
847 1690 1097 1744 ἕζημιοῦντο.
1166 1689 1233 1730 καὶ
1263 1685 1407 1738 πύστις
1425 1683 1475 1743 ἦν
1492 1688 1758 1744 πιστευομένη

307 1819 453 1853 orabant
474 1817 658 1854 condonari
680 1819 745 1854 sibi
768 1831 879 1854 arcem
903 1819 975 1853 eius
995 1818 1143 1862 insulae,
1172 1819 1207 1852 in
1230 1829 1298 1863 qua
1321 1818 1532 1854 concorditer
1553 1819 1759 1863 habitarent,

310 1865 385 1899 eius
407 1864 547 1910 imperio
570 1865 735 1907 subiecti3
770 1867 861 1911 quod
883 1865 912 1899 si
936 1869 1118 1907 annueret,
1150 1865 1341 1899 offerebant
1362 1868 1532 1899 trecentos
1558 1877 1579 1899 e
1601 1865 1671 1900 suis
1693 1877 1759 1900 ex-

309 1909 576 1955 perientissimos
599 1911 648 1945 rei
671 1911 834 1953 bellicae,
866 1917 904 1945 ut
929 1923 994 1945 nou
1016 1922 1167 1956 pugnare
1191 1910 1315 1953 solum,
1349 1911 1411 1944 sed
1440 1922 1600 1955 praeesse
1621 1911 1758 1946 aciebus

308 1962 346 1990 et
367 1956 510 1991 ductare
532 1957 701 1991 exercitus
724 1957 832 2002 perite
856 1962 1003 2003 possent.
1050 1957 1109 1990 hos
1131 1956 1374 2001 pollicebantur
1396 1967 1417 1990 a
1439 1968 1477 1990 se
1497 1956 1605 1991 ituros
1631 1957 1674 1991 ad
1688 1958 1758 1991 Au-

307 2005 463 2045 gustum,
499 2007 536 2036 et
568 2014 778 2048 quocumque
805 2003 907 2036 vellet.
929 2002 1116 2043 destinare,
1153 2002 1196 2036 ad
1221 2013 1291 2036 rem
1315 2005 1433 2036 contra
1454 2002 1578 2036 Persas
1599 2013 1699 2037 manu
1721 2005 1759 2036 et

309 2047 448 2081 consilio
480 2049 660 2093 gerendam
690 2050 912 2093 profecturos.
959 2049 1058 2092 (31)
1086 2059 1151 2082 non
1175 2054 1285 2081 tamen
1307 2049 1391 2081 haec
1411 2047 1476 2081 illis
1497 2047 1680 2093 imperator
1700 2058 1758 2082 as—

305 2099 520 2171 Eeiensusdest:
553 2094 634 2140 quin
658 2100 693 2129 et
715 2106 832 2129 rursus
863 2099 1002 2141 paratas
1024 2105 1128 2128 naves
1150 2093 1302 2128 Rhodum
1325 2093 1436 2136 misit,
1466 2104 1529 2138 pro
1551 2093 1641 2128 virili
1662 2093 1757 2128 Rho-

343 2149 380 2171 os
405 2150 425 2172 a
450 2151 579 2174 iuvans.

402 2184 529 2219 Eodem
553 2196 666 2219 mense
691 2185 815 2229 Aprili,
845 2197 886 2220 ea
909 2186 963 2220 die
986 2197 1074 2231 quae
1097 2196 1183 2219 nova
1205 2184 1370 2218 dominica
1390 2187 1552 2227 vocatur,
1575 2186 1672 2218 vetus
1693 2183 1755 2216 ho-

308 2239 388 2272 spes
412 2232 557 2265 carceris
581 2231 804 2265 Meliteniotes
827 2233 986 2272 moritur,
1016 2232 1050 2264 in
1073 2231 1181 2276 prima
1204 2242 1288 2271 sua,
1322 2234 1362 2263 ut
1383 2232 1418 2263 et
1440 2231 1590 2270 Veccus,
1621 2239 1756 2272 perma-

310 2284 394 2307 nens
426 2276 616 2318 sententia,
646 2277 727 2310 nihil
759 2278 901 2322 amplius
924 2278 1157 2322 imperatorem
1180 2280 1336 2320 precatus
1359 2274 1423 2308 nisi
1445 2278 1484 2308 ut
1504 2274 1537 2307 in
1559 2273 1671 2317 aliqua
1694 2274 1754 2308 de-

310 2325 477 2354 sertatum
498 2321 678 2355 insularum
701 2323 847 2356 cadaver
869 2334 962 2356 suum
987 2322 1123 2367 sepeliri
1142 2322 1324 2355 mandaret.
1370 2319 1458 2364 quod
1482 2322 1518 2352 et
1538 2319 1664 2352 factum
1681 2323 1752 2353 est:

308 2375 388 2398 nam
411 2365 446 2398 in
469 2366 606 2400 insulam
628 2368 747 2401 Pflaten
771 2369 982 2412 deportatum
1005 2378 1127 2412 corpus
1150 2367 1220 2400 eius
1243 2366 1291 2400 ibi
1315 2371 1368 2399 est
1388 2363 1552 2398 tralatitie
1574 2365 1751 2398 humatum.

311 2409 404 2444 solus
427 2422 507 2444 vero
530 2412 564 2444 in
590 2423 725 2446 carcere
748 2413 935 2447 Metochita
957 2413 1141 2454 remansit,
1171 2423 1234 2445 nec
1259 2411 1335 2456 ipse
1364 2409 1545 2456 quidquam
1567 2409 1676 2444 adhuc
1698 2421 1754 2444 re-

308 2455 443 2490 mittens
466 2455 499 2489 in
522 2456 564 2489 iis
587 2469 675 2502 quae
697 2469 718 2491 a
742 2458 905 2503 principio
929 2458 1138 2493 decreverat.

401 2502 456 2536 32.
501 2501 547 2534 At
570 2502 772 2546 Amogabari
794 2504 882 2537 fame
904 2504 1117 2537 vehementer
1149 2501 1256 2548 pressi
1289 2501 1378 2544 (non
1401 2499 1487 2533 enim
1510 2499 1676 2534 seminare
1694 2511 1754 2534 cu-

308 2547 492 2590 raverant)
516 2552 551 2581 et
569 2547 775 2581 morientium
799 2548 876 2581 inde
898 2549 1036 2592 vuigata
1059 2548 1113 2581 lue
1135 2547 1345 2592 plurimorum
1369 2547 1529 2579 foetorem
1552 2557 1618 2580 non
1639 2545 1754 2579 feren·

306 2595 383 2634 tes,
414 2592 603 2628 Rhaedesto
627 2596 662 2626 et
684 2593 817 2634 Paniis‚
845 2604 886 2626 ac
909 2605 1138 2638 quaecumque
1161 2591 1204 2625 ad
1227 2593 1360 2625 Ganum
1383 2592 1561 2633 tenebant,
1592 2589 1676 2624 locis
1697 2602 1751 2624 re-

304 2637 416 2680 lictis,
451 2650 556 2684 prono
579 2649 679 2672 cursu
702 2638 745 2672 ad
769 2639 893 2672 Aenum
919 2642 954 2672 et
976 2637 1194 2682 Megarisium
1219 2648 1257 2671 se
1279 2638 1498 2671 transferunt.
1544 2635 1603 2670 ubi
1623 2637 1667 2670 ob
1691 2647 1752 2680 pe-

304 2684 436 2718 nuriam
459 2685 559 2718 nihilo
578 2684 685 2718 secius
703 2688 877 2728 urgentem
900 2684 1008 2717 coacti
1031 2684 1137 2717 aleam
1159 2683 1271 2716 iacere
1293 2683 1495 2723 certaminis,
1516 2681 1630 2727 iniquo
1650 2681 1751 2714 etiam

303 2728 378 2763 ioco
402 2741 546 2774 pugnam
567 2729 782 2772 lacessendo,
817 2741 861 2763 ne
882 2729 932 2763 sic
954 2728 1087 2774 quidem
1111 2728 1208 2763 malis
1230 2728 1300 2763 suis
1320 2728 1555 2769 suadebantur,
1587 2737 1652 2760 nou
1669 2737 1751 2770 par-

305 2774 356 2809 vis
379 2776 423 2810 ab
445 2776 576 2811 illarum
597 2775 713 2811 incolis
735 2775 880 2821 partium
901 2774 1029 2810 damnis
1051 2773 1178 2810 affecti.
1213 2777 1296 2808 tunc
1318 2774 1408 2810 fama
1427 2772 1593 2808 increbuit
1612 2783 1655 2807 ex
1676 2771 1750 2816 opi-
