1858 3126
361 170 460 219 846
712 210 714 213 .
751 172 1060 220 OBSERVAT.
1091 174 1399 221 PAGHYMER.
1445 199 1448 211 ι

379 279 457 340 23¹2}
495 279 657 339 33¹¹}ssss
682 277 838 342 Ῐωιξιῐέᾗθ·
885 282 1064 334 degentes
1088 284 1313 336 appellunt,
1342 285 1405 326 die
1432 286 1625 329 dominica
1648 289 1787 332 22111-

517 344 650 386 tffiqunr..
804 382 811 390 ·
885 339 931 376 lii
959 339 1120 390 ingressi
1149 341 1345 391 Galatam,
1390 355 1472 381 non
1506 345 1672 396 repertis
1702 345 1786 384 illic

500 378 650 440 ΒἫῖῗω
683 377 841 410 Andronici
888 395 1182 445 Genuensibus,
1211 396 1347 436 domos
1377 411 1508 438 eorum
1531 399 1789 440 incenderunt

363 452 470 493 1296
572 451 600 490 2
654 481 657 486 Α
735 451 788 492 14
887 450 1102 502 urbemque
1113 452 1235 503 ipsam
1250 454 1369 491 variis
1386 454 1483 493 locis
1499 462 1789 506 oppugnarunt.

687 501 832 530 Michael.
890 513 928 544 et
962 514 1165 558 comperto
1203 522 1376 559 pugnare
1414 523 1486 561 pro
1524 511 1790 550 Genuensibus

759 543 786 582 3
891 564 1103 611 Romanos,
1135 564 1311 603 Galatam
1330 566 1480 604 reversi
1499 567 1611 604 aedes
1634 567 1791 619 insuper

886 618 966 656 illic
982 619 1076 657 sitas
1097 620 1356 659 Romanorum
1377 621 1543 660 flammis
1560 622 1792 675 absumpse-

884 681 991 712 runt.
1048 689 1082 713 c.
1100 677 1162 716 18.

939 730 1157 782 Imperator
1177 731 1438 782 Nicephorum
1456 732 1680 785 episcopum
1696 733 1791 771 Cre-

885 791 1052 834 tensem,
1093 787 1158 837 qui
1186 788 1232 825 de
1258 786 1319 825 his
1345 789 1628 840 expostularet,
1667 788 1792 827 vene-

885 841 957 879 tias
977 842 1107 880 mittit.
1161 842 1394 895 interimque
1423 844 1579 882 Venetis
1597 843 1706 882 urbis
1724 844 1790 882 in·

885 898 1043 948 quilinis
1063 898 1104 935 in
1124 899 1408 950 reparationem
1437 899 1567 938 damni
1594 913 1664 951 per
1675 899 1790 951 ipso-

883 967 971 991 rum
991 954 1097 992 cive's
1115 954 1214 992 illati
1235 955 1395 993 multam
1411 968 1661 994 nummorum
1680 961 1792 993 octo-

885 1010 991 1059 ginta
1010 1010 1171 1048 millium
1192 1011 1344 1058 indicit,
1366 1011 1632 1062 oppigneratis
1650 1010 1692 1048 in
1706 1023 1791 1049 earn

885 1078 1072 1103 summam
1091 1066 1265 1104 omnium
1285 1067 1442 1104 illorum
1460 1066 1582 1105 bonis.
1611 1067 1671 1107 l.3
1683 1079 1715 1104 c.
1728 1068 1792 1108 19.

942 1132 1070 1170 Mense
1113 1132 1314 1171 Decembn'
1360 1132 1580 1171 Genuenses
1624 1132 1791 1172 Venetos

887 1187 1227 1240 Constantinopoli
1249 1188 1447 1239 degentes,
1482 1188 1596 1227 initio
1624 1187 1792 1240 abaiulo

886 1243 1009 1293 facto,
1058 1244 1277 1283 trucidant:
1323 1244 1514 1296 primores
1551 1243 1792 1282 Venetorum

887 1299 993 1337 urbis
1026 1299 1312 1349 inquilinorum
1341 1312 1474 1338 omnes
1504 1313 1547 1337 ea
1564 1299 1791 1338 earnificina

884 1354 1122 1405 interempti.
1178 1355 1300 1394 vilior
1319 1355 1494 1406 ipsorum
1513 1355 1622 1407 plebs
1649 1361 1687 1394 et
1707 1367 1792 1393 me-

886 1409 1136 1451 chanicarum
1187 1412 1426 1463 professores
1475 1411 1643 1460 artium,
1698 1423 1792 1448 nece

885 1467 1011 1517 primo
1028 1465 1186 1505 latebris
1210 1467 1353 1516 vitata,
1383 1465 1526 1506 deinde
1547 1467 1646 1505 clam
1663 1465 1791 1506 Vene-

883 1523 956 1560 tias
972 1522 1174 1562 recedunt.
1229 1522 1258 1561 l.
1280 1526 1304 1564 3
1324 1535 1358 1562 c.
1384 1524 1451 1564 20.

940 1589 1000 1626 Ob
1028 1588 1125 1626 haec
1153 1588 1404 1627 Andronicus
1428 1588 1640 1640 imperator
1654 1599 1792 1624 mona—

883 1643 998 1682 chum
1023 1644 1234 1682 Maximum
1254 1644 1466 1681 Planudem
1494 1650 1532 1681 et
1553 1642 1792 1694 praefectum

884 1699 1212 1751 orphanotrophii
1239 1699 1406 1736 Leonem
1423 1698 1644 1749 Aquileiam
1670 1697 1790 1747 misit,

883 1755 943 1792 sui
955 1754 1059 1804 apud
1069 1760 1245 1792 senatum
1254 1754 1443 1792 Venetum
1454 1752 1647 1805 purgandi
1656 1752 1792 1803 gratia.

941 1809 1100 1848 Alexius
1138 1808 1494 1860 Philanthropenus
1530 1808 1714 1856 rebellat,
1752 1813 1792 1846 et

885 1866 1001 1918 paulo
1022 1871 1111 1917 post
1134 1862 1272 1917 captus
1291 1869 1527 1903 excoecatur
1547 1878 1569 1902 a
1587 1863 1792 1902 Libadario

884 1920 1200 1972 protovestiarite
1219 1948 1230 1970 ‚
1277 1919 1349 1959 sub
1396 1919 1514 1959 finem
1555 1918 1791 1958 Decembris.

883 1977 911 2015 l.
932 1980 958 2018 3
978 1990 1012 2014 c.
1036 1979 1087 2019 10
1105 1982 1142 2014 et
1164 1979 1228 2018 11.

942 2031 1035 2070 Eius
1060 2044 1259 2071 successus
1284 2032 1386 2070 fama
1409 2037 1566 2070 strenue
1595 2031 1637 2068 in
1654 2028 1791 2068 urbem

885 2088 1032 2139 perlata
1066 2087 1250 2126 extremis
1275 2087 1368 2125 anni
1396 2087 1553 2136 diebus,
1581 2085 1792 2137 imperator

887 2143 958 2181 deo
986 2150 1024 2181 et
1058 2143 1239 2194 deiparae
1277 2143 1501 2182 solemniter
1528 2141 1670 2193 gratias
1696 2139 1792 2191 agit.

887 2199 913 2239 l.
934 2203 958 2240 3
977 2212 1010 2239 c.
1031 2201 1095 2240 13.

365 2332 469 2372 1297
574 2332 602 2372 3
698 2331 828 2360 Andron.
945 2331 1194 2369 Andronicus
1208 2331 1421 2381 imperator
1439 2334 1575 2366 nactus
1603 2327 1702 2365 clam
1724 2326 1792 2363 ia—

693 2370 825 2447 Mill-{el
890 2392 996 2424 ctum
1015 2386 1207 2424 famosum
1221 2386 1410 2434 libellum,
1437 2384 1480 2422 in
1498 2397 1575 2434 quo
1593 2382 1640 2420 de
1659 2381 1792 2419 multis

762 2457 790 2499 4
828 2439 836 2447 ⁶
889 2441 1164 2491 accusabatur,
1193 2442 1243 2480 ad
1261 2442 1461 2493 episcopos
1487 2439 1634 2475 clerum
1651 2450 1794 2474 mona-

891 2496 984 2535 chos
1009 2503 1048 2534 et
1062 2498 1252 2547 populum
1276 2500 1510 2534 convocatos
1531 2493 1685 2542 longam
1707 2506 1793 2530 ora-

890 2553 1036 2590 tionem
1056 2551 1209 2601 habuit,
1240 2565 1316 2602 qua
1338 2564 1378 2588 se
1402 2561 1566 2600 purgare
1591 2547 1638 2585 ab
1657 2547 1791 2585 omni-

889 2607 961 2645 bus
982 2606 1130 2645 obiecta
1165 2606 1318 2645 solicite
1337 2603 1550 2643 contendit.
1579 2603 1606 2642 l.
1626 2606 1651 2644 3
1673 2615 1708 2642 o.
1725 2605 1793 2645 22.

226 2679 252 2712 Ρ
275 2678 342 2712 614
940 2674 1024 2712 Hoc
1048 2687 1151 2711 anno
1191 2685 1320 2710 mense
1346 2669 1586 2722 Septembri,
1635 2668 1791 2720 quando

885 2733 961 2767 iam
992 2741 1100 2768 more
1128 2729 1366 2766 Graecorum
1391 2725 1600 2778 incipiebat
1628 2723 1793 2762 indictio

886 2785 1109 2834 undecima,
1150 2797 1264 2835 quam
1292 2782 1423 2821 Latini
1453 2787 1607 2820 tantum
1631 2777 1793 2818 inchoa-
