1820 3112
168 131 191 176 1
205 128 266 176 14
584 123 821 171 GEORGII
854 120 1206 168 PACHYMERIS

166 258 316 285 σταντο
336 255 345 264 ·
382 237 478 283 ἴνιοι
507 238 551 281 ‹5’
579 236 808 295 ἀσφάλειαν
837 237 940 295 παρ’
965 238 1122 281 ἐκείνων
1155 233 1396 293 ζητήσαντες
1414 235 1628 295 ξ’γγραφον,

166 307 192 366 ἦ
219 310 302 365 μὴν
330 308 528 365 ἀσφαλῶς
558 306 658 362 ἔχειν
676 311 751 362 τῆς
770 308 985 363 θεολογίας
1002 307 1077 361 τὴν
1097 306 1224 359 λέξιν,
1262 308 1329 349 καὶ
1358 305 1510 356 αὖτοὺς
1528 307 1630 349 ἐκεί-

165 395 284 430 νους,
323 379 358 419 εἶ
385 375 441 430 μὴ
476 375 579 432 παρ’
611 374 877 429 ἀνθρώποις,
915 373 1022 418 ἀλλά
1051 392 1093 430 γε
1126 374 1240 431 παρὰ
1259 378 1347 433 θεῷ
1364 375 1538 431 κρίνοντι
1557 375 1629 418 τὸν

166 444 285 502 λόγον
313 443 470 499 ὑπέχειν
482 477 495 496 ,
533 444 580 487 οὗ
603 443 859 501 πατριάρχην
874 442 1003 499 μόνον
1024 442 1129 486 ἀλλὰ
1153 445 1219 485 καὶ
1241 442 1437 499 ἀρχιερεῖς
1455 443 1553 493 τούς
1574 444 1631 493 εἷς

167 510 426 557 διδασκάλων
452 513 719 570 τεταγμένους
746 513 890 567 ἀξίαν,
929 517 1062 557 ταῦτα
1083 509 1327 568 ζητήσαντες
1347 513 1415 554 καὶ
1436 509 1664 566 λαβόντες-5

163 581 411 640 ὑπέγραφον.

47 649 76 700 l’
98 665 143 701 76
304 652 349 695 2.
416 648 575 705 Ὀλίγον
594 649 641 692 τό
663 645 817 703 μεταξύ
830 681 843 701 ,
880 650 947 691 καὶ
965 650 1021 698 εἷς
1031 654 1170 705 χεῖρας
1190 647 1363 704 γεγονὼς
1384 645 1406 691 ὅ
1425 644 1554 701 τόμος
1571 650 1632 705 τῷ

168 719 310 778 Βέκκῳ
332 717 560 774 παρέκνιζεν
583 716 780 768 ἀντιξύειν
803 717 873 760 τὸν
894 715 1057 768 ξύοντα.
1130 719 1197 759 καὶ
1214 716 1265 771 δὴ
1283 715 1359 759 κᾶν
1375 720 1542 766 πολλοῖς
1557 716 1632 770 μὲν

169 788 308 837 ἅλλοις
335 791 410 830 τοῦ
435 784 565 840 τόμον
589 783 890 840 ἐπελαμβάνετο
902 818 915 837 ,
950 783 1104 840 ταύτην
1123 786 1168 827 δὲ
1186 783 1367 839 μάλιστα
1390 784 1466 840 τὴν
1488 781 1634 840 ἐξήγη-

169 874 233 901 σιν
263 856 320 910 μὴ
345 859 479 904 καλῶς
502 855 676 909 ἔχουσαν
703 859 776 909 τῆς
807 855 962 904 ε’ννοιάς
989 856 1177 911 ἐπειρᾶτο
1202 851 1416 905 δεικνύειν,
1453 851 1552 907 ὦςῆ
1573 851 1631 908 μὴ
1645 861 1690 896 10

170 923 524 979 δμωνυμιζομένου
554 925 682 978 δῆθεν
713 927 788 966 τοῦ
822 922 1057 979 προβολέως
1088 923 1155 965 καὶ
1185 922 1284 965 ποτὲ
1315 922 1390 976 μὲν
1419 923 1475 971 εἷς
1502 921 1633 964 arnor

118 1000 147 1034 Β
171 991 530 1046 ἔκλαμβανομένου
569 992 667 1034 ποτὲ
704 992 749 1034 δὲ
784 992 840 1040 εἷς
865 989 992 1046 δότην
1023 992 1090 1033 καὶ
1115 987 1294 1047 χορηγόν
1322 1007 1366 1034 τε
1394 991 1462 1032 καὶ
1493 988 1636 1040 ἆπλῶς

167 1061 373 1117 παροχέα,
411 1058 437 1114 ἢ
467 1062 502 1103 εἷ
527 1060 666 1113 μέλλοι
690 1058 847 1102 ἁπλοῦν
870 1059 916 1102 τὸ
935 1059 1163 1115 προβολεῦς
1182 1062 1498 1113 συντηρεῒσθαι,
1537 1062 1636 1113 μιᾶς

169 1131 326 1179 ἐννοίας
347 1129 572 1183 ὁηλωτικᾶς
591 1127 691 1172 εἶναι
709 1126 864 1186 ἀνάγκῃ
885 1130 951 1170 καὶ
970 1127 1208 1184 ἀμφοτέρας
1227 1127 1302 1177 τὰς
1318 1126 1465 1178 λέξεις,
1496 1124 1571 1182 τήν
1590 1143 1633 1169 τε

167 1199 224 1248 εἷς
255 1197 302 1240 τὸ
333 1195 435 1240 εἶναι
462 1195 642 1252 πρόοδον
663 1198 730 1239 καὶ
753 1197 828 1251 τὴν
850 1198 906 1246 εἷς
928 1196 1059 1240 ἀΐδιον
1081 1196 1275 1253 ἴκφανσιν
1286 1228 1299 1248 ,
1323 1197 1405 1239 ’καὶ
1427 1193 1558 1245 οὕτως
1578 1196 1688 1245 sig-15

166 1265 320 1309 ταύτὸν
356 1265 586 1322 συντρέχειν
615 1266 750 1324 ἐκείνῳ
777 1265 849 1308 τὸν
881 1263 936 1315 ὥς
970 1267 1101 1320 δῆθεν
1133 1262 1440 1321 διαφερόμενον.
1508 1267 1633 1307 τοῦτο

166 1332 334 1391 γράψας
356 1335 422 1376 καὶ
451 1334 619 1387 πέμψας
636 1335 716 1375 τισὶ
735 1337 818 1376 τῶν
837 1333 966 1376 αὐτοῦ
983 1339 1146 1389 παρεῖχε
1165 1333 1238 1388 τὴν
1259 1334 1348 1388 περὶ
1369 1330 1527 1375 τούτων
1546 1333 1634 1388 κρί-

47 1414 77 1448 Ρ
100 1416 144 1452 77
168 1420 233 1446 σιν
253 1409 341 1452 τοῖς
364 1401 506 1459 ὀρθῶς
535 1399 728 1455 ἐξετάζειν
759 1402 986 1446 ἐθέλουσιν.
1059 1401 1107 1445 οὐ
1124 1401 1206 1457 μὴν
1231 1402 1276 1444 δὲ
1294 1400 1390 1444 ἀλλ’
1412 1400 1507 1445 οὐδ’
1532 1400 1635 1443 ἐκεί-

262 1523 316 1558 16.
341 1520 414 1567 ὥς]
439 1523 492 1565 εἰς
514 1523 554 1558 Ρ.

167 1624 262 1670 prius
292 1624 489 1669 patriarcba
519 1630 556 1660 et
589 1625 744 1672 episcopi
777 1625 937 1671 scriptam
970 1626 1159 1660 cautionem
1193 1625 1338 1666 darent,
1373 1637 1443 1671 qua.
1471 1624 1506 1658 in
1537 1634 1635 1658 suum

167 1672 318 1717 ipsorum
351 1677 455 1715 caput
483 1683 581 1705 omne
611 1673 794 1717 periculum
827 1672 1004 1715 ambiguae
1037 1671 1194 1705 dictionis
1218 1676 1436 1713 averterent,
1468 1670 1519 1705 ita
1541 1674 1581 1704 ut
1603 1667 1635 1703 si

167 1717 249 1761 quid
272 1729 313 1751 ea
335 1727 440 1750 sanae
462 1717 504 1751 de
527 1719 590 1751 deo
615 1718 789 1752 doctrinae
810 1729 848 1751 re
872 1729 955 1751 vera
977 1718 1181 1751 contrarium
1199 1722 1353 1759 sonaret,
1376 1717 1489 1751 fraudi
1510 1716 1544 1750 id
1568 1726 1636 1749 non

168 1764 260 1797 foret
289 1763 380 1806 sibi,
411 1763 470 1808 qui
503 1764 611 1798 aliena
642 1764 744 1798 tracti
776 1763 982 1798 auctoritate
1010 1764 1111 1797 istam
1142 1763 1344 1797 locutionem
1374 1763 1636 1808 approbassent,

167 1808 228 1843 sed
250 1809 323 1843 eius
346 1808 398 1842 rei
420 1814 495 1844 tota
518 1810 634 1855 culpa,
669 1809 699 1843 si
731 1809 841 1843 minus
865 1809 952 1854 apud
984 1809 1157 1850 homines,
1191 1814 1285 1843 certe
1308 1809 1399 1853 apud
1423 1809 1524 1842 deum
1545 1806 1636 1842 indi-

167 1866 258 1896 cem,
291 1854 513 1899 imputaretur
545 1855 741 1890 auctoribus
766 1860 802 1889 et
839 1855 1037 1889 suasoribus
1071 1854 1171 1888 istius
1199 1854 1474 1900 approbationis,
1507 1854 1636 1900 quippe

167 1900 376 1934 doctioribus
399 1900 564 1936 ecclesiae
586 1906 691 1947 atque
712 1901 746 1935 in
770 1901 1008 1945 magistrorum
1036 1901 1256 1935 communium
1281 1900 1447 1945 dignitate
1469 1901 1637 1934 constitu-

167 1946 234 1987 tis,
266 1946 317 1979 bis
340 1946 422 1981 data
443 1947 480 1981 in
502 1958 634 1982 manum
659 1952 712 1982 est
735 1959 835 1993 quam
858 1947 1023 1993 petebant
1044 1947 1249 1991 syngrapha.
1295 1958 1364 1993 qua
1387 1951 1532 1992 accepta
1553 1945 1638 1980 sub-

167 1991 387 2036 scripserunt.
1404 1997 1407 1999 ’

260 2038 294 2072 2.
341 2037 456 2071 Breve
478 2037 514 2072 in
536 2038 646 2073 medio
669 2038 815 2084 spatium
828 2063 839 2080 ‚
871 2041 908 2072 et
929 2038 1082 2084 perlatus
1106 2043 1220 2073 tomus
1242 2037 1278 2072 in
1300 2039 1422 2072 manus
1443 2035 1548 2071 Vecci
1572 2046 1639 2082 pu-

168 2082 266 2127 pugit
295 2083 518 2126 irritabilem,
562 2096 604 2119 ac
634 2085 737 2120 facile
769 2084 919 2130 perpulit
953 2085 997 2119 ad
1027 2084 1306 2129 reciprocandam
1341 2095 1416 2119 cum
1449 2082 1639 2118 lacessente

169 2129 394 2162 contentionis
419 2140 557 2164 serram.
606 2142 647 2165 ac
670 2131 774 2165 multa
796 2130 1010 2176 illequidem
1034 2134 1071 2164 et
1093 2130 1160 2165 alia
1182 2131 1215 2164 in
1239 2135 1330 2165 tomo
1352 2128 1641 2176 reprehehdebau

169 2174 230 2207 sed
259 2174 459 2218 praesertim
491 2175 689 2211 incursabat
719 2175 964 2222 expositionem
986 2177 1020 2211 in
1045 2188 1086 2210 eo
1109 2176 1272 2210 traditam
1298 2175 1490 2210 sententiae
1511 2174 1640 2208 Dama-

170 2219 282 2261 sceni,
306 2219 423 2254 vitium
447 2220 519 2255 eius
543 2222 772 2257 demonstrare
795 2223 883 2256 hunc
905 2223 942 2257 in
962 2222 1096 2257 modum
1118 2228 1289 2267 satagens.
1335 2223 1408 2256 sive
1431 2220 1541 2261 enim,
1564 2218 1638 2253 aie—

170 2265 254 2307 bat,
284 2264 450 2310 singulari
473 2271 508 2300 et
530 2267 630 2301 unica
657 2273 849 2303 contentum
873 2269 1010 2304 notione
1038 2280 1104 2302 non
1128 2274 1182 2302 est
1205 2268 1404 2302 vocabulum
1434 2261 1640 2312 προβολεῦς

169 2311 374 2355 productor,
409 2311 468 2345 sed
493 2312 672 2357 aliquando
696 2314 833 2359 quidem
854 2314 888 2348 in
913 2314 1071 2360 principii
1094 2313 1199 2348 activi
1223 2313 1418 2358 significatu
1439 2315 1639 2356 usurpatur,

170 2356 352 2401 aliquando
379 2362 491 2391 autem
513 2358 596 2392 nihil
620 2359 713 2393 aliud
736 2363 835 2393 sonat
858 2360 922 2394 nisi
948 2361 1122 2401 datorem,
1156 2363 1390 2404 suggestorem
1416 2361 1452 2391 et
1475 2355 1639 2402 simplici-

170 2406 225 2435 ter
247 2401 498 2446 praebitorem,
532 2403 605 2437 sive
627 2415 694 2438 una
718 2410 771 2438 est
794 2410 830 2438 et
853 2405 998 2451 simplex
1021 2406 1116 2439 vocis
1138 2404 1237 2438 istius
1260 2407 1434 2450 potestas,
1471 2413 1581 2447 aeque
1602 2401 1638 2435 in

169 2446 304 2482 utrovis
328 2458 410 2488 casu
433 2460 575 2482 necesse
598 2452 651 2482 est
673 2450 775 2484 fateri
797 2461 898 2484 unum
932 2451 1089 2495 idemque
1111 2461 1234 2484 sonare
1258 2450 1374 2483 ambas
1397 2448 1471 2482 illas
1493 2447 1638 2482 locutio—

170 2504 250 2534 nes,
272 2492 432 2527 videlicet
454 2494 702 2539 processionem
726 2495 762 2529 in
786 2495 970 2529 extantiam
993 2501 1028 2529 et
1051 2495 1301 2540 processionem
1322 2493 1358 2527 in
1381 2499 1554 2528 aeternam
1577 2504 1639 2527 ex-

170 2538 484 2584 splendescentiam.
531 2540 649 2584 sicque
680 2541 780 2585 plane
811 2541 964 2575 recidere
987 2540 1022 2575 in
1042 2541 1176 2574 irritum
1199 2551 1314 2575 omnes
1338 2539 1462 2585 Cyprii
1484 2542 1637 2581 conatus,

170 2596 247 2619 cum
268 2584 303 2619 in
325 2584 414 2619 idem
438 2585 616 2620 manifeste
638 2591 842 2620 concurrant
873 2598 962 2632 quae
984 2586 1042 2619 ille
1064 2587 1196 2620 frustra
1218 2586 1428 2630 distinguere
1451 2585 1638 2621 contendit.

167 2630 255 2665 haec
293 2635 370 2665 erat
407 2631 513 2666 Vecci
561 2631 864 2677 argumentationis
902 2643 1030 2666 summa
1060 2631 1190 2677 scripto
1223 2631 1398 2677 prolixiori
1429 2631 1638 2666 declaratae.

166 2677 259 2722 quod
280 2675 339 2710 ille
360 2676 525 2722 scriptum
549 2689 623 2712 cum
646 2678 690 2712 ad
713 2677 876 2723 quosdam
897 2677 963 2711 sibi
986 2677 1242 2712 adhaerentium
1263 2677 1422 2720 misisset,
1448 2678 1639 2723 dispersum

166 2722 209 2756 ab
233 2722 302 2756 illis
325 2726 401 2765 est,
423 2725 458 2757 et
479 2722 615 2758 iudiciis
638 2724 826 2768 expositum
850 2723 1013 2758 lectorum
1037 2724 1083 2758 ad
1103 2723 1270 2769 liquidum
1294 2723 1474 2769 explorare
1496 2723 1639 2758 studen-

163 2767 249 2803 tium
277 2767 458 2804 veritatem
485 2769 575 2804 recti
606 2769 792 2815 dogmatis,
825 2780 967 2817 quorum
996 2780 1034 2804 se
1069 2770 1222 2805 censuris
1250 2780 1346 2805 snam
1369 2769 1639 2817 disputationem
