1858 3126
519 171 621 214 LIB.
648 170 683 216 1.
754 168 1119 214 GLOSSARIUM.
1436 167 1532 214 701

99 278 224 336 &cirac
239 275 386 330 αὐτοῦ,
414 276 444 333 ἦ
466 276 739 330 ἕξεδούλευσεν
765 275 866 332 ὑπὲρ
891 273 948 318 ὧν
974 273 1183 332 ἕρογεῦθη.
1239 275 1317 315 hoc
1334 281 1393 315 est
1410 276 1539 316 inter-

97 343 209 390 prete
237 337 420 376 Gretsero
448 343 605 375 nostroe
643 337 883 388 logariastes
910 335 1032 371 aulae
1053 340 1238 372 numerat
1263 341 1299 371 et
1332 340 1538 385 computat

99 406 231 430 omnes
248 394 396 430 milites
416 395 490 444 qui
511 394 553 430 in
572 393 673 429 aula
691 390 890 443 stipendia
908 397 1072 438 merent5
1102 397 1137 427 et
1157 389 1321 441 dispicit
1338 387 1541 440 numquid

97 449 230 486 alicui
249 448 297 486 de
320 448 519 500 stipendio
543 447 664 494 desit,
704 455 778 485 aut
797 461 896 485 num
907 447 1024 498 plene
1042 446 1277 497 satisfecerit
1297 460 1372 497 pro
1392 448 1539 496 stipen-

99 503 168 542 dio
199 503 311 556 quod
341 507 504 556 accepit.
568 503 743 542 meminit
779 503 896 541 huius
931 502 1053 540 officii
1085 515 1197 554 saepe
1236 502 1327 539 alibi
1353 502 1537 540 eodinus.

98 566 182 598 erat
203 567 242 598 et
259 561 359 598 alius
380 560 618 610 Logariastes
636 573 798 610 magnus
820 565 1052 598 memoratus
1072 559 1193 596 eidem
1217 571 1298 595 non
1325 557 1464 605 semel,
1493 563 1538 596 ut

34 623 38 626 '
97 630 132 654 c.
151 619 179 656 2
197 629 235 654 11.
263 617 330 659 40.
387 616 435 654 ab
464 615 542 654 hoc
570 616 679 668 prior
703 615 957 666 distinguitur
982 614 1168 652 adiuncto
1187 614 1299 652 aulae
1325 614 1536 652 vocabulo.

97 671 205 722 quod
223 685 245 708 a
264 671 417 710 Codino
433 673 620 710 scribitur
641 685 676 714 c.
692 673 718 714 5
737 685 776 709 n.
795 674 844 713 61
868 671 916 708 de
936 671 1156 721 Logariaste
1175 670 1295 718 aulae,
1331 664 1448 717 οὗτος
1462 666 1536 710 ov’n

96 726 173 779 ἔχει
186 741 224 767 τι
246 725 522 781 ὖπερηρέτημα
552 731 652 779 νῦν,
692 742 822 765 carere
842 741 945 764 nunc
963 729 1195 776 functione,
1225 726 1340 764 facile
1369 726 1536 776 quadrat

95 782 137 820 in
161 781 257 820 haec
277 790 345 821 aut
366 785 484 836 paulo
505 785 719 835 posteriora
747 783 809 822 his
834 790 1032 835 tempora,
1073 783 1214 834 quibus
1245 782 1393 820 vixisse
1412 782 1534 818 Codi-

93 851 170 876 nus
204 845 367 890 putatur
392 840 755 888 subACantacuzeno
790 845 857 876 aut
887 853 974 877 cum
1009 839 1102 887 illo,
1130 838 1207 876 hoc
1232 845 1290 876 est
1307 837 1533 889 principatu

93 894 311 933 Andronici
330 895 520 943 Iunioris,
549 895 663 934 huius
686 895 927 944 Andronici,
958 895 1070 934 cuius
1087 894 1290 933 historiam
1312 892 1531 945 Pachyme-

93 963 157 988 res
186 949 264 989 hoc
291 964 408 1003 opere
433 952 575 1000 tradit,
613 952 767 1004 nepotis
787 957 826 988 et
843 951 1054 1002 aliquando
1082 951 1264 1001 collegae.
1320 963 1411 988 cum
1428 950 1529 988 enim

93 1018 145 1044 ex
169 1005 231 1045 his
259 1019 359 1058 quae
381 1020 494 1059 saepe
520 1008 698 1058 superius
726 1013 860 1046 noster
882 1013 1044 1059 questus
1064 1013 1123 1045 est
1157 1007 1206 1045 de
1226 1006 1399 1056 neglecta
1419 1006 1529 1043 solu-

90 1062 199 1100 tione
215 1062 449 1114 pensionum
467 1063 655 1102 militibus
673 1063 930 1113 decretarum,
958 1077 1055 1115 quas
1075 1059 1197 1117 ρόγας
1213 1062 1384 1100 Codinus
1403 1068 1443 1099 et
1460 1061 1530 1099 alii

90 1124 260 1168 vocant,
286 1118 529 1169 intelligatur
545 1120 687 1158 sensim
706 1120 914 1158 inductum
934 1120 1007 1158 sub
1026 1119 1253 1158 Andronico
1269 1118 1415 1157 seniori
1436 1131 1528 1155 mo-

90 1186 174 1212 rem
189 1174 362 1226 primum
383 1188 470 1213 sero
490 1188 562 1213 nec
578 1175 727 1226 integre
746 1177 923 1214 solvendi
939 1176 1047 1227 quod
1066 1175 1325 1213 constitutum
1343 1174 1528 1212 militan-

89 1229 195 1268 tibus
216 1235 323 1279 erat,
354 1230 513 1280 deinde,
542 1237 588 1268 ut
608 1239 790 1283 apparet,
818 1245 980 1282 prorsus
999 1231 1179 1282 negandi,
1207 1230 1339 1268 locum
1357 1230 1527 1280 amplius

91 1298 171 1322 non
187 1284 325 1323 habuit
341 1286 493 1324 functio
512 1287 757 1336 Logariastae
780 1287 902 1335 aulae,
934 1287 965 1324 si
988 1288 1068 1325 eius
1088 1293 1192 1335 erat,
1222 1292 1268 1324 ut
1288 1291 1347 1323 est
1365 1286 1527 1333 dictum,

90 1340 297 1392 providere
316 1348 362 1379 ut
379 1341 527 1391 integre
548 1343 751 1392 pensiones
769 1342 866 1380 istac
882 1357 955 1394 pro
972 1343 1088 1380 modo
1108 1347 1272 1379 navatae
1291 1355 1430 1392 operae
1446 1354 1527 1378 nu-

90 1403 342 1435 merarentur.
396 1398 525 1447 potuit
544 1405 670 1435 tamen
693 1411 835 1435 nomen
856 1405 893 1436 et
911 1398 1040 1436 honor
1061 1398 1178 1436 huius
1195 1398 1442 1448 magistratus
1458 1411 1526 1435 re-

89 1451 233 1502 tineri,
269 1452 375 1503 quod
398 1453 463 1490 hic
482 1460 614 1493 noster
633 1454 800 1503 indicat,
835 1454 906 1492 etsi
926 1453 1004 1492 iam
1021 1459 1107 1492 tum
1128 1455 1230 1492 forte
1243 1484 1253 1503 ,
1283 1454 1315 1492 si
1338 1454 1525 1501 Codhms,

90 1507 202 1546 cuius
225 1514 328 1546 aetas
347 1515 404 1547 est
421 1510 599 1561 incerta,
621 1510 694 1548 sub
712 1511 938 1548 Andronico
959 1510 1112 1549 seniore
1132 1509 1308 1562 scripsit,
1337 1510 1418 1548 eius
1445 1509 1525 1548 mi—

89 1562 313 1610 nisterium,
340 1562 586 1617 ὖπηρὲτημα,
617 1572 815 1608 cessasset.

199 1619 609 1674 Μαιμακτηριτόν
637 1626 767 1674 p.382
779 1635 817 1660 v.
830 1624 894 1664 19.
953 1634 1046 1659 cave
1065 1627 1176 1673 putes
1192 1621 1270 1659 hoc
1292 1627 1339 1660 ut
1358 1621 1442 1659 aliis
1459 1621 1525 1659 lo·

90 1673 147 1713 cis
168 1673 288 1713 huius
302 1675 490 1715 historiae
507 1678 632 1729 priori
649 1685 785 1716 nostro
799 1678 997 1716 Glossario
1018 1678 1202 1716 indicatis
1216 1680 1525 1730 Μαιμακτηριῶ-

88 1746 140 1770 να
158 1730 312 1770 Iunium
332 1732 422 1770 dici.
476 1741 667 1785 repugnat
694 1735 896 1772 manifeste
917 1734 1119 1772 character
1141 1735 1270 1774 feriae.
1328 1747 1416 1770 nam
1434 1746 1523 1770 cer-

85 1786 278 1825 tissimum
298 1794 356 1825 est
370 1802 515 1826 annum
535 1804 611 1840 quo
636 1790 703 1828 hic
731 1796 887 1829 narrata
913 1791 992 1840 geri
1021 1790 1204 1840 contigit,
1232 1789 1350 1827 fuisse
1376 1787 1522 1825 Christi

90 1842 211 1889 1804,
232 1843 298 1891 qui
317 1843 400 1880 sine
417 1845 499 1881 ulla
519 1847 785 1884 controversia
812 1846 967 1896 cyclum
987 1847 1080 1884 solis
1105 1844 1324 1883 numeravit
1343 1846 1409 1886 25.
1426 1843 1519 1895 quia

88 1907 184 1933 vero
198 1897 408 1935 bissextilis
427 1900 501 1936 suit
512 1929 523 1948 ‚
554 1901 748 1951 duplicem
771 1901 909 1939 habuit
930 1902 1098 1939 indicem
1116 1900 1333 1938 dominicae
1349 1901 1517 1946 literam,

89 1951 121 1989 E
145 1957 184 1988 et
211 1952 256 2000 D,
283 1966 445 2003 quarum
467 1955 578 2005 prior
598 1970 715 2005 usque
735 1957 784 1995 ad
803 1959 857 1999 28
878 1957 1080 1995 Februarii
1105 1957 1221 2004 diem,
1248 1955 1403 2005 reliquo
1422 1955 1516 1992 iude

86 2013 260 2058 tempore
275 2010 467 2058 posterior
485 2010 525 2047 in
545 2024 619 2047 usu
638 2012 726 2050 suit.
779 2025 908 2049 mense
926 2013 1047 2062 igitur
1066 2011 1190 2059 lunio,
1219 2011 1252 2047 si
1273 2010 1355 2048 eius
1372 2011 1515 2048 memi-

85 2061 209 2100 nisset
225 2062 408 2101 hocloco
430 2064 695 2116 pachymeres,
723 2073 920 2118 oporteret
939 2069 980 2104 in
1000 2067 1235 2104 Kalendario
1255 2065 1304 2103 ad
1324 2066 1427 2104 latus
1446 2067 1514 2105 vi-

85 2118 251 2170 gesimae
280 2119 429 2171 primae
459 2120 534 2158 diei
558 2121 711 2160 literam
739 2123 770 2159 B
795 2122 967 2160 indicem
992 2129 1123 2160 sextae
1137 2122 1274 2170 feriae,
1306 2122 1461 2173 quando
1478 2124 1512 2160 D

84 2173 251 2226 primam
271 2175 444 2225 designat
460 2177 616 2226 feriam,
644 2177 799 2228 signari.
856 2178 964 2227 atqui
989 2185 1146 2226 contra,
1173 2184 1219 2215 ut
1235 2178 1361 2230 palam
1380 2179 1513 2217 cerni-

83 2235 170 2279 tur,
198 2230 231 2267 D
256 2231 384 2281 litera,
424 2230 624 2270 character
654 2233 837 2271 videlicet
866 2233 1082 2271 dominicae
1110 2234 1251 2285 ipsius,
1286 2234 1514 2284 vigesimam

83 2285 251 2337 primam
272 2287 377 2325 Iunii
394 2287 495 2325 diem
514 2287 687 2339 insignit.
744 2303 824 2326 non
841 2289 959 2339 igitur
976 2290 1023 2328 de
1042 2290 1158 2327 Iunio
1176 2289 1243 2327 hic
1263 2303 1407 2328 sermo.
1443 2291 1513 2328 vi-

85 2341 145 2378 dit
172 2340 251 2379 hoc
278 2343 450 2395 quisquis
476 2351 533 2382 est
556 2351 691 2383 auctor
702 2344 980 2397 paraphraseos
1003 2346 1222 2384 vaticanae.
1277 2358 1368 2384 nam
1387 2345 1422 2384 is
1438 2347 1512 2384 etsi

85 2396 180 2434 alibi
202 2411 352 2450 semper
379 2403 721 2452 Μαιμακτηριῶνα
746 2401 904 2439 Iunium
923 2401 1077 2451 reddit,
1113 2401 1169 2439 sic
1188 2407 1344 2454 praeter
1359 2416 1509 2442 morem

83 2449 192 2490 hunc
207 2453 339 2492 locum
354 2454 612 2508 παραφρᾶζει.
658 2456 784 2512 ἡμέρᾳ
801 2454 873 2508 μὲν
886 2452 961 2497 οὖν
982 2460 1210 2512 παρασκευῇ
1230 2457 1387 2512 εἰκοστῇ
1399 2455 1510 2511 πρᾶτ’-

83 2521 132 2561 τῃ
148 2511 221 2548 τοῦ
235 2505 395 2551 Ἰουλίου
412 2510 531 2563 μηνὸς
547 2518 619 2550 etc.
662 2519 857 2552 caeterum
879 2512 946 2551 hic
964 2513 1137 2563 argutior
1152 2513 1195 2551 in
1214 2513 1411 2552 odoranda
1430 2528 1508 2551 vo-

85 2562 143 2599 cis
164 2564 478 2620 Μαιμακτηριαὶν
494 2569 657 2620 ancipiti
681 2569 841 2608 notione
867 2582 982 2620 quam
1014 2569 1163 2607 felicior
1186 2569 1227 2607 in
1245 2583 1325 2607 una
1350 2583 1440 2609 vera
1458 2582 1508 2607 ex

83 2617 263 2668 pluribus
288 2622 539 2662 discernenda
569 2625 656 2663 fuit.
713 2638 787 2664 nec
811 2625 914 2663 enim
940 2625 1039 2663 Iulio
1067 2625 1188 2663 mensi
1217 2625 1419 2664 character
1441 2624 1508 2663 hic

86 2676 267 2736 ⁰⁰¹²&st
287 2683 333 2714 ut
349 2681 399 2720 21
422 2679 523 2717 diem
542 2681 654 2718 litera
674 2681 704 2719 B
724 2682 912 2732 insignem
930 2680 1082 2719 habeat.
1117 2687 1210 2719 nota
1230 2681 1326 2720 haec
1343 2680 1506 2733 propria

81 2729 232 2767 sextilis
258 2731 340 2770 sive
361 2733 527 2784 Augusti
551 2738 693 2775 mensis
722 2743 801 2786 est,
838 2743 877 2775 et
914 2737 1071 2788 quidem
1093 2737 1213 2775 solius
1239 2737 1343 2775 inter
1367 2750 1504 2775 omnes

81 2783 173 2821 anni
200 2798 358 2826 menses.
412 2790 520 2829 unde
555 2805 636 2831 non
663 2793 821 2833 videtur
854 2792 1109 2832 dubitandum
1143 2792 1241 2845 quin
1267 2805 1384 2845 quem
1410 2792 1502 2832 alibi
