1858 3126
539 173 590 214 u
596 174 644 217 Β.
675 172 750 218 111.
819 174 1292 219 OERONOLOGICUS
1300 210 1309 218 .
1556 180 1652 225 855

196 277 294 339 ,δ’
340 278 491 307 ¹¹⁰·”0'
522 277 605 314 ¹¹¹¹PP
625 278 687 306 η’·
734 281 882 322 aientia
919 284 1129 337 impetrata
1173 285 1384 325 denuntiat
1429 287 1466 325 ei
1510 287 1655 328 dixisse

333 311 497 408 Lfflss'
568 319 656 386 ⁸⁸⁸⁸-
677 380 685 386 ,
733 339 991 379 Athanasium
1011 355 1052 380 se
1071 349 1276 393 praesente
1298 343 1397 381 iram
1418 342 1481 381 dei
1500 345 1591 382 urbi
1608 360 1653 384 ac

364 378 496 440 ‘'5⁴¹¹“
528 378 685 407 ‘mamm'
730 397 877 448 populo
901 397 1105 436 imminere
1124 399 1366 451 proximam,
1394 405 1435 438 et
1450 412 1594 451 cupere
1611 415 1653 440 se

200 449 306 492 1304
573 452 629 492 22
730 459 779 491 ut
792 455 927 492 statim
944 456 1143 505 Augustus
1164 456 1318 494 iuberet
1344 469 1414 507 per
1433 457 1562 494 omnia
1578 471 1652 496 ur-

524 501 673 531 M³⁶¹¹³³³L
729 510 788 547 bis
805 512 1040 549 monasteria
1069 512 1176 550 orari
1204 518 1245 555 et
1265 512 1490 563 pervigilari
1506 527 1530 550 a
1550 527 1651 552 cun-

574 543 625 583 ll
727 566 801 604 ctis
815 572 903 605 toto
920 568 1067 607 triduo.
1115 568 1324 618 arripiente
1343 569 1546 607 consilium
1564 570 1651 609 Au-

723 628 838 673 gusto
865 625 999 675 statim
1030 626 1112 676 ipsa
1138 632 1254 662 nocte
1278 625 1486 663 mandatae
1514 639 1649 677 preces

725 679 967 720 indicuntur.
1021 681 1211 732 postridie
1231 694 1346 720 mane
1369 682 1649 720 animadvertit

722 735 935 786 imperator
953 736 1080 774 lenem
1099 743 1228 776 terrae
1238 743 1405 783 motum,
1433 737 1552 788 idque
1566 752 1647 777 esse

720 792 876 830 initium
886 793 976 830 mali
990 793 1039 830 ab
1046 793 1262 831 Athanasio
1276 796 1543 845 praenuntiati
1552 809 1646 833 ceu-

721 849 811 887 suit.
871 849 935 886 die
969 863 1064 888 mox
1097 851 1259 901 septima
1293 850 1443 888 decima
1477 852 1647 890 ianuarii

720 910 851 942 terrae
867 911 999 943 motus
1017 906 1153 946 extitit
1172 906 1455 957 vehementior,
1476 921 1556 945 non
1580 916 1645 946 ta-
1670 912 1699 946 P
1722 913 1790 946 620

719 974 809 998 meu
828 961 896 1012 qui
914 975 1039 1012 usque
1064 962 1116 1001 ad
1135 962 1403 1005 aedificiorum
1420 963 1648 1007 subversio-

720 1030 806 1054 nem
820 1018 1089 1057 invalesceret.
1118 1024 1216 1056 tunc
1233 1033 1314 1064 non
1331 1020 1526 1058 dubitavit
1546 1022 1642 1072 quin

718 1074 934 1115 revelatum
955 1074 1170 1113 Athanasio
1188 1076 1326 1116 fuisset
1345 1076 1530 1126 ingruens
1554 1078 1645 1116 urbi

717 1130 972 1180 periculum„
986 1137 1025 1182 gt
1042 1132 1138 1181 quin
1157 1131 1507 1183 supplicationibus
1526 1133 1574 1170 ab
1597 1147 1643 1171 eo

717 1187 964 1238 praescriptis
984 1188 1104 1225 noxia
1122 1187 1182 1226 vis
1204 1194 1334 1226 terrae
1353 1194 1483 1233 motus
1502 1188 1644 1227 debili-

719 1248 799 1280 tata
814 1243 962 1281 fuisset.
1020 1244 1127 1281 unde
1143 1244 1272 1294 ipsum
1291 1250 1492 1294 tamquam
1509 1244 1644 1283 homi-

716 1312 806 1337 uem
826 1299 900 1337 deo
921 1313 1057 1338 carum
1076 1300 1252 1351 suspexit
1278 1306 1319 1337 et
1345 1300 1388 1337 in
1409 1300 1557 1339 throno
1575 1314 1644 1339 re-

718 1368 865 1406 ponere
893 1355 1081 1396 dem-evit.
1141 1356 1205 1393 die
1227 1359 1279 1398 18
1294 1356 1465 1394 Ianuarii
1491 1371 1642 1395 convo-

717 1412 813 1454 catis
837 1411 1052 1463 imperator
1077 1412 1267 1463 episcopis
1304 1412 1571 1456 ecclesiasticis
1602 1420 1642 1451 et

716 1467 916 1505 monachis
942 1468 1125 1507 disseruit
1144 1467 1193 1506 de
1214 1469 1375 1506 consilio
1403 1469 1476 1506 sibi
1501 1482 1639 1520 sugge—

715 1529 778 1561 sto
793 1531 834 1561 et
847 1531 982 1562 secuto
994 1532 1085 1576 post
1100 1524 1178 1562 hoc
1190 1531 1346 1572 eventu,
1362 1538 1504 1562 nomen
1515 1525 1640 1563 Atha-

716 1581 812 1617 nasii
830 1581 1009 1619 reticens.
1066 1581 1158 1618 inde
1177 1581 1239 1618 die
1264 1584 1314 1622 19
1334 1581 1506 1618 eiusdem
1527 1595 1641 1619 men-

714 1636 766 1673 sis
787 1636 838 1674 ad
858 1643 1022 1674 cunctos
1043 1650 1125 1674 non
1150 1638 1277 1674 solum
1303 1637 1581 1682 ecclesiasticos
1601 1644 1641 1679 et

714 1692 947 1742 monachos,
975 1693 1045 1731 sed
1065 1700 1106 1731 et
1136 1694 1239 1731 cives
1266 1693 1478 1732 convenire
1501 1694 1639 1742 iussos,

713 1750 942 1787 concionem
965 1749 1007 1787 in
1040 1749 1204 1786 eandem
1234 1749 1464 1786 sententiam
1483 1748 1636 1797 habuit,

712 1805 990 1846 commendans
1030 1805 1320 1846 innominatum
1356 1803 1487 1844 adhuc
1525 1805 1639 1848 illum

714 1861 889 1898 vaticinii
929 1867 970 1898 et
1011 1861 1160 1898 consilii
1200 1860 1381 1897 salutaris
1423 1866 1638 1899 auctorem.

714 1923 799 1952 tum
821 1928 871 1952 ex
894 1916 977 1966 ipsa
1000 1917 1207 1966 concione,
1236 1917 1432 1966 professus
1460 1915 1570 1957 adire
1597 1929 1639 1953 se

714 1970 896 2020 protinus
916 1971 1016 2008 velle
1032 1971 1267 2021 prophetam
1287 1971 1515 2020 beneficum,
1534 1979 1580 2010 ut
1595 1985 1638 2009 se

713 2032 970 2075 sequerentur
1002 2027 1190 2070 invitavit
1227 2027 1455 2076 universos;
1502 2028 1636 2077 sicque

712 2082 793 2118 sere
823 2083 975 2124 cunctis
1014 2082 1290 2127 comitantibus
1324 2095 1365 2124 se
1404 2085 1556 2127 confert
1583 2085 1635 2121 ad

713 2136 989 2184 Athanasium,
1018 2150 1134 2187 quem
1162 2139 1290 2189 primo
1317 2139 1405 2176 visu
1430 2140 1634 2190 episcopo-

711 2206 803 2230 rum
821 2193 995 2243 plerique
1016 2193 1282 2243 patriarcham
1304 2194 1632 2249 acclamaverunt,

714 2249 762 2284 ad
781 2250 949 2298 regimen
969 2249 1148 2286 ecclesiae
1170 2250 1450 2287 resumendum
1465 2250 1632 2289 hortan-

713 2310 781 2354 tes,
815 2306 898 2355 ipso
919 2305 1011 2341 ficta
1025 2305 1215 2346 modestia
1234 2312 1451 2354 recusante,
1479 2313 1519 2344 et
1538 2313 1632 2344 tan-

710 2367 798 2397 tum
817 2366 972 2410 petente
989 2361 1300 2412 impeti-anteque
1328 2363 1458 2400 statim
1481 2363 1530 2399 ab
1554 2364 1630 2400 im·-

712 2422 891 2466 peratore
910 2417 1187 2455 auctoritatem
1208 2417 1438 2465 sublevandi
1467 2431 1631 2469 oppres-

711 2485 787 2510 ωε.
844 2471 950 2509 unde
970 2473 1129 2523 contigit
1145 2474 1318 2512 omnium
1330 2487 1451 2524 paene
1470 2475 1512 2510 in
1534 2474 1630 2510 urbe

711 2540 843 2565 rerum
871 2540 1089 2578 supremam
1116 2534 1347 2580 potestatem
1376 2529 1447 2580 ipsi
1476 2529 1630 2576 desei-ri,

712 2584 862 2623 cunctis
899 2583 951 2620 ad
987 2584 1098 2622 illum
1128 2597 1179 2622 ex
1208 2597 1452 2636 quocumque
1482 2584 1628 2622 iudicio

710 2640 1028 2690 provocantibus.
1070 2646 1284 2687 narrantur
1300 2640 1396 2678 haec
1414 2641 1535 2679 fusius
1552 2641 1626 2678 tri-

711 2697 785 2734 bus
799 2695 946 2734 ultimis
964 2695 1156 2748 capitibus
1175 2696 1201 2733 l.
1225 2696 1252 2736 4
1270 2703 1311 2734 et
1331 2700 1351 2737 1
1383 2696 1411 2738 l.
1432 2696 1472 2738 5.

769 2752 959 2790 Dissensio
1018 2751 1241 2789 exardescit
1309 2753 1413 2791 inter
1478 2752 1630 2803 episco-

707 2821 786 2859 -pos
855 2808 959 2846 circa
1003 2806 1259 2846 Athanasium
1276 2837 1288 2857 ,
1353 2821 1404 2846 an
1461 2808 1538 2846 rite
1599 2808 1632 2846 is
