1858 3126
349 171 444 218 848
742 174 1050 219 OBSERVAT.
1059 185 1066 193 '·
1081 176 1437 224 PAGHYMER.
1445 185 1448 186 ’

362 277 442 340 232¹}
478 277 637 337 ffl‘ffffi‘:
661 277 824 339 lmffinno-
869 282 1010 332 dictae,
1038 284 1303 336 despondetur
1319 286 1474 326 Ioannis
1491 287 1779 341 sebastocrato-

478 343 630 404 3332?ssss
665 376 823 406 Andronici
869 339 924 378 ris
941 339 1047 390 filio,
1077 340 1170 379 item
1191 342 1328 380 Ioanni
1347 339 1471 383 dicto.
1525 343 1552 384 l.
1571 348 1598 387 8
1614 358 1652 383 c·
1674 348 1714 386 6

516 409 597 438 vm.
925 406 1000 444 Sed
1020 412 1109 445 ante
1126 408 1286 459 nuptias
1305 410 1485 448 moritur.
1539 410 1568 450 l.
1581 410 1615 454 4
1633 424 1666 451 c.
1689 415 1730 453 3.

345 446 450 487 1298
474 485 478 488 ·
558 448 585 489 4
669 451 816 529 Minihfinel.
926 474 1065 512 Persae
1090 474 1234 513 irritati
1264 476 1380 514 caede
1411 490 1572 516 suorum
1601 477 1669 529 qui
1684 476 1781 516 Phi-

745 539 770 579 5
870 529 1131 581 lanthropeno
1153 531 1288 569 rebelli
1312 531 1587 581 adhaeserant,
1621 533 1781 572 univer-

871 600 930 622 sas
952 585 1170 624 Orientales
1190 588 1365 638 regiones
1385 588 1509 627 saevis
1529 588 1779 627 excursioni-

870 641 942 680 bus
960 641 1148 683 desolant.
1204 643 1231 681 l.
1257 646 1282 684 δ
1303 657 1336 684 e.
1361 647 1425 686 14.

348 726 631 738 ——--——-—-

342 778 448 819 1299
555 775 581 817 5
681 771 809 801 Andron.
925 774 1094 813 Maxima
1115 781 1151 812 et
1163 774 1394 825 rigidissima
1408 776 1580 815 omnium
1599 791 1691 829 quas
1707 777 1779 816 ho-

669 814 814 893 Miggffl·
871 829 993 868 mines
1035 830 1297 869 meminissent
1332 831 1454 870 hiems
1489 833 1624 884 primis
1659 831 1778 871 huju„

744 902 771 941 5
871 886 964 924 anni
992 885 1186 925 mensibus
1212 887 1411 927 desaeviit.
1468 889 1573 927 unde
1613 889 1779 940 contigit
1842 907 1845 909 ·

871 942 1100 981 destinatam
1116 942 1342 994 imperatori
1356 944 1638 994 profectionem
1655 943 1778 982 Thes-

869 998 1082 1036 salonicam
1105 999 1320 1036 necessario
1349 999 1510 1038 differri.
1565 1001 1592 1040 l.
1611 1003 1685 1042 Sc.
1709 1002 1778 1042 33.

203 1076 231 1112 p·
255 1077 321 1115 615
924 1064 1097 1102 Tandem
1133 1065 1293 1103 ineunte
1322 1065 1532 1105 Februario
1565 1067 1628 1105 die
1662 1080 1775 1118 para-

869 1133 1012 1168 sceues,
1032 1119 1109 1158 hoc
1126 1127 1183 1159 est
1202 1121 1298 1159 feria
1315 1128 1437 1171 sexta,
1455 1136 1572 1174 quam
1590 1122 1778 1160 incidisse

870 1176 1046 1227 oportuit
1067 1175 1136 1214 illo
1154 1190 1255 1215 anno
1267 1205 1278 1225 ,
1309 1177 1464 1228 cyclum
1481 1178 1575 1216 solis
1599 1181 1654 1219 20
1673 1183 1711 1216 et
1730 1177 1778 1215 li-

868 1237 991 1269 teram
1010 1232 1225 1270 dominicae
1253 1232 1423 1271 indicem
1447 1233 1476 1270 D
1498 1232 1683 1283 habente,
1713 1233 1778 1272 die

870 1293 977 1325 sexta
999 1288 1141 1325 mensis
1163 1288 1269 1338 eius,
1306 1288 1376 1326 sub
1399 1301 1604 1340 vesperam
1622 1288 1777 1327 Andro-

867 1344 978 1381 nicus
1003 1343 1218 1396 imperator
1248 1343 1345 1382 urbe
1376 1344 1508 1382 exiens
1535 1344 1714 1396 Dripeam
1735 1357 1777 1382 se

869 1400 1040 1448 confert,
1070 1399 1171 1437 unde
1192 1399 1379 1451 reliquam
1407 1400 1687 1451 prosectionem
1705 1399 1778 1437 ad-

867 1455 1044 1504 ornavit,
1074 1455 1266 1494 nonnulla
1285 1455 1368 1494 illic
1389 1469 1508 1496 mora.
1565 1456 1593 1495 l.
1609 1454 1636 1497 4
1655 1469 1689 1494 c.
1710 1458 1747 1497 1.
1773 1479 1776 1490 ‹

924 1523 1087 1560 Ioannes
1100 1521 1322 1573 patriarcha
1337 1521 1562 1561 dissuadere
1574 1520 1775 1560 Androni—

865 1592 912 1616 co
931 1578 1066 1616 volens
1083 1578 1306 1628 coniugium
1325 1578 1532 1615 Simonidis
1563 1591 1652 1615 cum
1672 1577 1774 1615 crale

867 1634 1046 1684 Dripeam
1065 1633 1210 1671 tendit:
1238 1633 1306 1671 sed
1324 1647 1344 1670 a
1361 1645 1481 1682 gnaro
1501 1645 1687 1684 quorsum
1707 1645 1772 1670 ve—

862 1689 966 1726 niret
992 1688 1252 1738 imperatore,
1293 1687 1524 1738 praecedere
1553 1687 1771 1739 Selybriam

862 1756 932 1794 per
951 1744 1088 1782 missos
1107 1743 1260 1781 obviam
1273 1748 1444 1794 rogatur.
1497 1742 1592 1782 ibid.

917 1810 1115 1861 Selybriae
1135 1810 1264 1847 elusus
1284 1809 1331 1846 ab
1351 1807 1576 1847 Andronico
1594 1809 1771 1859 Ioannes,

862 1879 932 1904 nec
951 1866 1161 1917 permissus
1191 1878 1288 1916 quae
1312 1865 1468 1902 volebat
1496 1864 1544 1903 de
1561 1864 1770 1907 Simonidis

863 1921 1043 1972 coniugio
1071 1921 1282 1969 disserere,
1316 1920 1372 1958 ibi
1394 1926 1567 1971 perstare
1595 1919 1773 1958 decernit

861 1979 1094 2028 imperatore
1111 1976 1295 2024 abeunte,
1325 1989 1396 2013 nec
1415 1975 1574 2014 redire'
1562 1988 1605 2012 m
1623 1966 1770 2022 urbem,

864 2034 986 2071 donec
999 2032 1066 2070 ille
1086 2031 1359 2070 Thessalonica
1374 2031 1562 2069 rediisset.
1596 2030 1622 2070 l.
1639 2029 1667 2070 4
1686 2043 1718 2070 c.
1727 2033 1768 2071 2.

917 2083 1192 2137 Thessalonica
1235 2097 1481 2149 imperatoris
1518 2095 1768 2135 Andronicus

863 2153 1172 2194 Radosthlabum
1213 2166 1302 2190 cum
1341 2151 1522 2190 Romanis
1565 2151 1688 2203 copiis
1724 2153 1768 2188 in

861 2211 1078 2259 Buigariam
1106 2208 1291 2258 remittit,
1337 2209 1441 2246 unde
1468 2207 1504 2246 'is
1543 2208 1682 2259 pulsus
1719 2206 1766 2244 ab

861 2264 1204 2318 Osphentisthlabo
1224 2265 1362 2303 fuerat.
1418 2263 1444 2301 1.
1463 2265 1488 2303 3
1508 2276 1540 2300 c.
1561 2265 1629 2304 26.

913 2333 1116 2371 Eltimeres
1133 2345 1206 2383 pro
1226 2328 1570 2381 Osphentisthlabo
1592 2339 1766 2378 pugnans

862 2388 1165 2427 Radosthlabum
1197 2386 1344 2438 praelio
1379 2386 1526 2422 victum
1561 2383 1687 2433 capit,
1727 2387 1767 2419 et

863 2450 1113 2483 excoecatum
1134 2442 1183 2479 ad
1201 2455 1305 2478 uxol
1307 2454 1364 2478 em
1383 2438 1558 2477 remittit.
1613 2436 1708 2475 ibid.

918 2507 1286 2561 Osphentisthlabus
1325 2507 1507 2542 Terteren
1534 2508 1683 2554 patrem
1716 2501 1763 2539 ab

866 2565 1087 2603 Andlonico
1109 2565 1343 2613 imperatore
1372 2559 1544 2596 custodia
1563 2558 1764 2596 detentum

864 2621 1148 2669 permutatione
1175 2618 1438 2654 Romanorum
1469 2614 1612 2651 ducum
1631 2613 1678 2649 ab
1697 2613 1762 2650 ΕΙ·

863 2675 996 2712 time-ne
1028 2680 1229 2724 captorum
1257 2669 1437 2716 1edimit3
1476 2682 1547 2706 nec
1575 2675 1701 2706 tamen
1725 2666 1761 2704 ei

864 2742 1026 2779 regnum
1051 2726 1250 2777 Bulgariae
1279 2725 1433 2772 reddit,
1471 2725 1537 2761 sed
1563 2724 1762 2761 civitatem

865 2785 1057 2834 attribuit,
1086 2782 1154 2821 ubi
1174 2781 1273 2819 liber
1297 2780 1475 2832 privatus
1501 2780 1619 2818 vivat
1667 2777 1761 2815 ibid.
