1858 3126
283 166 382 217 784
647 209 651 212 .
665 167 978 214 OBSERVAT.
1005 169 1316 219 PACHYMER.

280 276 522 330 respondent
551 290 631 316 non
660 275 759 317 haec
785 279 988 318 referenda
1016 285 1110 318 sunt
1139 280 1191 319 ad
1217 279 1604 334 colloquinnveoci
1630 295 1722 323 cum

280 332 504 388 patriarcha
524 334 715 385 Gregorio
734 333 936 385 habitum,
964 342 1049 374 toto
1069 337 1319 388 praecedenti
1339 337 1466 389 capite
1488 339 1544 382 85
1571 338 1724 378 descri-

279 396 392 442 ptum
405 420 417 439 ,
444 389 511 428 sed
540 390 589 428 ad
608 390 737 429 obiter
757 392 955 430 adtextam
972 392 1022 430 ad
1038 393 1181 431 calcem
1202 393 1309 432 illius
1328 393 1468 446 capitis
1485 394 1723 433 mentionem

277 446 431 484 laxatae
458 447 584 484 multo
609 447 805 498 posterius
830 448 946 487 Vecci
977 449 1199 498 custodiae,
1226 451 1269 487 in
1293 462 1411 501 quam
1434 455 1524 502 post
1541 449 1582 488 id
1601 451 1725 490 collo-

278 502 412 552 quium
438 510 499 539 est
524 504 738 544 coniectus.
792 504 835 543 id
857 517 947 555 ergo
969 511 1120 544 tantum
1138 506 1206 544 illa
1226 506 1366 558 capitis
1386 509 1440 548 36
1462 506 1589 558 prima
1605 506 1725 546 verba

277 558 522 608 significant,
562 560 680 611 paulo
715 566 804 598 ante
839 574 957 610 quam
982 561 1024 599 iu
1055 562 1208 613 saepius
1233 568 1446 600 memorata
1477 562 1725 614 imperatoria

276 614 495 653 Andronici
517 616 760 667 profectione
779 617 820 654 in
842 617 1057 666 Orientem,
1087 631 1159 670 per
1175 617 1334 656 missum
1353 619 1397 656 in
1417 631 1545 656 arcem
1565 619 1606 659 S.
1625 619 1726 657 Gre-

276 670 377 721 gorii
411 672 775 722 protovestiarium,
807 672 955 712 Veccus
979 674 1021 711 in
1045 674 1165 725 paulo
1195 673 1500 713 tolerabiliorem
1524 674 1724 712 conditio-

276 739 366 766 nem
403 729 704 778 transferretur,
749 729 898 767 aditum
933 730 1151 782 Dacibyzae
1189 730 1237 768 ab
1271 730 1498 769 Andronico
1537 730 1724 770 Ioannem

274 782 474 822 Theodori
494 785 669 822 Lascaris
695 785 860 835 Augusti
882 785 1019 824 filium.

391 839 492 880 v111.
551 841 657 879 Mors
675 840 768 879 inde
783 841 898 879 Vecci
917 848 1097 880 narratur
1115 855 1154 894 p.
1175 844 1257 884 270
1282 855 1321 881 v·
1341 840 1407 884 14.
1434 841 1503 881 sed
1521 855 1599 893 quo
1619 855 1722 882 anno

278 895 486 947 contigerit
517 896 814 948 disquirendum
844 898 956 936 nobis
978 898 1190 937 historicus
1217 897 1418 948 relinquit.
1473 899 1724 950 experiamur

279 964 374 1002 ergo
405 952 569 1003 ecquid,
611 953 819 1004 sequendis
852 954 1023 1005 vestigiis
1057 968 1186 994 rerum
1221 955 1269 992 ab
1297 954 1369 992 illo
1396 954 1498 1001 serie·
1518 956 1721 1004 continua,

279 1022 358 1058 qua
374 1015 502 1060 gestae
517 1015 624 1059 sunt,
654 1016 913 1058 narratarum,
942 1009 1139 1062 possimus
1161 1017 1268 1049 certo
1288 1009 1579 1061 deprehendere
1599 1024 1724 1062 quan-

277 1069 366 1102 tum
397 1065 571 1116 praecise
603 1066 719 1117 spatii
751 1065 1016 1105 intercesserit
1045 1080 1067 1104 a
1101 1067 1220 1104 modo
1247 1071 1458 1105 memorata
1478 1066 1723 1107 relaxatione

278 1120 503 1159 acerbitatis
522 1121 564 1159 in
587 1121 702 1160 Vecci
718 1136 871 1161 carcere
887 1123 935 1160 ad
956 1123 1168 1174 perfectam
1186 1122 1292 1172 eius,
1321 1134 1421 1173 quae
1440 1122 1546 1160 felici
1563 1122 1722 1162 demum

277 1176 389 1214 obitu
419 1177 454 1215 ei
485 1177 649 1228 obtigit,
690 1178 959 1217 liberationem
990 1179 1038 1217 ab
1069 1179 1265 1216 aerumnis
1301 1177 1492 1217 omnibus.
1547 1178 1722 1231 primum

274 1239 427 1271 certum
447 1239 506 1272 est
523 1233 794 1273 Andronicum
813 1234 1089 1287 imperatorem
1108 1233 1328 1286 Nymphaei
1354 1233 1570 1286 perstitisse
1591 1234 1720 1287 spatio

274 1288 368 1341 plus
397 1303 542 1331 annuo.
598 1290 718 1329 refert
746 1290 846 1330 enim
873 1298 1007 1330 noster
1036 1305 1075 1343 Ρ.
1111 1290 1190 1332 154
1217 1303 1256 1329 v.
1290 1293 1337 1332 11
1370 1289 1493 1329 fuisse
1523 1303 1612 1329 eum
1635 1289 1720 1329 illic

274 1343 587 1398 undetrigesimo
601 1349 748 1385 mensis
761 1347 873 1385 Iunii
889 1346 954 1385 die
969 1362 1047 1399 quo
1064 1354 1296 1384 sanctorum
1310 1346 1580 1397 apostolorum
1597 1345 1722 1400 (Petri

275 1414 417 1454 nempe
444 1409 483 1442 et
503 1401 631 1454 Pauli)
647 1405 807 1453 festum
830 1404 1069 1454 celebratur,
1098 1404 1222 1441 altero
1248 1409 1427 1440 currente
1448 1416 1554 1442 anno
1575 1416 1621 1443 ex
1642 1415 1719 1454 quo

276 1459 494 1508 imperator
512 1466 650 1496 castra
668 1460 757 1497 illic
772 1460 966 1498 habebat.-
995 1460 1158 1506 διετείας
1181 1456 1394 1511 τρεχοῦσης
1419 1457 1720 1510 ἐστρατοπεδευ-

274 1512 383 1567 μένῳ
412 1518 470 1569 τῷ
497 1517 660 1567 βασιλεῖ.
717 1529 804 1555 cum
829 1530 920 1566 ergo
945 1530 1107 1555 numero
1127 1515 1320 1567 superiori
1342 1514 1608 1554 verisimiliter
1634 1519 1718 1553 sta-

272 1569 463 1609 tuerimus
491 1571 762 1609 Andronicum
793 1573 1012 1622 Augustum
1044 1572 1273 1624 pervenisse
1303 1570 1574 1622 Nymphaeum
1610 1569 1717 1608 circa

273 1624 433 1662 initium
454 1625 558 1663 Iunii
576 1639 679 1664 anno
707 1627 850 1665 Christi
874 1631 979 1669 1290
994 1658 1006 1677 ‚
1036 1627 1142 1678 quod
1160 1627 1232 1665 ino
1251 1640 1284 1668 c.
1306 1630 1332 1668 9
1352 1625 1608 1677 Pachymeres
1628 1638 1715 1664 me—

272 1688 401 1718 morat
437 1681 642 1719 dissidium
677 1682 901 1734 principum
938 1689 1204 1721 matronarum
1237 1687 1481 1720 contractum
1515 1681 1717 1720 occasione

272 1737 484 1788 panegyr-is
509 1738 798 1789 apostolorum,
828 1738 1036 1789 contigerit
1066 1741 1120 1780 29
1149 1739 1212 1776 die
1238 1738 1336 1776 Iunii
1367 1736 1459 1775 anni
1479 1735 1570 1776 chr.
1594 1739 1714 1787 1291,

273 1793 434 1844 quando
455 1793 531 1831 iam
557 1807 700 1832 aunum
727 1794 894 1832 alterum
912 1807 1002 1833 suae
1019 1795 1125 1845 apud
1145 1793 1418 1846 Nymphaeum
1439 1793 1715 1832 commoratio-

272 1849 336 1887 nis
366 1849 616 1888 Andronicus
643 1849 909 1890 inchoaverat.
962 1850 1114 1890 reditus
1133 1850 1215 1888 eius
1233 1848 1325 1897 inde
1341 1849 1384 1887 in
1401 1849 1536 1888 urbem
1553 1854 1716 1889 notatur

274 1917 318 1956 p-
340 1905 419 1948 165
440 1919 478 1946 v.
498 1908 546 1954 3,
573 1912 612 1944 et
632 1906 851 1957 assignatur
873 1906 949 1945 diei
969 1905 1317 1956 duodetrigesimae
1335 1905 1463 1954 Iunii,
1491 1903 1584 1942 anni
1601 1905 1716 1944 vide-

273 1960 371 1998 licet
398 1962 530 2000 statim
559 1962 754 2014 sequentis
784 1976 894 2001 aerae
923 1961 1069 2001 Christi
1090 1962 1261 2012 vulgaris
1288 1963 1415 2010 1298,
1448 1973 1537 1999 cum
1552 1960 1631 1999 iam
1647 1973 1716 1998 re-

273 2022 414 2068 parata
443 2018 608 2057 fuissent
637 2019 779 2057 damna
803 2019 998 2069 incendii,
1029 2032 1105 2070 quo
1133 2017 1292 2056 biennio
1319 2023 1410 2056 ante
1433 2015 1717 2056 abdicationem

272 2071 494 2122 Athanasii,
525 2080 570 2112 ut
598 2074 742 2114 diserte
762 2075 933 2114 traditur
949 2089 989 2128 Ρ.
1013 2078 1093 2117 178
1110 2087 1147 2115 V·
1166 2077 1216 2124 6,
1244 2073 1389 2113 Forum
1407 2086 1591 2124 maguum
1607 2085 1720 2114 00¹¹--

271 2127 518 2178 flagraverat.
1490 2167 1493 2170 .
1714 2159 1716 2166 ι

387 2185 453 2223 [Χ.
509 2185 776 2226 Abdicationis
801 2200 922 2238 porro
945 2186 1061 2225 modo
1088 2190 1323 2223 memoratae
1340 2182 1545 2223 Athanasii
1557 2188 1714 2234 tempus

273 2239 367 2277 satis
387 2241 531 2279 diserte
546 2241 801 2294 Pachymeres
823 2243 1020 2294 exprimit,
1049 2242 1142 2280 dum
1165 2255 1204 2292 p.
1227 2243 1306 2283 177
1323 2253 1361 2279 v.
1381 2242 1407 2282 9
1425 2238 1562 2278 scribit
1579 2237 1712 2290 ipsum

271 2303 404 2333 exacte
431 2296 745 2348 quadriennium
763 2300 807 2336 in
821 2299 1109 2350 patriarchatu
1132 2297 1361 2348 explevisse,
1390 2295 1444 2332 ita
1471 2302 1519 2332 ut
1537 2295 1632 2331 initi
1647 2307 1712 2331 re-

267 2350 431 2401 lictique
456 2355 665 2403 regiminis·
686 2354 870 2392 ecclesiae
887 2353 1052 2392 eandem
1061 2355 1189 2403 ferme
1208 2352 1472 2390 numeraverit
1495 2348 1599 2387 diem
1626 2363 1710 2386 aex-

269 2413 356 2452 tam
376 2405 572 2445 decimam
597 2410 793 2450 Octobris.
848 2411 1031 2449 alludunt
1057 2409 1152 2447 haec
1182 2408 1232 2446 ad
1263 2408 1373 2459 prius
1397 2405 1542 2456 scripta
1564 2418 1606 2456 Ρ.
1629 2405 1715 2450 146.

269 2475 309 2501 v.
327 2465 348 2504 1
363 2490 375 2510 ,
405 2462 470 2501 ubi
499 2463 644 2502 dicitur
666 2472 843 2515 quartam
867 2466 1053 2504 decimam
1076 2463 1259 2503 Octobris
1276 2462 1379 2500 diem
1399 2460 1563 2513 primam
1581 2459 1715 2499 ΔΕΗ-ε

269 2517 381 2556 nasio
411 2518 698 2570 patriarchatus
729 2520 815 2558 initi
845 2522 976 2561 fuisse.
1033 2520 1203 2573 pertinet
1229 2517 1326 2566 hoc,
1354 2522 1400 2554 ut
1434 2516 1519 2554 dixi
1540 2529 1647 2557 num.
1666 2517 1707 2564 6,

270 2574 321 2612 ad
355 2588 500 2616 annum
524 2573 616 2613 Chr.
645 2578 774 2623 1289,
803 2588 852 2613 ex
883 2591 962 2627 quo
990 2577 1082 2614 anni
1110 2580 1305 2614 vertentes
1337 2578 1505 2623 quatuor
1533 2571 1578 2610 in
1602 2570 1708 2610 diem

273 2632 327 2672 14
350 2630 493 2677 Octob.
518 2644 580 2670 an.
608 2633 713 2672 1293
740 2631 898 2671 desiere.
954 2632 1072 2670 biduo
1106 2635 1198 2681 post
1227 2628 1372 2666 throno
1399 2629 1513 2666 cessit
1538 2626 1716 2667 Athana-v

271 2685 373 2736 sius,
401 2692 508 2738 gesta
533 2685 785 2738 patriarchali
817 2686 1005 2736 dignitate
1028 2687 1140 2724 annis
1166 2684 1324 2729 omnino
1355 2691 1525 2735 quatuor
1551 2689 1590 2721 et
1610 2682 1709 2721 duo-

269 2741 343 2779 bus
362 2749 558 2793 praeterea
574 2741 725 2781 diebus.
771 2742 997 2782 incendium
1015 2756 1105 2793 ergo
1122 2740 1251 2790 magni
1270 2740 1362 2778 Fori
1382 2753 1485 2778 anno
1507 2741 1612 2782 1291
1633 2737 1706 2776 sub

271 2798 440 2839 medium
467 2798 725 2839 Novembrem
756 2799 911 2848 evenit,
942 2798 1053 2838 cuius
1083 2796 1222 2843 ruinae
1253 2796 1382 2849 spatio
1411 2794 1602 2836 mensium
1625 2794 1709 2833 fere
