1858 3126
192 177 219 221 3
228 177 290 222 80
612 175 848 219 GEORGII
882 176 1234 221 PACHYMERIS

190 286 535 346 ὁμολογήσαντος.
607 290 673 332 καὶ
695 290 735 332 οἱ
763 290 837 343 μὲν
856 288 1010 343 οὕτως,
1047 291 1087 334 οἶ
1106 291 1173 342 δέ,
1210 291 1256 335 οἳ
1278 292 1329 348 δὴ
1350 295 1417 336 καὶ
1438 295 1534 350 πρὶν
1557 294 1661 337 ε’κεῖ-

190 377 248 418 νῳ
271 358 338 400 διὰ
363 358 434 400 τὸν
453 356 575 413 ὅρκον
599 360 875 415 προσίσταντο
890 393 901 412 ,
941 358 1122 416 ὄμολόγα
1145 359 1309 411 ἑαυτοῖς
1327 364 1432 418 δρᾶν
1450 363 1662 413 ἐθέλοντες

139 442 168 475 Β
191 426 296 483 μήτ’
330 426 432 480 ἔχειν
453 428 602 470 ἐκεῖνον
620 425 877 484 πατριάρχην
897 430 964 471 καὶ
981 427 1182 485 πρότερον
1198 429 1224 485 ἢ
1243 429 1312 472 ὅτ’
1333 429 1525 488 ἀφώριζε,
1560 430 1662 487 μήτε

184 497 255 539 τὸν
277 495 510 552 ἇφορισμὸν
526 493 677 550 ἶσχύειν
695 498 989 552 διισχυρίζοντο
1003 531 1015 549 ,
1048 497 1152 541 ὥστε
1175 500 1242 540 καὶ
1264 499 1306 540 ἐν
1325 503 1401 560 μιᾷ
1431 504 1514 542 τῶν
1535 499 1663 543 συνά-

186 569 286 616 ξεων
317 563 491 618 βασιλέα
524 563 755 618 μανθάνειν
789 564 1033 622 αἱρούμενον
1053 568 1096 609 οἵ
1122 583 1226 616 τινες
1247 569 1368 622 τῆςδε
1394 572 1470 624 τῆς
1499 566 1696 624 γνώμης5

188 636 256 676 καὶ
285 634 390 683 τίνες
417 633 603 687 θατὲρας
631 636 699 675 καὶ
731 632 877 686 πόσοι,
925 637 1083 690 ἐρωτᾶν
1115 635 1287 678 ἕκαστον
1305 669 1319 689 ,
1366 638 1434 678 καὶ
1464 638 1562 686 τούς
1590 641 1666 692 τῆς

189 703 318 757 αὐτῆς
347 703 413 744 καὶ
439 707 539 755 μιᾶς
568 700 733 758 γνώμης
762 705 817 753 εἷς
844 703 969 760 με’ρος
999 703 1216 758 ἑκατέρους
1237 706 1432 757 καθίζειν.
1503 707 1668 755 ἐκείνοις

189 772 262 826 μὲν
292 766 365 813 οὖν
393 771 497 824 μετὰ
541 771 618 820 τὰς
646 771 800 821 πολλὰς
829 773 983 822 ἐκείνας
1022 770 1230 826 συνάξεις,
1277 773 1569 830 συναγομένοις
1600 776 1667 816 καὶ

192 839 298 883 καθ’
331 837 484 889 αὖτοὺς
512 840 575 882 ε’πὶ
612 844 671 898 τῷ
710 839 954 900 περιωνύμῳ
990 846 1074 884 τῶν
1118 840 1242 897 ἁγίων
1283 841 1526 886 ἀποστόλων
1563 846 1669 900 ναῷ,

143 911 173 945 C
199 909 349 952 ἐκέλευε
372 909 691 951 διασκέπτεσθαι
717 907 772 959 ὥς
793 909 842 951 ἅν
861 927 903 966 γε
931 912 999 952 καὶ
1028 909 1296 961 συνελθόντες
1327 912 1390 954 ἐπὶ
1410 916 1469 970 τῷ
1483 911 1666 954 Maam-
1681 918 1726 954 10

194 979 270 1037 σίῳ
290 977 338 1021 τὸ
361 979 510 1020 δοκοῦν
531 976 727 1034 πράξαιεν
741 992 750 1002 ·
788 977 1016 1034 δοκιμάζειν
1034 979 1112 1035 γὰρ
1132 981 1198 1022 καὶ
1218 985 1381 1034 μᾶλλον
1398 981 1559 1032 ἐκεῖνον,
1591 979 1670 1023 εἴτε

195 1050 262 1090 καὶ
283 1044 474 1100 βούλοιτο
494 1046 606 1095 τέως.
677 1046 802 1097 αὐτὸς
827 1049 871 1090 δὲ
891 1046 1084 1102 συχνάκις
1103 1046 1305 1105 ὑπήρχετο
1329 1048 1397 1091 διὰ
1416 1047 1671 1104 μηνυμάτων

196 1116 267 1159 τὸν
284 1113 490 1170 Ἰωάννην.
562 1113 583 1158 ὃ
612 1115 752 1168 με’ντοι
778 1133 821 1171 γε
837 1115 1030 1172 Ἰωάννης
1055 1121 1177 1159 τοῦτο
1195 1119 1270 1171 μὲν
1289 1119 1356 1160 καὶ
1381 1125 1471 1166 ταῖς
1487 1121 1563 1160 τοῦ
1584 1122 1669 1171 βα-

198 1185 341 1233 σιλέως
372 1184 556 1234 ἱκετείαις
585 1187 815 1239 θηλυνθεὶς
841 1187 962 1237 τέως,
1000 1183 1274 1241 ὕβριοπαθῶν
1306 1187 1352 1228 δὲ
1379 1185 1427 1228 τὸ
1453 1186 1574 1228 πλέον
1605 1186 1670 1234 ἐπὶ

198 1261 286 1303 τοῖς
306 1253 581 1309 ἀρχιερεῦσιν,
613 1251 669 1303 ὥς
690 1253 816 1302 αὐτὸς
835 1255 909 1308 μὲν
929 1257 1163 1309 συναίροιτο
1189 1256 1305 1311 σφίσι
1325 1258 1400 1309 τῆς
1418 1251 1582 1310 γνώμης
1601 1255 1668 1296 καὶ
1682 1257 1730 1293 15

198 1323 270 1365 τὸν
295 1322 529 1379 ἀφορισμὸν
555 1322 692 1377 ἷσταίη
714 1319 770 1371 ὥς
790 1321 922 1378 ἔρυμα
935 1355 948 1375 ,
986 1324 1149 1372 ἐκείνοις
1171 1324 1214 1365 δὲ
1233 1324 1274 1374 ἐξ
1293 1319 1541 1366 ἔθελοκάκου
1562 1320 1668 1378 γνώ-

199 1409 281 1448 μης
299 1393 541 1449 προδιδοῦσι
562 1391 609 1434 τὸ
631 1390 763 1449 ἔρυμα
788 1391 961 1447 ἀτιμοῦν
983 1393 1051 1435 καὶ
1073 1391 1199 1436 αὐτὸν
1221 1393 1325 1435 ἒπιόι
1336 1425 1350 1445 ,
1386 1395 1672 1449 καταπροῖσα-

289 1524 344 1559 11..
370 1522 469 1569 εἴγεὶ)

197 1650 327 1685 habere
349 1651 545 1695 patriarcha
567 1652 741 1696 professus
763 1650 892 1686 diserte
914 1652 1031 1686 fuerit.
1078 1652 1128 1687 ita
1151 1651 1199 1686 hi.
1246 1654 1283 1685 at
1303 1650 1353 1686 illi
1375 1651 1434 1697 qui
1455 1651 1614 1686 Ioannem
1637 1649 1675 1684 vi
1727 1647 1730 1649 ’

197 1697 388 1739 iuramenti,
412 1699 502 1743 quod
527 1709 609 1732 vere
632 1699 863 1744 concepisset,
888 1699 1123 1743 patriarchatu
1146 1697 1315 1732 excidisse
1338 1698 1604 1740 contenderant,
1632 1701 1673 1730 ut

200 1743 267 1777 sibi
291 1743 356 1777 iam
380 1749 609 1778 consentanea
633 1745 850 1789 loquerentur
883 1750 919 1778 et
946 1750 1106 1788 agerent,
1140 1744 1241 1789 plane
1272 1743 1491 1778 affirmabant
1512 1755 1587 1777 eum
1610 1754 1672 1776 ne-

201 1801 269 1834 que
293 1790 486 1835 priusquam
519 1790 890 1824 excommunicationem
916 1790 1172 1835 pronuntiaret,
1209 1801 1318 1835 neque
1349 1789 1384 1823 in
1416 1790 1491 1835 ipso
1522 1799 1673 1834 pronun-

202 1835 308 1869 tiandi
331 1842 435 1877 actu,
467 1836 689 1882 patriarchali
722 1838 829 1870 fuisse
855 1841 1028 1881 potestate
1050 1836 1251 1882 praeditum.
1296 1846 1403 1880 quare
1425 1835 1548 1869 nullam
1570 1839 1675 1878 atque

201 1881 333 1915 irritam
355 1881 456 1916 istam
480 1894 556 1916 esse
578 1894 753 1916 censuram
775 1884 1028 1917 asseverabant.
1075 1882 1264 1916 ducebatur
1295 1892 1358 1926 per
1388 1882 1474 1915 haec
1499 1881 1574 1915 sine
1605 1880 1676 1914 fine

203 1927 453 1962 contentionum
477 1927 580 1970 funis,
606 1929 691 1962 adeo
713 1935 753 1962 ut
776 1935 950 1972 pertaesus
975 1934 1188 1963 aeternarum
1210 1927 1457 1961 dissensionum
1477 1926 1676 1972 imperator,

203 1974 238 2006 in
261 1974 408 2018 quodam
431 1974 618 2008 istiusmodi
651 1980 873 2009 conventuum
903 1975 991 2009 scire
1025 1974 1166 2020 cupiens
1188 1974 1283 2007 cuius
1306 1978 1399 2007 esset
1431 1973 1574 2019 quisque
1596 1983 1677 2007 sen-

204 2019 356 2059 tentiae,
389 2025 568 2065 postquam
598 2020 747 2064 singulos
773 2021 1038 2065 interrogasset,
1068 2021 1126 2066 qui
1149 2023 1307 2065 perstare
1329 2020 1439 2053 adhuc
1460 2019 1617 2053 Ioannem
1639 2018 1676 2052 in

206 2065 430 2110 patriarchali
453 2067 619 2110 dignitate
641 2070 838 2108 censerent,
861 2068 982 2101 sedere
1004 2078 1071 2100 una
1093 2077 1263 2108 seorsum,
1287 2065 1347 2110 qui
1370 2076 1454 2099 vero
1478 2070 1515 2098 et
1534 2063 1616 2098 illud
1640 2069 1678 2098 et

206 2115 390 2155 praeterea
411 2113 787 2147 excommunicationem
822 2114 865 2147 ab
894 2113 951 2147 illo
985 2113 1087 2147 latam
1110 2112 1213 2146 ullius
1236 2123 1313 2146 esse
1335 2111 1467 2145 roboris
1500 2115 1676 2154 negarent,

207 2156 305 2190 simul
329 2168 371 2190 ex
394 2158 536 2192 adverso
560 2158 700 2192 iusserit
722 2159 910 2193 considere.
937 2159 1007 2193 'sic
1031 2158 1164 2202 agnitos
1186 2163 1221 2192 et
1251 2157 1326 2191 loco
1349 2157 1514 2191 discretos
1537 2166 1597 2190 eos
1618 2155 1676 2200 qui

206 2202 431 2247 opinabantur
464 2215 581 2238 carere
604 2205 761 2238 Ioannem
794 2205 978 2250 pontificali
1010 2209 1200 2250 potestate,
1235 2205 1460 2247 congregatos
1477 2212 1632 2236 seorsum
1653 2211 1676 2234 a

207 2248 353 2281 caeteris
376 2248 409 2282 in
433 2249 559 2283 celebri
582 2250 707 2295 templo
732 2251 799 2287 SS.
823 2251 1080 2295 Apostolorum,
1110 2250 1300 2284 deliberare
1330 2249 1373 2282 de
1395 2246 1580 2281 Athanasio
1602 2246 1677 2279 ius·-

207 2293 267 2335 sit,
290 2305 453 2338 sperans,
486 2301 564 2339 post
589 2298 718 2337 frustra
741 2300 905 2330 tentatam
929 2302 983 2331 tot
1004 2297 1073 2330 illis
1095 2295 1325 2340 superioribus
1347 2292 1566 2327 conventibus
1587 2291 1676 2325 viam

206 2350 338 2373 omnem
361 2341 586 2382 concordiae,
617 2342 737 2375 saltem
768 2343 828 2376 hos
860 2343 982 2376 adduci
1014 2353 1115 2387 posse
1147 2341 1189 2374 ad
1222 2339 1403 2374 favendum
1425 2338 1491 2371 sibi
1514 2338 1678 2371 hactenus

207 2389 347 2430 optatae
382 2385 590 2420 restitutioni
622 2387 809 2421 Athanasii.
857 2388 932 2432 ipse
964 2388 1099 2421 interim
1133 2385 1216 2420 nihil
1247 2384 1443 2428 relinquens
1472 2383 1677 2416 intentatum

208 2430 299 2476 quod
324 2431 500 2476 proposito
532 2432 697 2473 serviret,
733 2438 772 2466 ut
801 2433 1068 2467 molestissimum
1095 2431 1304 2466 obstaculum
1328 2428 1679 2463 excommunicationis

210 2488 232 2510 a
255 2476 383 2510 Ioanne
405 2477 558 2521 prolatae
580 2479 771 2522 oppositum
794 2479 929 2521 negotio
953 2478 1161 2519 amoliretur,
1184 2481 1336 2509 tractare
1359 2486 1434 2508 cum
1455 2475 1582 2508 Ioanne
1603 2475 1679 2519 ipso

210 2522 253 2556 de
276 2522 337 2556 illa
370 2523 561 2556 revocanda
595 2524 717 2557 crebra
749 2530 917 2557 certorum
941 2524 1109 2557 hominum
1142 2521 1361 2556 missitatione
1392 2532 1459 2554 non
1481 2521 1678 2555 desistebat.

210 2569 245 2602 in
269 2579 336 2614 quo
360 2579 495 2612 operam
522 2580 586 2602 non
610 2568 771 2614 perdidit.
817 2569 983 2602 emollitus
1006 2569 1091 2602 enim
1113 2568 1257 2601 Ioannes
1279 2566 1382 2600 toties
1403 2566 1538 2600 iteratis
1562 2570 1681 2609 Augu-

213 2613 258 2648 sti
283 2613 452 2660 precibus,
475 2619 723 2659 praetereaque
746 2614 896 2648 offensus
918 2615 1098 2659 episcopis,
1121 2612 1244 2657 quibus
1268 2623 1342 2645 cum
1365 2612 1439 2645 fere
1461 2612 1682 2646 communiter

212 2671 275 2694 sua
299 2660 445 2705 ipsorum
468 2671 571 2694 causa
593 2660 768 2694 Athanasii
794 2660 1040 2694 restitutionem
1064 2658 1308 2692 aversantibus.
1333 2668 1395 2701 pro
1419 2669 1457 2692 se
1480 2658 1552 2702 ipse
1575 2658 1682 2691 bene-

213 2706 292 2739 vole
325 2706 511 2740 assentiens
543 2711 580 2740 et
602 2706 802 2748 consulens,
834 2716 992 2750 aggerem
1015 2716 1081 2749 quo
1104 2704 1197 2738 illum
1221 2715 1242 2738 a
1263 2704 1384 2737 throno
1408 2706 1567 2737 arcerent
1587 2702 1681 2736 insu-

215 2751 401 2796 perabilem
414 2751 589 2786 ·erexisset
610 2751 954 2786 excommunicatione
975 2750 1202 2795 intorquenda
1222 2749 1257 2782 in
1285 2761 1400 2783 omnes
1420 2750 1480 2794 qui
1503 2761 1576 2783 eum
1599 2759 1681 2792 pro-

215 2808 352 2832 movere
377 2802 592 2840 conarentur,
615 2797 798 2831 inconsulte
819 2797 885 2843 ipsi
908 2801 1013 2843 atque
1038 2797 1171 2840 ingrate
1192 2796 1248 2829 illo
1271 2795 1323 2828 uti
1345 2795 1508 2829 hactenus
1530 2794 1683 2838 neglige-

217 2848 294 2876 rent
308 2868 318 2887 ,
352 2843 484 2889 sibique
514 2844 564 2878 sic
597 2843 721 2878 iustam
754 2844 961 2888 praeberent
991 2841 1131 2877 timendi
1164 2852 1299 2876 causam
1323 2853 1385 2883 ne,
1406 2839 1696 2888 quemadmodum·
