1858 3126
243 191 340 237 692
644 189 957 234 OBSERVAT.
990 183 1300 237 PACHYMER.

244 303 346 350 sico,
387 299 433 337 de
459 300 619 338 castello
649 301 881 340 oblivionis:
918 301 1035 340 huius
1066 300 1166 339 arcis
1192 295 1430 340 mentionem
1456 302 1611 342 faciunt
1642 302 1686 341 in

107 359 133 393 P
158 359 223 395 487
248 358 330 395 vita
348 358 385 392 S.
402 355 562 395 Ioannis
583 357 888 410 Eleemosynarii
908 358 1092 396 Leontius
1113 363 1151 396 et
1169 357 1452 410 Metaphrastes
1470 360 1573 411 apud
1591 360 1686 397 Bol-

246 412 404 451 landum
422 413 545 452 Mens.
569 413 650 452 Ian.
673 421 768 454 tom.
789 415 807 453 Ι
830 428 871 466 p.
889 414 970 456 508
994 421 1033 452 et
1051 413 1144 457 525.
1184 413 1232 450 de
1251 415 1385 452 eodem
1404 420 1524 461 agunt
1544 415 1686 453 Cedre-

244 483 318 508 nus
341 469 400 506 ed·
422 470 510 519 fleg·
531 483 570 521 p·
592 469 693 520 346,
724 478 862 509 auctor
889 471 1081 509 Miscellae
1111 470 1139 508 l.
1161 473 1212 511 17
1233 484 1272 522 p.
1293 470 1398 519 510,
1428 468 1687 523 Theophanes

243 540 283 578 p.
299 528 402 574 220,
433 525 616 576 Agathias
636 526 662 565 l.
680 527 707 569 4
726 527 787 567 ed.
810 529 900 577 neg.
916 541 957 579 p.
983 530 1074 569 138.
1131 526 1352 563 accuratius
1372 527 1535 564 caeteris
1557 525 1688 564 Theo-

245 581 455 634 phylactus
484 582 718 632 Simocatta,
748 584 858 622 cuius
884 583 1002 621 verba
1030 583 1079 620 ad
1112 584 1256 620 calcem
1282 582 1400 620 huius
1421 582 1558 634 capitis
1579 595 1690 620 com-

242 637 400 675 modius
435 638 608 677 reddam,
664 639 790 679 simile
822 639 1019 691 quoddam
1047 638 1230 676 habuisse
1266 639 1470 677 castellum
1505 638 1690 677 videntur

245 693 387 732 Graeci
412 693 626 746 imperante
657 696 884 734 Andronico
919 695 1095 743 seniore,
1130 695 1196 733 cui
1226 694 1471 747 Nicephorus
1499 695 1690 746 Gregoras

244 750 270 788 l.
290 753 317 792 9
336 763 375 802 p.
395 753 476 793 200
501 751 562 789 ed.
584 751 699 790 Basil.
723 752 852 790 datam
871 753 991 791 fuisse
1015 752 1112 789 dicit
1130 751 1330 804 optionem
1348 751 1532 789 malletne
1548 764 1690 789 mona-

243 806 387 844 sticum
416 805 591 845 habitum
622 807 786 846 induere
804 814 872 846 aut
890 808 995 846 aliud
1021 807 1149 845 subire
1169 808 1334 857 malum;
1364 820 1464 859 quae
1489 813 1689 858 postrema

243 862 362 900 verba
381 869 448 900 aut
471 863 627 901 caedem
651 864 893 913 innuebant,
921 864 1051 915 inquit
1068 865 1283 914 Gregoras,
1312 868 1377 901 aut
1406 863 1587 909 exilium,
1620 868 1689 900 aut

243 919 381 971 βιαίαν
407 915 627 972 ἀπαγωγήν
646 920 701 968 εἰς
720 918 763 961 td
781 923 851 972 τῆς
872 917 1004 973 λήθης
1024 916 1223 972 φρούριον
1246 919 1458 958 violentam
1479 918 1689 957 abductio-

243 988 335 1013 nem
360 975 401 1012 in
426 976 630 1014 castellum
657 976 877 1016 oblivionis,
937 977 1198 1014 Leunclavius
1215 977 1258 1014 in
1276 975 1482 1013 Paudectis
1502 974 1689 1013 historiae

244 1031 434 1069 Turcicae
459 1045 499 1083 p.
517 1030 598 1073 445
631 1033 692 1070 ed.
717 1034 805 1083 Reg.
835 1046 873 1071 n.
897 1036 975 1075 128
999 1032 1202 1071 castellum
1224 1032 1323 1070 illud
1342 1030 1545 1084 Bosphoro
1565 1031 1689 1071 fuisse

244 1087 469 1139 appositum
489 1101 538 1126 ex
558 1088 729 1139 Gregora
749 1089 920 1128 coniicit.
978 1095 1017 1126 at
1044 1102 1238 1139 nusquam
1259 1089 1448 1138 Gregoras
1465 1087 1547 1126 eius
1567 1087 1687 1125 situm

243 1142 431 1194 designat.
488 1142 536 1181 de
567 1145 730 1182 castello
761 1159 852 1182 vero
884 1147 1045 1183 Persico
1074 1145 1288 1182 oblivionis
1314 1143 1444 1193 dicto,
1466 1150 1688 1195 postquam

245 1198 400 1236 ostendi
419 1202 621 1251 tragicam
643 1200 812 1238 Arsacis·
831 1202 1045 1239 historiam
1062 1215 1088 1238 a
1108 1203 1304 1252 Procopio
1321 1206 1553 1250 narratam,
1582 1212 1687 1236 eam-

244 1254 330 1292 dem
353 1256 493 1308 referri
516 1256 567 1293 ab
595 1256 813 1295 Ammiano
833 1258 1066 1295 Illarcellino
1087 1258 1113 1295 l.
1134 1261 1211 1304 17.,
1267 1258 1325 1294 sic
1349 1257 1490 1294 notavi
1521 1253 1579 1292 ad
1609 1254 1687 1292 illa

244 1311 363 1349 verba
393 1313 469 1349 mei
500 1315 692 1364 Procopii
703 1330 713 1350 .·
755 1315 934 1351 Arsacem
963 1313 1005 1351 in
1032 1313 1235 1351 castellum
1270 1312 1479 1351 oblivionis
1514 1311 1687 1350 detrudi.

243 1368 363 1406 verba
395 1364 680 1420 Theophylacti
700 1370 841 1408 Simoc.
870 1383 969 1421 quae
996 1383 1058 1407 me
1085 1369 1332 1408 redditurum
1360 1367 1522 1421 promisi
1551 1379 1685 1419 supra,

243 1423 312 1461 hic
332 1424 467 1476 accipe
485 1438 535 1462 ex
553 1425 579 1462 l.
593 1427 618 1466 3
639 1439 672 1465 e.
691 1428 730 1469 5.
761 1422 957 1492 φρούριον
986 1424 1251 1478 (Γιλιγέρδων
1267 1420 1394 1475 ὄνομα
1413 1418 1546 1480 αὔτῷ)
1574 1423 1686 1464 ἐνδο-

243 1479 340 1530 τέρω
368 1483 440 1531 τῆς
466 1482 658 1532 Μηδικῆς
683 1477 931 1537 ᾤκοδομηται
952 1481 994 1522 ἓν
1014 1479 1121 1536 χώρᾳ
1141 1480 1392 1536 ἕπιλεγομὲνῃ
1413 1481 1604 1529 Βιζακοῦ,
1634 1474 1686 1519 οὔ

243 1532 380 1587 πόρρω
415 1536 740 1590 Βενόοσαβείρων
771 1541 843 1589 τῆς
869 1535 1032 1585 πόλεως.
1087 1535 1268 1589 πρόσεστι
1299 1535 1341 1578 δὲ
1367 1532 1496 1591 τούτῳ
1527 1535 1596 1576 καί
1625 1549 1685 1582 τις

245 1587 395 1643 εἱρκτῆ.
453 1587 587 1642 λήθην
608 1591 650 1632 δὲ
672 1589 910 1645 ὀνομάζουσι
931 1591 1078 1644 ταύτην
1098 1594 1139 1633 οἷ
1158 1590 1365 1645 βάρβαροι.
1420 1591 1516 1630 hinc
1532 1603 1606 1628 nos
1624 1589 1684 1628 vi-

245 1647 359 1685 detur
387 1646 580 1685 abducere
607 1648 836 1687 Ammianus
865 1649 1138 1698 Marcellinus,
1167 1663 1256 1687 cum
1276 1649 1326 1686 ait
1346 1648 1528 1686 Arsacem
1551 1653 1685 1684 exter—

244 1704 442 1740 minatum
453 1705 592 1752 fuisse
609 1705 654 1742 in
669 1706 877 1743 castellum
894 1705 1113 1756 Agabana.
1169 1711 1208 1742 at
1225 1704 1300 1743 hoc
1316 1704 1465 1755 ipsum,
1493 1716 1576 1740 mea
1595 1702 1685 1753 qui·-

249 1759 339 1796 dem
375 1759 584 1810 sententia,
622 1761 731 1798 illius
772 1767 829 1800 est
863 1761 1029 1799 carceris
1061 1774 1206 1799 nomen
1237 1773 1287 1798 ex
1315 1760 1466 1798 duobus
1497 1759 1684 1797 coalitum

246 1828 335 1853 cum
373 1816 554 1856 articulo.
611 1817 791 1869 proxime
827 1818 876 1855 ad
910 1817 1079 1868 origines
1107 1817 1264 1855 accedet
1293 1817 1361 1868 qui
1387 1816 1442 1853 ita
1467 1814 1682 1867 scripserit,

245 1871 527 1922 Hagoba-nas·
543 1873 608 1911 vel
625 1874 940 1925 Hagoba-nasa.
997 1873 1140 1911 etenim
1162 1873 1267 1922 Gob,
1299 1878 1338 1910 et
1356 1871 1560 1910 Chaldaice
1575 1870 1684 1922 goba

245 1927 312 1965 vel
339 1928 502 1979 gabba,
532 1930 638 1979 quod
665 1930 781 1969 toties
806 1930 849 1967 in
873 1944 907 1969 c.
930 1933 955 1971 6
987 1929 1155 1967 Danielis
1184 1929 1373 1977 occurrit,
1399 1929 1548 1967 foveam
1568 1933 1606 1965 et
1625 1927 1684 1964 la-

247 1996 338 2021 cum
356 1984 563 2035 significat.
620 1991 786 2038 utroque
805 1992 935 2024 autem
954 1986 1146 2024 vocabulo
1163 1986 1387 2037 Scripturae
1409 1986 1546 2022 Sacrae
1561 1984 1684 2021 inter-

245 2045 375 2091 pretes
404 2054 598 2079 carcerem
616 2042 715 2080 bene
737 2049 890 2093 septum
908 2048 946 2080 et
965 2042 1147 2094 praealtis
1166 2042 1379 2093 parietibus
1400 2041 1591 2078 munitum
1615 2039 1682 2077 de-

244 2095 409 2145 signant.
466 2110 602 2136 carcer
627 2098 669 2136 in
704 2112 816 2150 quem
851 2099 989 2150 Ioseph
1021 2099 1219 2137 coniectus
1257 2097 1353 2147 fuit,
1391 2097 1505 2134 fovea
1535 2095 1683 2134 dicitur

245 2152 335 2202 Sap·
368 2154 419 2194 10
449 2156 523 2200 13,
560 2154 707 2192 aLXX
732 2152 895 2204 λάκκος,
926 2162 964 2193 et
987 2156 1085 2195 Gen.
1114 2154 1165 2196 41
1202 2153 1252 2195 14
1276 2149 1466 2205 ὄχύρωμα
1495 2150 1675 2190 munitio.

243 2205 342 2243 haec
361 2213 418 2245 est
438 2208 637 2248 Chaldaici
661 2218 831 2262 potestas
850 2211 1018 2249 nominis
1036 2220 1111 2250 unz
1131 2210 1196 2248 vel
1214 2218 1291 2248 Μ).
1350 2209 1514 2246 alterum
1537 2220 1632 2246 vero
1657 2219 1681 2243 a

243 2262 365 2299 verbo
396 2272 475 2302 mm
507 2268 753 2316 progenitum
781 2269 1014 2305 oblivionem
1045 2272 1168 2304 sonat.
1226 2265 1413 2315 originem
1435 2276 1589 2314 quoque
1607 2274 1680 2299 no-

243 2317 360 2355 minis
394 2320 631 2371 Giligerdon
661 2322 756 2360 mihi
785 2324 921 2362 videor
940 2324 979 2361 in
1000 2337 1045 2361 eo
1067 2321 1368 2374 deprehendisse
1389 2319 1494 2370 quod
1522 2316 1680 2356 subiicit

244 2373 474 2422 simocatta,
504 2390 634 2416 arcem
656 2378 763 2416 illam
782 2381 899 2417 fuisse
918 2379 1112 2417 addictam
1133 2375 1397 2416 custodiendis
1417 2371 1520 2411 bello
1539 2373 1675 2424 captis,

246 2442 344 2480 quos
364 2442 434 2466 rex
461 2430 650 2471 intentius
668 2436 859 2473 asservari
878 2436 1006 2472 vellet.
1061 2436 1142 2485 gili
1159 2434 1224 2472 vel
1240 2433 1324 2484 geli
1345 2431 1497 2468 deduco
1517 2443 1538 2466 a
1554 2429 1676 2467 verbo

246 2478 338 2533 52¹7ss,
368 2486 475 2536 quod
492 2489 596 2526 valet
620 2493 823 2539 captivum
843 2490 1004 2529 abduci.
1059 2496 1115 2527 est
1144 2495 1271 2526 autem
1298 2485 1419 2537 gad,
1447 2484 1524 2523 nisi
1545 2486 1677 2536 fallor,

243 2541 347 2579 idem
377 2555 422 2579 ac
442 2542 582 2594 geder,
610 2545 747 2583 Latine
763 2554 933 2596 septum,
964 2560 982 2582 a
1004 2546 1122 2583 verbo
1143 2555 1202 2584 *m
1217 2542 1373 2594 gadar,
1401 2542 1505 2580 unde
1532 2554 1677 2580 nomen

246 2596 401 2645 Gades,
434 2604 472 2636 et
503 2595 693 2652 Γάδειρα,
722 2601 829 2650 quod
857 2600 1075 2653 Hesychius
1102 2601 1353 2652 περίφραγμα
1382 2597 1676 2650 interpretatur.

241 2653 450 2692 subscribit
473 2654 645 2695 Avienus
663 2669 700 2694 v.
722 2656 823 2704 914,
852 2670 940 2694 cum
964 2657 1019 2693 ait

409 2709 582 2750 barbara
611 2714 708 2764 quin
736 2715 857 2750 etiam
888 2711 1021 2750 Gades
1047 2711 1142 2748 hinc
1170 2711 1314 2761 lingua
1336 2708 1598 2761 frequentat:

406 2769 566 2806 Poenus
594 2770 739 2820 quippe
765 2769 895 2806 locum
926 2767 1058 2807 Gadir
1085 2774 1203 2804 vocat
1231 2764 1410 2817 undique
1435 2772 1600 2816 septum.

242 2833 291 2858 ex
318 2822 387 2863 illo
414 2826 523 2864 sonte
553 2824 815 2864 transmarino
839 2825 1000 2864 fluxisse
1019 2823 1189 2864 arbitror
1208 2836 1324 2863 voces
1346 2821 1514 2860 Gallicas
1531 2817 1672 2873 garde,
