1820 3112
194 137 263 185 98
620 135 858 181 GEORGII
891 135 1247 179 PACHYMERIS

196 268 294 304 του,
333 253 420 299 πῶς
441 248 484 291 ἔκ
514 252 589 291 τοῦ
612 252 823 305 προσεχῶς
837 267 852 304 ,·
883 246 1005 305 δρᾶτε
1035 248 1092 298 εἷς
1116 253 1216 290 ποῖα
1236 244 1475 304 ἀρκύστατα
1492 249 1669 303 πίπτετε,

196 320 271 375 τὴν
313 317 532 373 θεολογίαν
572 316 1025 374 καταρρυπαίνοντες.”
1106 317 1173 358 καὶ
1206 316 1365 372 οἱπερὶ
1403 317 1476 361 τὸν
1515 318 1671 361 Βέκκον

144 389 175 424 C
203 386 511 442 (ῑὸμολογοῦμεν
532 385 579 427 τὸ
603 383 933 441 παρατόλμημα,
969 386 1036 427 καὶ
1055 382 1296 440 συγγνώμην
1318 387 1523 440 αῗτοῦμεν.
1575 386 1672 430 οὐδὲ

197 456 274 513 γὰρ
295 452 475 497 αὐτόθεν
497 451 594 509 ἡμῖν
618 452 644 508 ἡ
665 452 770 509 ὁρμὴ
801 459 875 497 τοῦ
902 458 1034 497 ταῦτα
1065 453 1188 509 λέγειν
1219 453 1263 495 ἐκ
1280 454 1462 508 ματαίας
1487 454 1669 511 ὀρέξεως,

197 523 294 567 ἀλλ’
327 518 378 579 ἦν
411 522 458 565 τὸ
488 527 750 578 παροτρῦναν
780 522 924 566 αἴτιον.
997 521 1044 564 τὸ
1070 521 1116 563 δ’
1154 517 1205 576 ἦν
1234 522 1474 578 νομιζομένη
1496 527 1570 578 τῆς
1589 527 1706 568 naus

198 594 419 647 ἐκκλησιῶν
439 592 643 645 διχονοίας
662 588 870 644 διάλυσις,
910 588 1015 634 ὥστε
1042 590 1199 632 ἐκείνων
1225 591 1299 642 μὲν
1315 591 1539 646 χρωμένων
1557 595 1610 649 τῇ
1631 591 1675 634 ἔκ

196 660 314 716 ἡμῶν
343 661 388 702 δὲ
409 663 459 716 τῇ
491 656 583 711 διά,
630 660 939 715 προστιθέντων
975 659 1041 701 καὶ
1071 659 1317 715 ἀμφοτέρων
1347 660 1412 702 ἐπὶ
1430 664 1520 706 ,τοῦ
1542 660 1672 703 αὐτοῦ

199 734 274 784 τῆς
298 729 516 784 θεολογίας
536 725 690 780 τόπου,
729 728 803 770 οὐκ
826 728 960 777 ἄλλως
980 727 1080 782 ἔχειν
1103 726 1368 781 συμβιβὰζειν
1381 761 1395 780 ,
1433 730 1470 770 εἷ
1484 728 1542 783 μὴ
1563 726 1674 771 οὕτω

145 812 176 846 D
200 799 394 854 λέγοιμεν.
466 798 509 839 τί
534 797 602 838 δαὶ
633 796 701 839 διὰ
734 801 857 839 τοῦτο
889 797 1156 852 παραβασίας
1183 798 1225 847 ἐξ
1258 794 1485 854 ὁλοκλήρου
1507 799 1573 840 καὶ
1600 796 1671 853 ἐφ’

199 866 349 923 αἱρέσει
379 867 642 922 κριθείημεν,
686 861 742 915 ὥς
772 864 1019 907 ἀθετεῖσθαι
1047 865 1122 918 μὲν
1151 866 1430 920 χειροτονίαν,
1459 863 1731 910 καταπλύ-10

471 931 530 949 *tl
717 935 727 951 ς

195 939 344 979 νεσθαι
363 935 408 977 δέ
433 951 485 976 τα
505 950 624 989 αγια,
661 950 728 975 και
757 933 858 976 αὐτὸ
891 934 935 976 δὲ
959 933 1007 976 τὸ
1028 933 1254 975 τελεστικόν
1290 932 1405 990 ἅγιον
1424 933 1674 978 ἀθετεῖσθαι

197 1001 332 1060 μόρον
366 1004 432 1045 καὶ
467 1002 854 1059 παραρρίπτεσθαι,
900 1000 961 1044 ὅτι
985 1000 1082 1056 ἡμῖν
1116 1002 1367 1058 τετέλεσται,·
1401 1003 1487 1045 ἐπεί
1507 1003 1576 1046 τοί
1591 1002 1674 1059 γε”

198 1074 302 1129 φασὶ
327 1073 424 1113 “καὶ
442 1068 539 1124 ὑμῖν
559 1071 882 1126 παραβέβασταί
897 1088 935 1113 τι
955 1075 1247 1126 θεολογοῦσιν,
1283 1069 1339 1120 ὥς
1362 1072 1560 1125 δείξομεν.
1595 1067 1670 1128 ἆρ’

197 1136 270 1184 οὖν
299 1140 368 1183 διὰ
399 1144 561 1191 ταῦτα,
601 1138 771 1195 ἀφέντες
803 1137 899 1193 ὖμΐν
929 1141 1130 1195 ἐγκαλεῖν,
1171 1139 1218 1182 τὸ
1243 1143 1324 1182 πᾶν
1354 1139 1674 1196 ἀφανι’σομεν,·”

81 1223 108 1258 Ρ
132 1223 177 1259 63
201 1211 269 1253 καὶ
289 1213 372 1252 τῶν
391 1205 585 1251 εἷπόντων
611 1212 639 1231 “
652 1210 719 1249 καὶ
748 1212 827 1250 ποῦ
859 1210 926 1250 καὶ
949 1207 1012 1250 ἐπὶ
1038 1209 1144 1251 τίσιν
1166 1206 1262 1262 ἡμῖν
1291 1208 1673 1264 παραβέβασται;”
1685 1220 1729 1256 15

197 1278 372 1327 ἐκείνους
403 1277 587 1331 ἐκβαλεῖν
611 1276 740 1325 ἒυθὺς
767 1274 923 1331 χάρτην
944 1278 1010 1319 καὶ
1033 1277 1274 1333 ἐμφανίζειν.
1346 1278 1414 1318 καὶ
1432 1276 1529 1326 τοὺς
1547 1272 1675 1327 αὖθις

197 1343 450 1402 ἀναγνόντας
480 1345 696 1401 ἀρνεῖσθαι
729 1346 796 1387 καὶ
827 1344 1141 1400 ἀναθεματίζειν
1170 1344 1242 1388 τὸν
1275 1341 1421 1401 λόγον,
1455 1345 1599 1400 σχεδὸν
1630 1345 1676 1389 δὲ

195 1417 264 1458 καὶ
292 1413 419 1458 αὐτὸν
449 1413 522 1457 τὸν
551 1411 787 1470 γράψαντα.
859 1413 964 1456 ἀλλὰ
996 1413 1069 1457 τὸν
1087 1411 1392 1471 Μοσχάμπαρα
1411 1412 1554 1458 ἰδόντα
1571 1412 1674 1469 ὅμο-

196 1558 350 1603 roganti:
385 1557 414 1592 si
448 1569 491 1592 ex
514 1556 621 1603 primo
646 1560 723 1600 est,
758 1557 924 1603 quomodo
948 1561 984 1592 et
1008 1569 1049 1593 ex
1073 1570 1114 1592 eo
1137 1556 1195 1603 qui
1218 1556 1376 1592 continue
1397 1567 1441 1592 ex
1462 1555 1571 1602 primo
1594 1554 1674 1590 est?

198 1606 317 1639 videte
340 1604 374 1637 iu
398 1615 483 1649 quas
508 1615 569 1638 vos
593 1604 837 1650 perplexitates
859 1605 1015 1646 induitis,
1050 1603 1254 1648 theologiam
1278 1606 1554 1649 conspurcantes.
1600 1602 1675 1636 Fa-

196 1655 307 1684 temur
338 1649 565 1683 temeritatem
599 1654 635 1683 et
666 1651 796 1684 veniam
837 1651 1023 1695 poscimus3
1055 1662 1124 1696 qua
1159 1655 1196 1684 et
1230 1650 1323 1694 digni
1345 1648 1454 1684 videri
1485 1657 1674 1694 possumus,

197 1703 365 1741 quatenus
388 1707 454 1729 non
479 1696 545 1729 levi
571 1695 748 1740 prurigine
772 1697 935 1731 novitatis
959 1699 1018 1730 aut
1033 1695 1261 1730 iactabundae
1277 1694 1488 1730 curiositatis
1509 1692 1674 1728 instinctu

196 1742 230 1776 in
254 1743 322 1776 ista
344 1744 499 1775 volentes
522 1741 733 1784 incurrimus,
759 1743 819 1776 sed
843 1754 904 1787 spe
926 1743 1073 1787 ingentis
1097 1754 1223 1787 operae
1248 1741 1349 1787 pretii
1370 1740 1557 1786 pertracti;
1581 1739 1674 1785 quod

196 1788 264 1822 ista
288 1788 360 1822 sola
383 1787 517 1821 ratione
542 1789 751 1832 putabantur
774 1793 891 1821 vetera
923 1794 958 1822 et
988 1788 1176 1833 perniciosa
1201 1787 1342 1822 discidia
1371 1786 1495 1821 dudum
1529 1785 1674 1820 infesta-

196 1845 269 1868 rum
294 1833 438 1867 invicem
462 1833 681 1867 ecclesiarum
707 1835 864 1868 Graecae
888 1833 1103 1879 Latinaeque
1137 1845 1237 1879 posse
1260 1833 1426 1878 componi.
1474 1843 1549 1866 cum
1585 1831 1674 1865 enim

196 1880 230 1914 in
256 1892 296 1914 eo
321 1880 424 1914 cardo
449 1879 550 1924 litigii
573 1884 790 1922 verteretur,
815 1880 906 1925 quod
930 1881 963 1914 in
990 1881 1187 1925 explicando
1212 1879 1401 1914 divinarum
1425 1877 1673 1912 emanationum

196 1927 356 1970 dogmate
379 1925 495 1960 Latini
531 1925 784 1971 praepositione
817 1938 860 1960 ex
894 1931 1092 1967 uterentur,
1130 1937 1192 1960 nos
1217 1937 1294 1959 vero
1319 1923 1570 1970 praepositione
1593 1921 1672 1964 διά,

196 1983 285 2017 quae
307 1971 391 2017 ipsis
415 1971 508 2006 valet
530 1982 605 2017 per,
622 1972 836 2006 manifestum
860 1977 914 2006 est
937 1984 1001 2006 non
1026 1972 1131 2006 fuisse
1156 1972 1255 2006 aliam
1278 1969 1529 2005 controversiae
1551 1969 1675 2004 finien-

197 2019 263 2051 dae
303 2017 492 2060 rationem,
538 2017 694 2062 utrisque
727 2018 760 2051 in
798 2018 1034 2063 praeiudicata
1067 2018 1235 2052 sententia
1268 2017 1393 2051 obnixe
1426 2016 1673 2061 perstantibus,

197 2074 297 2108 quam
322 2063 581 2097 demonstrando
606 2068 720 2105 recte,
755 2064 819 2097 hac
849 2064 988 2098 duarum
1020 2064 1216 2098 vocularum
1247 2062 1464 2107 synonymia,
1499 2061 1675 2096 conciliari

196 2114 315 2154 partes
339 2110 466 2149 ambas,
490 2114 526 2142 et
550 2109 584 2142 in
608 2121 708 2144 unam
732 2109 910 2144 orthodoxi
938 2110 1108 2154 dogmatis
1130 2109 1314 2143 locutiones
1338 2107 1452 2154 specie
1474 2107 1674 2152 discrepan-

198 2159 254 2188 tes
277 2155 436 2198 adaptari
460 2156 670 2190 sententiam.
720 2156 799 2200 quid
824 2157 962 2190 autem?
985 2168 1028 2190 an
1052 2157 1115 2189 hoc
1139 2156 1270 2199 agendo
1290 2154 1441 2189 nefariae
1463 2165 1486 2188 a
1508 2156 1582 2187 tota
1603 2152 1674 2187 fide

199 2212 241 2234 ac
259 2200 423 2244 religione
448 2202 614 2235 catholica
638 2201 839 2236 defectionis
863 2202 990 2236 crimen
1014 2201 1263 2236 conscivimus?
1293 2212 1335 2234 an
1359 2197 1614 2239 commeruimus
1634 2201 1674 2232 ut

199 2247 381 2280 haereseos
413 2246 614 2280 manifestae
643 2248 904 2282 damnaremur?
939 2259 1016 2282 num
1039 2252 1136 2281 tanta
1169 2252 1222 2281 est
1243 2246 1372 2280 invidia
1393 2246 1598 2290 procuratae
1621 2243 1674 2277 sic

198 2292 307 2336 pacis,
331 2295 370 2325 ut
393 2296 428 2325 et
451 2297 600 2325 nostram
625 2293 872 2327 ordinationem
895 2294 974 2328 ideo
998 2293 1146 2327 rescindi
1167 2293 1222 2327 fas
1242 2291 1360 2334 suerit,
1382 2296 1421 2324 ut
1443 2294 1563 2324 sancta
1592 2299 1674 2323 con-

199 2338 365 2371 taminata
387 2337 578 2378 declarari,
608 2343 648 2372 ut
669 2350 801 2373 sacrum
824 2340 932 2386 ipsum
956 2339 1123 2379 chrisma.
1155 2338 1247 2384 quod
1282 2341 1398 2371 nostra
1419 2341 1512 2369 esset
1533 2335 1675 2369 benedi-

200 2383 311 2417 ctione
341 2382 609 2424 sanctificatum,
642 2384 743 2418 abiici
765 2389 804 2418 ut
828 2388 1004 2429 profanum
1028 2384 1290 2428 conculcarique
1311 2381 1496 2415 debuerit'e.
1524 2380 1620 2427 atqui
1650 2392 1672 2415 a

201 2428 302 2463 vobis
334 2440 468 2474 quoque
502 2429 538 2462 in
572 2429 669 2463 modo
701 2429 744 2463 de
777 2431 905 2465 divinis
935 2430 1203 2464 emanationibus
1238 2427 1396 2473 loquendi
1427 2426 1594 2461 offensum
1617 2430 1673 2461 est

200 2474 394 2520 quidpiam,
418 2479 458 2508 ut
480 2476 705 2511 ostendemus.
753 2487 830 2509 num
855 2483 1037 2521 propterea
1067 2487 1129 2510 vos
1152 2487 1173 2509 a
1196 2475 1294 2508 nobis
1317 2485 1378 2518 pro
1403 2472 1672 2507 excommunica-

201 2521 246 2554 tis
269 2519 374 2554 vitari
396 2532 460 2566 par
483 2521 564 2554 est?
596 2532 675 2554 num
698 2523 733 2554 et
757 2532 817 2555 nos
850 2522 937 2555 labis
969 2522 1043 2555 eius
1067 2521 1220 2554 conscios
1243 2519 1364 2563 religio
1387 2518 1514 2562 subigit
1536 2519 1674 2552 abrum-

201 2577 283 2612 pere
307 2567 372 2600 hoc
395 2566 615 2611 colloquium,
649 2571 683 2600 et
709 2568 969 2601 communionem
992 2571 1140 2600 vestram
1163 2571 1332 2611 tamquam
1356 2564 1570 2598 anathemate
1592 2575 1674 2609 per-

200 2623 373 2647 cussorum
402 2612 573 2654 aversari,
606 2623 648 2646 ac
678 2611 729 2646 sic
758 2624 888 2646 omnem
911 2612 1140 2647 conciliandae
1171 2611 1370 2645 concordiae
1391 2621 1486 2655 spem
1509 2609 1671 2655 viamque

198 2659 429 2712 praecidere?
464 2658 543 2691 .Hic
567 2657 771 2692 Patriarcha
804 2670 876 2693 cum
907 2659 978 2693 suis
1015 2670 1034 2691 e
1058 2659 1170 2695 Vecco
1192 2656 1374 2702 requisivit
1405 2656 1463 2690 ubi
1487 2661 1523 2690 et
1548 2656 1673 2701 quibus

197 2715 233 2738 in
266 2704 383 2738 verbis
414 2708 564 2739 erratum
596 2715 617 2738 a
648 2715 686 2738 se
717 2705 819 2738 soret.
867 2704 982 2739 statim
1007 2704 1140 2738 Veccus
1164 2703 1315 2737 chartam
1346 2714 1366 2736 e
1398 2701 1472 2735 sinu
1506 2703 1673 2747 prolatam

196 2750 356 2785 ostendit.
403 2762 504 2796 quam
527 2761 601 2784 cnm
626 2749 674 2783 illi
697 2749 870 2794 legissent,
895 2762 990 2784 suam
1013 2754 1192 2795 negarunt,
1217 2754 1253 2783 et
1275 2760 1340 2782 non
1363 2747 1461 2782 modo
1484 2747 1574 2793 quod
1597 2750 1674 2782 erat

194 2795 229 2831 in
252 2808 293 2832 ea
316 2796 493 2843 scriptum,
514 2797 576 2832 sed
600 2799 636 2831 et
657 2795 767 2842 ipsum
795 2798 882 2832 bene
904 2796 1025 2842 scripti
1048 2799 1233 2838 auctorem,
1257 2794 1461 2842 quicumque
1484 2795 1587 2837 foret,
1609 2793 1672 2829 sub
