1858 3126
507 182 608 226 ΠΒ.
640 181 712 227 111.
779 183 1250 228 CHRONOLOGIGUS.
1495 186 1593 233 83⁷

189 285 270 347 ἓ
304 286 466 347 ἒζ-ἶυῖζῖ
490 286 650 348 ηεξ-ι’·
749 290 902 331 Arsenii
924 293 1169 344 patriarchae
1197 293 1342 333 dudum
1361 297 1507 334 mortui
1525 309 1591 335 η-

321 351 450 413 {infuit-m
491 385 650 414 manici
693 347 838 398 liquiae
867 347 910 385 in
939 349 1071 388 urbem
1100 351 1264 389 solemni
1288 363 1432 403 pompa
1451 364 1590 403 repor-

365 418 408 446 1v
690 409 835 442 tantur·
890 417 923 442 c·
943 406 1012 449 31,

172 454 279 496 1284
382 453 410 495 4
567 460 594 498 2
742 471 878 508 Snltan
914 470 1122 522 Babylonis
1162 471 1400 513 Christianos
1439 472 1592 524 Syriam

692 526 907 564 obtinentes
928 526 1032 563 bello
1050 533 1178 566 vexat.
1234 541 1268 567 c.
1283 531 1349 569 32.
1609 532 1639 567 P
1660 534 1726 569 607

744 592 991 632 Andronicus
1024 593 1237 643 imperator
1272 593 1410 632 viduus
1446 607 1591 632 secun-

689 647 776 686 dam
805 648 915 686 ducit
946 649 1149 697 coniugem
1172 648 1310 686 [renen
1334 648 1455 687 filiam
1482 663 1588 688 mar-

688 703 836 741 chionis
855 703 1145 742 montisserrati.
1202 716 1238 742 c.
1259 705 1326 745 83.

741 769 887 808 Veccus
934 771 1055 807 Prusa
1107 775 1292 807 evocatus
1339 770 1586 820 congreditur

686 838 776 863 cum
815 824 1065 862 schismaticis
1099 826 1143 862 in
1182 825 1370 863 Alexiaco
1402 825 1586 875 triclinio,

686 886 725 918 et
748 882 936 918 rationem
963 879 1093 918 reddit
1115 879 1208 917 fidei
1232 893 1321 918 suae
1341 887 1380 919 et
1397 887 1586 918 actorum.

686 942 812 973 tamen
831 935 878 973 ab
894 935 1044 973 infestis
1062 934 1336 972 condemnatus
1356 935 1587 986 deportatur

686 1004 775 1028 cum
792 990 905 1028 sociis
928 990 1080 1028 duobus
1098 989 1380 1027 archidiaconis
1396 991 1438 1027 in
1459 1004 1587 1028 arcem

684 1047 723 1083 S.
744 1045 942 1095 Gregorii,
970 1045 1040 1083 ubi
1060 1044 1168 1083 nulla
1195 1044 1324 1082 victus
1349 1046 1584 1096 provisione,

683 1101 887 1139 durissima
918 1100 1095 1139 custodia
1124 1099 1343 1137 detinentur
1375 1113 1445 1138 sex
1472 1101 1585 1140 annis

683 1156 853 1206 integris.
882 1170 914 1193 c.
930 1155 1037 1196 Stat
1053 1156 1119 1197 35.
1174 1155 1266 1193 vide
1283 1161 1482 1206 praeterea
1501 1168 1537 1194 c.
1555 1159 1584 1197 2

683 1210 798 1249 huius
818 1211 908 1248 libri
928 1211 1088 1250 Observ.
1106 1213 1131 1251 3
1153 1223 1192 1247 n.
1212 1213 1250 1252 6.

736 1277 797 1315 Ex
847 1277 1028 1327 neglectu
1072 1282 1110 1314 et
1156 1275 1353 1313 debilitate
1390 1276 1585 1314 Romanae

682 1332 814 1370 classis
848 1332 1006 1370 licentia
1037 1332 1250 1384 piratarum
1283 1330 1582 1379 increbescente,

680 1388 859 1425 littorum
882 1388 1036 1425 accolae
1060 1386 1226 1437 migrare
1242 1385 1286 1423 in
1306 1385 1584 1426 mediterranea

679 1443 870 1481 iubentur.
927 1455 959 1482 c.
984 1445 1050 1484 87-

733 1508 889 1560 Scythis
910 1507 1078 1545 Danubii
1095 1506 1238 1544 accolis
1260 1505 1523 1545 incursionem
1539 1505 1581 1543 in

679 1563 884 1602 Thraciam
905 1569 943 1600 et
960 1562 1225 1600 Macedoniam
1243 1560 1491 1607 minantibus,
1519 1573 1583 1596 ca-

680 1619 798 1657 daver
825 1617 1024 1657 Michafflis
1051 1616 1319 1667 imperatoris,
1347 1629 1396 1652 ne
1424 1615 1471 1651 ab
1502 1615 1582 1652 illis

680 1674 850 1712 ablatum
867 1672 1137 1711 redimendum
1158 1672 1258 1708 foret
1275 1676 1421 1721 postea,
1449 1682 1498 1707 ex
1516 1670 1582 1706 Al-

678 1731 760 1780 lage
777 1728 993 1779 Selybriam
1012 1728 1256 1765 transfertur.
1311 1724 1408 1765 ibid.

729 1794 865 1833 Blachi
896 1807 945 1832 ne
972 1806 1013 1831 se
1046 1793 1202 1843 Scythis
1228 1791 1501 1838 adiungerent,
1530 1801 1579 1827 ex

677 1851 850 1887 Occidua
880 1849 1102 1885 continente
1129 1847 1171 1883 in
1199 1845 1433 1882 Orientalem
1450 1849 1578 1880 trans-

675 1905 817 1941 fretare
836 1908 1038 1951 coguntur,
1096 1900 1189 1937 ibid.
1207 1913 1243 1950 p.
1262 1902 1314 1940 66
1333 1897 1422 1935 edit.
1434 1898 1579 1935 Possin.

165 2034 269 2074 1285
309 2024 436 2083 Ηοῖῧῆί
556 2035 581 2072 3
734 2032 922 2069 Martinus
939 2031 992 2069 lv
1022 2044 1120 2068 sum.
1149 2036 1258 2080 pont.
1283 2029 1430 2066 Perusii
1453 2028 1578 2066 mori-

375 2096 392 2133 1
681 2093 745 2124 tur
779 2086 806 2127 4
839 2085 994 2123 kalend.
1026 2087 1121 2136 Apr.
1152 2085 1227 2122 hoc
1256 2090 1313 2121 est
1349 2085 1403 2125 29
1434 2083 1574 2121 Martii.

680 2141 774 2178 huic
802 2140 983 2182 suffectus
1008 2147 1064 2177 est
1083 2139 1246 2177 Iacobus
1264 2138 1444 2177 diaconus
1463 2137 1575 2175 Card-

681 2209 701 2233 e
728 2195 872 2232 familia
893 2195 1064 2243 Sabella,
1099 2194 1165 2243 qui
1189 2199 1392 2230 coronatus
1420 2197 1478 2229 est
1494 2193 1575 2230 Ro-

679 2263 762 2288 mae
781 2253 830 2291 17
849 2250 927 2288 kal.
948 2249 1056 2296 Maii,
1085 2249 1213 2286 dictus
1230 2247 1422 2285 Honorius
1442 2246 1508 2284 lv.

732 2315 978 2368 Curopalates
996 2314 1302 2365 Umpertopulns
1319 2313 1481 2363 Scythas
1499 2312 1572 2349 Da-

678 2371 785 2409 nubii
805 2370 955 2407 accolas
973 2369 1054 2406 acie
1072 2369 1195 2407 vincit
1216 2374 1253 2405 et
1270 2369 1398 2417 fugat,
1425 2368 1467 2404 in
1492 2367 1572 2404 eius

676 2426 732 2463 rei
760 2426 854 2462 bene
877 2430 1004 2474 gestae
1023 2423 1238 2476 praemium
1256 2435 1415 2474 magnus
1437 2421 1570 2474 papias

677 2486 838 2519 creatus,
892 2493 926 2518 c.
944 2482 1010 2520 29.

731 2547 971 2596 Disceptatur
992 2543 1094 2582 inter
1119 2542 1391 2581 ecclesiasticos
1410 2541 1458 2578 de
1476 2540 1571 2576 alle·

678 2603 775 2652 gatis
793 2609 945 2652 patrum
963 2598 1190 2637 testimoniis
1209 2611 1232 2634 a
1251 2597 1390 2644 Vecco,
1417 2596 1510 2632 dum
1526 2594 1568 2630 in

680 2655 875 2706 colloquio
913 2653 1092 2705 synodali
1126 2652 1278 2689 auditus
1311 2658 1386 2698 θεῖς
1431 2648 1569 2699 quibus

680 2711 792 2749 multi
811 2724 892 2748 non
916 2710 1012 2747 bene
1038 2706 1278 2746 satisfactum
1304 2703 1570 2745 mussitabant.

680 2768 704 2804 l.
730 2769 756 2807 2
778 2779 814 2806 c.
832 2768 851 2806 1
876 2779 915 2816 p.
938 2767 992 2807 73
1008 2769 1046 2803 et
1062 2761 1126 2804 74.
