1820 3112
360 128 446 187 'na
478 138 807 185 ΑΝοΒοΝιοο
839 133 1212 180 PALAEoLoco
1246 133 1298 175 L.
1327 130 1384 176 11.
1516 127 1614 175 127

156 259 226 309 κὸς
255 253 535 313 {uznoimam
580 252 681 297 ἀλλ’
713 247 944 309 ὄρθόδοξον
971 247 1162 305 ἡγεῖσθαι
1178 247 1334 290 πείθειν
1354 245 1422 288 καὶ
1443 241 1618 298 ἑτοίμως

156 327 406 371 σπένδεσθαι
433 327 507 367 τοῦ
533 319 765 365 σκανδάλου
784 318 1107 375 παραιρεθέντος
1120 331 1132 342 ·
1168 316 1215 359 τὸ
1235 315 1280 358 δ’
1303 315 1417 357 ἔσται
1435 310 1614 365 πάντως,

157 398 194 439 εἰ
215 393 311 450 μετ’
344 390 504 449 εῗρήνης
527 397 780 446 παραιτοΐτο.
849 386 975 432 ταῦτ’
1004 386 1110 441 ἔλεγε
1135 381 1351 439 βασιλεύς,
1389 381 1618 439 ἀπειρηκὼς

158 463 238 519 ἤδη
260 461 364 519 πρὸς
392 461 440 504 τὸ
466 464 548 503 τῶν
565 463 727 502 πολλῶν
745 453 988 500 σκάνδαλον,
1060 453 1154 495 ἀλλ’
1180 450 1342 495 ἀκούων
1363 452 1509 500 ἐκεῖνος
1526 446 1619 493 τότε

126 530 289 580 suamc
317 526 369 585 ἦν
392 527 528 572 ἀλύων
536 560 550 580 ,
582 527 689 581 εἴπερ
709 523 928 581 ἀναφανδὰ
954 523 1029 578 μὲν
1049 521 1119 578 ἐφ’
1142 522 1290 577 αἱρέσει
1309 525 1458 562 τοῦτον
1478 521 1621 562 διεκω-

156 597 381 658 μῴδησαν,
417 595 555 653 κρυφὰ
578 597 622 638 δέ
644 593 700 644 ὥς
717 594 1027 649 ὂρθοδοξοῦντα
1049 590 1248 644 δέχονται.
1321 588 1387 631 διὰ
1407 593 1532 630 τοῦτο
1552 588 1619 629 καὶ
1643 588 1673 623 P
1697 587 1740 623 85

157 668 234 722 τὴν
256 665 474 721 ὁμολογίαν
504 661 628 718 ἔζήτει
647 660 806 716 ταύτην
838 665 953 717 κοινῇ
972 658 1077 715 παρ’
1102 658 1239 700 αὐτῶν
1269 657 1483 713 γενέσθαι,
1520 673 1621 698 συν-

159 737 358 790 αχθείσης
387 737 462 787 τῆς
487 731 692 780 πολιτείας
718 729 807 784 ἅμα
842 726 1056 787 συγκλήτῳ
1081 729 1148 770 καὶ
1175 731 1360 781 βασιλεῖ’,
1405 725 1512 781 μηδὲ
1537 729 1621 781 τῶν

157 803 351 860 ἐκκρίτων
370 803 559 856 μοναχῶν
579 797 780 842 ἀπόντων.

105 881 151 915 10
297 871 342 915 8.
411 872 558 911 Ταῦτα
578 869 795 922 ζητοῦντος
815 865 965 908 ἐκείνου
989 862 1045 914 ὥς
1064 863 1210 907 αὗτίκα
1232 864 1298 905 καὶ
1318 861 1393 917 τὴν
1413 861 1618 917 παραίτη-
1641 864 1673 900 Β

159 956 224 982 σιν
245 935 476 989 δώσοντος,
513 936 657 989 σκέψις
678 932 729 990 ἦν
747 936 938 990 μεγίστη,
975 935 1041 975 καὶ
1060 936 1214 987 σχίσμα
1243 932 1346 987 μέγα
1363 931 1515 985 μεταξῦ
1538 934 1623 973 τῶν

159 1006 237 1050 ἀπ’
257 1007 409 1049 ἐκείνου
438 1005 679 1059 σχιζομένων
713 1004 889 1059 ἐγένετο,
926 1007 1007 1045 τῶν
1030 1003 1104 1055 μὲν
1122 999 1225 1055 μηδ’
1248 1000 1500 1054 ἀνεχομένων
1519 997 1623 1053 ὅμο-

159 1080 291 1132 λογεῒν
322 1074 471 1117 ἐκεῖνον
500 1073 734 1130 ὀρθοσεβῆ,
783 1070 838 1122 ὥς
867 1074 902 1115 εἰ
932 1069 1189 1126 ὁμολογοῖεν,
1220 1070 1435 1125 nuper-9¹33
1455 1070 1626 1124 ἐγκαθι-

160 1148 265 1188 στᾶν
291 1145 352 1202 τῷ
381 1140 525 1201 θρόνῳ
554 1143 622 1184 καὶ
650 1141 826 1190 ἄκοντας
843 1172 858 1194 ,
905 1141 972 1182 καὶ
1002 1144 1076 1182 τοῦ
1106 1140 1239 1182 αἰτίου
1270 1138 1471 1188 λυθέντος
1498 1136 1625 1180 αὐτὸν

250 1252 305 1287 11.
327 1248 498 1288 δώσοντα
518 1250 558 1285 Ρ.

157 1342 355 1384 miniosam3
384 1346 421 1376 et
451 1341 555 1376 fixum
588 1353 721 1387 semper
742 1340 779 1375 in
802 1353 843 1376 eo
866 1340 1059 1386 perstitisse
1082 1343 1119 1373 ut
1142 1339 1235 1374 salvo
1258 1339 1478 1385 patriarchae
1499 1339 1628 1374 honore

157 1389 314 1434 publicae
337 1387 516 1422 offensioni
538 1388 744 1429 satisfieret,
770 1399 811 1420 ac
834 1399 898 1421 non
922 1387 1023 1421 aliter
1044 1397 1143 1431 quam
1168 1386 1225 1420 illo
1249 1398 1331 1420 vere
1354 1386 1542 1420 orthodoxo
1565 1385 1627 1419 de-

158 1435 289 1468 clarato
321 1434 511 1468 scandalum
543 1434 722 1468 tolleretur
752 1433 902 1466 rixarum
933 1444 1022 1466 nunc
1054 1432 1270 1476 flagrantium
1304 1443 1419 1466 causa.
1466 1431 1628 1477 quocirca

158 1479 258 1514 enixe
280 1491 369 1513 nunc
390 1479 539 1514 ultimum
562 1490 685 1524 rogare
715 1484 753 1513 at
782 1479 902 1513 foedus
934 1479 1022 1512 inire
1043 1478 1079 1512 in
1103 1489 1176 1512 eam
1200 1477 1425 1512 conditionem
1448 1478 1543 1512 velit.
1590 1478 1627 1512 id

157 1524 290 1560 omuino
314 1526 476 1567 futurum,
498 1524 527 1558 si
550 1525 638 1559 ultro
662 1537 703 1559 ac
724 1525 915 1559 voluntarie
938 1525 1172 1570 patriarchatu
1194 1524 1305 1559 cedat.
1350 1524 1540 1558 huiusmodi
1563 1524 1631 1558 suit

157 1574 329 1616 postrema
350 1570 521 1614 Gregorio
544 1573 678 1615 perlata
699 1571 912 1605 denuntiatio
935 1571 1164 1616 imperatoris,
1189 1572 1256 1604 iam
1280 1570 1429 1615 pertaesi
1452 1576 1521 1604 tam
1547 1582 1630 1615 gra-

157 1628 234 1651 vem
257 1622 394 1661 tamque
417 1617 608 1651 diuturnam
638 1617 925 1662 perturbationem
956 1619 1148 1650 inultorum.
1193 1628 1311 1650 verum
1342 1618 1429 1651 haec
1455 1617 1513 1651 ille
1546 1621 1628 1651 mne

157 1662 300 1697 audiens
321 1665 443 1696 multus
467 1661 534 1696 fuit
555 1663 589 1696 in
613 1663 820 1708 deploranda
841 1674 903 1697 sua
926 1668 1043 1703 sorte,
1065 1662 1242 1708 perinique
1263 1674 1376 1697 secum
1400 1662 1454 1706 agi
1478 1674 1628 1707 conque-

157 1719 249 1749 rens,
272 1719 371 1753 quem
394 1709 447 1742 sui
470 1708 657 1743 adversarii
685 1709 821 1754 publice
853 1709 987 1755 quidem
1017 1709 1220 1742 infamarent
1251 1714 1291 1743 ut
1321 1708 1501 1742 manifeste
1534 1720 1627 1742 com-

157 1759 288 1798 pertum
322 1754 520 1796 haereseos,
554 1755 639 1788 clam
675 1762 788 1789 autem
818 1760 858 1789 ut
883 1755 1106 1789 orthodoxum
1139 1766 1326 1799 agnoscere
1353 1767 1391 1788 se
1413 1755 1567 1788 dicerent
1589 1757 1627 1788 et

156 1800 387 1833 communione
409 1800 578 1845 amplecti.
624 1806 696 1834 tum
725 1801 775 1835 sic
805 1801 992 1835 orationem
1019 1801 1205 1841 conclusit,
1237 1805 1276 1834 ut
1306 1800 1440 1834 omnino
1462 1811 1500 1833 se
1523 1799 1623 1842 velle,

155 1856 266 1890 eaque
286 1850 420 1880 tantum
441 1846 519 1889 lege
542 1853 783 1880 conventurum
805 1848 894 1881 bona
928 1847 998 1881 fide
1020 1848 1055 1880 in
1079 1847 1291 1881 concordiam
1315 1846 1427 1879 danda
1449 1846 1523 1879 sedi
1562 1846 1627 1878 ab-

154 1890 327 1924 dicatione
349 1892 558 1932 affirmaret3
588 1892 617 1926 si
649 1892 745 1938 prius
778 1898 988 1938 congregata
1015 1892 1154 1927 civitate
1188 1893 1366 1932 universa,
1395 1895 1516 1925 senatu
1548 1901 1624 1924 cum

154 1935 362 1981 imperatore
383 1938 641 1981 praesentibus,
673 1950 736 1972 nec
765 1938 844 1972 inde
879 1939 1076 1973 absentibus
1099 1938 1239 1971 delectis
1263 1949 1307 1971 ex
1328 1937 1484 1970 universo
1508 1947 1625 1970 mona-

155 1982 295 2015 chorum
317 1982 448 2025 ordine,
468 1983 696 2018 testimonium
721 1984 1005 2026 conscriberetur,
1029 1995 1095 2029 quo
1117 1983 1269 2018 universi
1291 1982 1436 2016 unanimi
1459 1993 1626 2016 consensu

154 2026 373 2061 declararent
403 2040 479 2062 esse
510 2029 715 2074 Gregorium
744 2024 846 2075 plane
877 2030 1056 2065 immunem
1088 2040 1110 2063 a
1130 2029 1210 2063 labe
1238 2028 1328 2063 omni
1358 2039 1400 2063 ac
1433 2028 1626 2074 suspicione

155 2083 285 2118 pravae
306 2072 494 2108 doctrinae.

248 2141 280 2175 8.
326 2140 367 2174 Id
391 2152 465 2174 cnm
487 2141 546 2175 ille
566 2141 618 2176 ita
640 2146 822 2187 quaereret
845 2146 885 2177 ut
915 2143 959 2176 ab
982 2141 1047 2175 hoc
1069 2141 1149 2176 dato
1173 2141 1289 2176 statim
1315 2153 1354 2176 se
1375 2141 1625 2176 abdicationem

156 2185 224 2220 rite
246 2187 470 2231 conscriptam
492 2187 641 2221 vicissim
665 2188 820 2222 daturum
844 2188 1084 2233 polliceretur,
1106 2199 1229 2232 magna
1251 2191 1306 2222 est
1327 2191 1363 2222 et
1383 2188 1549 2233 perplexa
1569 2188 1625 2222 in-

157 2231 280 2266 stituta
312 2232 511 2267 deliberatio
543 2233 802 2279 disquirentium
830 2234 951 2278 ecquid
982 2233 1161 2278 expediret
1183 2245 1307 2268 morem
1328 2234 1378 2268 illi
1400 2245 1534 2280 gerere.
1581 2245 1624 2268 ea

156 2278 334 2312 occasione
357 2278 414 2323 qui
435 2280 540 2313 semel
572 2291 593 2312 a
616 2279 789 2321 Gregorio
819 2290 858 2313 se
891 2279 1126 2323 absciderant,
1157 2291 1274 2314 rursus
1297 2281 1342 2314 ab
1363 2281 1504 2315 invicem
1528 2279 1625 2314 scissi

157 2328 256 2366 sunt,
290 2323 444 2359 divortiis
467 2325 603 2369 abrepti
627 2325 829 2366 factionum,
859 2324 1059 2370 quibusdam
1089 2337 1156 2360 non
1187 2326 1432 2361 sustinentibus
1456 2325 1625 2360 declarari

157 2379 235 2402 eum
257 2369 498 2412 orthodoxum,
531 2371 620 2417 quod
653 2371 688 2404 id
718 2370 801 2404 nihil
831 2371 941 2405 minus
963 2382 1040 2405 esse
1067 2371 1221 2406 dicerent
1242 2384 1343 2418 quam
1366 2372 1567 2407 confirmare
1588 2371 1623 2405 in

156 2413 378 2458 patriarchali
398 2417 521 2451 throno
545 2428 642 2463 quem
666 2416 834 2450 deiectum
856 2417 934 2450 inde
957 2428 1071 2451 omnes
1090 2418 1227 2454 vellent.
1272 2418 1350 2464 quis
1371 2418 1459 2452 enim
1483 2429 1549 2452 non
1571 2417 1624 2450 vi-

158 2459 269 2502 deret,
290 2461 387 2495 simul
407 2467 557 2515 purgata
579 2468 671 2498 esset
693 2473 820 2508 pravae
851 2462 1026 2497 doctrinae
1047 2462 1162 2506 labes,
1191 2475 1282 2509 quae
1311 2465 1383 2499 sola
1415 2464 1626 2508 allegaretur

158 2504 248 2539 ratio
270 2505 492 2552 depositionis
515 2508 608 2551 eius,
635 2509 854 2554 perstiturum
876 2508 966 2542 illum
991 2520 1092 2554 quam
1113 2509 1242 2554 optimo
1264 2510 1338 2544 iure
1358 2510 1396 2544 in
1417 2510 1542 2544 dudum
1565 2519 1626 2542 ac-

158 2555 262 2603 cepta
285 2557 475 2598 potestate,
509 2554 778 2599 suffragantibus
800 2554 854 2587 vel
876 2554 994 2588 invitis
1016 2554 1088 2588 eius
1110 2556 1334 2596 adversariis,
1364 2561 1402 2590 et
1422 2565 1550 2601 poenas
1572 2554 1625 2588 sic

158 2594 292 2648 {untur-is
311 2598 559 2644 imprudentiae
580 2613 648 2645 qua
670 2600 743 2634 eius
766 2599 1005 2634 exauctorandi
1029 2600 1119 2635 viam
1141 2601 1232 2636 illam
1252 2602 1443 2644 inivissent,
1466 2612 1555 2647 quae
1577 2598 1624 2633 ad

158 2650 267 2694 lpsum
290 2643 324 2676 in
343 2644 436 2678 sedis
451 2646 666 2690 possessione
687 2645 950 2680 ineluctabiliter
973 2647 1255 2682 corroborandum
1277 2659 1345 2682 uua
1366 2652 1459 2682 esset
1480 2645 1625 2680 omnium

159 2687 364 2730 aptissima?
394 2690 511 2736 itaque
537 2692 629 2726 illum
657 2692 747 2726 haud
770 2691 873 2726 dubie
903 2691 1063 2736 deinceps
1094 2693 1322 2738 patriarcham
1344 2698 1441 2727 tanta
1462 2692 1520 2726 illa
1542 2701 1626 2724 usu-

158 2741 232 2765 rum
254 2737 427 2786 potestate
446 2737 491 2771 ad
513 2749 573 2772 eos
594 2738 806 2772 ulciscendos
826 2737 887 2783 qui
909 2749 948 2771 se
970 2743 1204 2783 accusassent3
1235 2751 1322 2785 quos
1343 2739 1485 2773 miseros
1506 2749 1527 2771 e
1549 2736 1624 2771 loco

158 2779 326 2823 Superiori
347 2791 412 2825 pro
433 2782 534 2818 libitu
554 2783 759 2827 incursaret,
777 2783 852 2818 irae
873 2783 1064 2829 obsequens
1083 2788 1122 2819 et
1140 2785 1185 2820 iis
1216 2785 1311 2832 ipsos
1339 2783 1522 2819 subiiciens
1540 2793 1626 2828 sup·
