1820 3112
404 139 481 182 DE
508 138 837 182 ANDRONICO
867 136 1243 182 PALAEOLOGO
1278 137 1325 180 L.
1360 135 1418 179 Π.
1542 135 1637 182 137

177 251 516 308 κατακριθέντος,
556 250 660 296 ὥστε
690 251 766 295 κᾶν
790 255 866 312 μιᾷ
895 255 979 294 τῶν
999 249 1267 294 συνελεύσεων
1294 250 1336 299 ἔς
1352 247 1479 304 μέσον
1502 248 1638 306 ἔμφα-

177 325 372 375 νισθῆναι
399 323 577 376 χειρίδας
606 319 892 376 ε’μμαργιὶρονς
923 321 1110 370 κοκκίνας
1135 321 1202 362 καὶ
1235 319 1330 362 ἄλλ’
1355 317 1460 361 ἅττα
1483 316 1539 368 ὥς
1561 320 1639 373 δῆ-

179 393 257 432 θεν
276 395 423 444 σημεῖα
439 387 657 442 βασιλικά,
694 389 721 431 ἃ
742 389 791 444 δὴ
822 386 936 444 παρά
962 406 1041 431 τινι
1069 392 1151 431 τῶν
1176 387 1305 431 αὐτοῦ
1326 385 1544 443 εὗρεθέντα
1563 386 1638 442 τὴν

180 457 395 513 ἀναφορὰν
424 463 500 512 τῆς
531 459 776 513 κατηγορίας
806 456 952 511 πιστὴν
982 456 1050 499 ἐπ’
1089 457 1224 514 ἐκείνῳ
1254 463 1443 512 παρεῖχε,
1482 457 1548 498 καὶ
1570 454 1639 498 διὰ

147 531 314 570 5ταῦτα
334 530 497 583 φυλακῇ
518 528 585 568 καὶ
609 524 731 568 πάλιν
760 526 958 574 δοθέντος
979 523 1084 567 κατά
1116 542 1207 567 τινα
1226 526 1432 579 χειρίστην
1451 522 1638 577 ὑποψίαν

177 595 305 649 μηδὲν
325 595 458 653 ἐκείνῳ
477 592 778 650 προσήκουσαν.
847 600 932 643 τοῖς
951 594 996 636 δὲ
1020 594 1109 648 περὶ
1128 593 1200 635 τὸν
1218 591 1442 635 “Υάκινθον
1463 595 1637 648 κηδεμο-
1660 600 1690 634 P
1713 600 1759 635 92

177 666 299 712 νικῶς
331 660 386 712 ὥς
413 666 542 718 δῆθεν
570 661 817 718 προσήγετο,
865 661 970 705 ὥστε
996 663 1063 704 καὶ
1090 663 1247 718 ἔφεῒναί
1275 662 1337 713 οἱ,
1379 662 1509 703 ἵππον
1555 679 1639 703 πα-

178 730 343 787 ρασχών
366 736 449 774 τῶν
473 733 723 784 καλλίστων,
761 730 911 785 συχνὰς
930 728 1162 786 προσόδους
1194 730 1297 787 πρὸς
1317 729 1489 783 βασιλέα
1512 736 1639 772 ποιεῖ-

178 803 283 842 σθαι
302 800 369 841 καὶ
397 798 500 856 ὖπέρ
529 804 612 843 τῶν
645 799 845 853 δεομένων
876 799 1091 855 ἀναφέρειν
1115 816 1157 841 τε
1178 799 1229 841 τὰ
1259 796 1396 842 εἰκότα
1418 800 1486 840 καὶ
1503 796 1638 848 λύσεις

124 871 341 914 1οπολλῶν
367 866 607 925 ἐργάζεσθαι
618 901 630 919 ,
677 870 822 910 ἐπείτοι
851 885 894 924 γε
936 869 1003 910 καὶ
1035 867 1161 917 αὐτὸς
1197 867 1371 921 βασιλέα
1409 865 1636 918 ὖπέσαινεν,

178 934 324 978 ἑαυτὸν
334 937 408 989 μὲν
429 937 553 992 λε’γων
574 934 732 992 εἶρήνης
752 938 871 993 φίλον
897 935 997 979 εἶναι
1017 938 1082 978 καὶ
1104 936 1263 989 ἕτοιμον
1283 933 1512 990 εἰρηνεύειν,
1530 939 1638 990 χρῆ-

177 1021 245 1047 ναι
272 1005 318 1046 δὲ
344 1007 411 1047 καὶ
430 1005 526 1054 τοὺς
556 1005 706 1055 ἄλλους
731 1003 1007 1060 ἕπε’ρχεσθαι,
1042 1004 1111 1061 ἐφ’
1145 998 1254 1063 ᾧπερ
1274 1006 1340 1046 καὶ
1361 1004 1636 1059 ἔντελέστερον

175 1070 427 1128 εἶρηνεύοιεν.
492 1071 681 1128 Ἰωάννην
714 1074 759 1116 δὲ
788 1075 854 1115 καὶ
885 1075 1178 1125 δυσθανατᾶν,
1224 1075 1295 1115 καί
1319 1072 1357 1129 γ’
1390 1070 1634 1115 ὑποκεῖσθαι
1656 1073 1687 1107 Β

175 1142 243 1183 καὶ
270 1141 383 1197 παρὰ
412 1145 493 1184 τῶν
526 1143 639 1184 ῗὸίων
668 1139 914 1197 καταγνώσει
934 1174 948 1194 ,
996 1141 1068 1191 οὓς
1093 1143 1160 1183 καὶ
1204 1141 1356 1191 αὐτοὺς
1395 1138 1635 1196 θεραπεύειν

122 1219 168 1254 15
179 1210 288 1262 δεῖν,
325 1211 392 1252 καὶ
426 1209 534 1253 οὕτω
561 1210 607 1253 τό
639 1215 712 1253 τοῦ
747 1215 909 1252 κολοιοῦ
935 1215 1085 1252 παθεῖν
1108 1212 1278 1262 ἐκεῖνον,
1309 1215 1391 1253 τῶν
1410 1209 1635 1266 ἀλλοτρίων

124 1322 131 1329 ,
177 1277 428 1333 ἐψιλωμένον
447 1283 620 1334 πτερῶν.
687 1277 787 1321 εἶναι
808 1281 852 1320 δὲ
869 1284 1013 1335 καιροῦ
1028 1283 1160 1321 ταῦτα
1183 1281 1248 1320 καὶ
1271 1275 1493 1333 ἐπιστήμης
1510 1278 1636 1320 ἀπαι-

175 1342 328 1401 τούσης
350 1349 643 1404 μακροθυμίαν
656 1379 670 1400 ,
705 1347 779 1398 τὰς
808 1349 966 1390 ἐκείνων
995 1346 1260 1397 ἀτασθαλίας
1287 1345 1558 1402 καλύψουσαν
1579 1344 1635 1396 ὦς

174 1453 313 1488 manicis
333 1454 499 1489 coccineis
519 1455 774 1500 margaritarum
802 1455 934 1490 intextu
965 1456 1093 1490 ornatis
1116 1460 1151 1490 et
1174 1455 1373 1502 quibusdam
1394 1455 1428 1490 id
1450 1467 1557 1502 genus
1578 1454 1634 1490 in-

175 1499 326 1544 signibus
351 1501 579 1536 characterem
602 1502 728 1546 fastigii
751 1502 947 1547 principalis
969 1502 1191 1545 habentibus,
1225 1514 1314 1547 quae
1342 1514 1447 1548 penes
1469 1502 1636 1547 quendam

175 1557 220 1580 ex
242 1546 316 1580 eius
339 1547 531 1581 domesticis
554 1554 693 1592 reperta
723 1548 971 1582 fundamentum
1002 1548 1201 1593 suspicionis
1232 1549 1266 1582 in
1296 1560 1371 1583 eum
1401 1549 1565 1594 pessime
1594 1559 1636 1581 eo

172 1590 297 1626 iustius
319 1591 504 1635 dederunt,
537 1605 604 1638 quo
637 1598 774 1627 caetera
801 1594 872 1627 eius
894 1594 1104 1628 contumacia
1126 1594 1316 1640 proniorem
1338 1595 1381 1629 de
1402 1595 1462 1628 illo
1484 1594 1636 1628 faciebat

173 1647 304 1682 pravae
325 1638 360 1672 in
382 1639 470 1672 omni
492 1651 616 1680 genere
639 1639 819 1674 voluntatis
842 1640 954 1674 fidem.
999 1641 1063 1674 hoc
1084 1640 1188 1685 igitur
1211 1653 1231 1674 e
1254 1641 1361 1674 medio
1385 1645 1506 1679 amoto,
1532 1644 1568 1674 et
1590 1639 1634 1673 ob

173 1693 308 1717 oausam
332 1683 399 1718 iam
420 1684 731 1727 invidiosissimam,
764 1697 967 1731 quamquam
999 1686 1027 1720 si
1054 1698 1116 1731 per
1139 1698 1177 1720 se
1199 1686 1272 1720 sola
1303 1692 1535 1732 spectaretur,
1568 1696 1633 1719 nec

172 1729 384 1763 verisimilem
407 1741 470 1764 nec
491 1731 673 1775 quidquam
697 1732 742 1764 ad
761 1731 852 1765 illum
875 1733 1121 1777 pertinentem,
1153 1733 1276 1766 iterum
1299 1732 1334 1765 in
1358 1743 1528 1766 carcerem
1550 1742 1632 1764 oon-

172 1773 277 1816 iacto,
300 1775 452 1816 delinire,
477 1776 505 1810 si
528 1781 653 1822 posset,
669 1777 895 1820 Hyacinthum
917 1778 1102 1823 imperator
1126 1778 1281 1820 instituit,
1304 1778 1501 1811 admissione
1523 1777 1631 1820 ipsum

173 1820 296 1854 crebra
318 1826 354 1855 et
375 1822 598 1866 perbenevola
621 1823 800 1864 honorans,
824 1825 989 1857 attributo
1011 1824 1078 1868 ipsi
1100 1824 1222 1863 etiam,
1245 1835 1311 1868 quo
1335 1824 1378 1857 ad
1401 1835 1439 1856 se
1461 1822 1631 1855 ventitare

172 1865 306 1899 facilius
328 1873 463 1912 posset,
497 1880 583 1913 equo
607 1880 647 1901 ex
673 1869 924 1913 pulcherrimis;
955 1870 1100 1903 libenter
1126 1881 1259 1914 quoque
1281 1869 1419 1902 audiens
1439 1879 1527 1912 quae
1549 1878 1632 1912 pro-

171 1915 315 1956 poneret
336 1918 395 1946 aut
417 1919 585 1958 posceret,
609 1916 852 1959 multorumque
875 1927 935 1960 pro
959 1916 1082 1960 quibus
1105 1921 1245 1959 rogaret
1267 1925 1385 1947 causas
1408 1914 1450 1947 ad
1474 1913 1547 1946 eius
1569 1925 1633 1946 vo-

173 1961 244 1989 tum
267 1958 448 2001 expediens
472 1963 507 1991 et
529 1959 661 1993 solvens
683 1959 828 1994 vincula.
874 1973 938 1995 nec
960 1973 1039 1994 suas
1062 1961 1097 1993 in
1125 1962 1188 1994 hac
1217 1971 1319 1993 scena
1350 1959 1535 1992 desiderari
1569 1970 1633 2003 pa-

172 2001 322 2035 tiebatur
354 2003 567 2047 Hyacinthus
599 2010 726 2049 partes.
784 2007 1016 2051 respondebat
1049 2006 1135 2039 enim
1164 2005 1297 2049 gratiae
1327 2004 1498 2048 Augusti,
1530 2008 1633 2049 prout

174 2049 356 2091 oportebat
377 2049 448 2081 eius
472 2049 611 2083 alendae
640 2051 882 2095 augendaeque
905 2053 1079 2096 cupidum,
1102 2051 1340 2084 venerabundo
1366 2061 1499 2095 semper
1522 2050 1633 2092 vultu,

173 2093 291 2126 verbis
313 2094 542 2138 obsequiosis‚
573 2100 648 2128 arte
679 2098 915 2131 assentationis
947 2099 1048 2130 vafra
1077 2098 1189 2129 fucum
1222 2097 1391 2130 obducens
1419 2095 1522 2130 facile
1555 2107 1633 2129 cre-

172 2137 266 2171 denti
295 2139 386 2183 qnod
416 2140 517 2173 valde
549 2146 684 2184 optaret
714 2141 873 2186 principi.
919 2143 1127 2176 memorabat
1156 2141 1312 2175 videlicet
1333 2153 1371 2176 se
1394 2141 1527 2186 quidem
1550 2141 1635 2176 ami-

174 2194 248 2217 cum
271 2184 366 2228 pacis
389 2196 463 2218 esse
486 2190 521 2218 et
542 2191 696 2229 paratum
720 2187 765 2220 ad
791 2187 1096 2221 reconciliationem
1119 2188 1231 2221 statim
1258 2188 1534 2232 amplectendam,
1560 2199 1633 2222 mo·-

171 2239 244 2263 ram
268 2235 379 2263 autem
402 2242 500 2264 unam
535 2230 599 2264 sibi
631 2243 708 2264 esse
739 2234 962 2266 necessariam
993 2233 1186 2266 declarandi
1212 2233 1265 2267 sui
1286 2233 1322 2267 in
1345 2234 1554 2268 concordiam
1578 2244 1635 2266 as-

171 2285 291 2310 sensus
313 2287 427 2310 curam
450 2276 635 2310 adducendi
659 2277 775 2311 eodem
798 2282 971 2321 caeteros,
1006 2290 1148 2323 quorum
1182 2279 1278 2313 multi
1299 2284 1375 2313 arte
1397 2291 1439 2313 ac
1467 2278 1634 2325 patientia

171 2321 294 2354 sensim
316 2322 507 2366 pelliciendi
529 2325 645 2364 erant,
667 2326 706 2356 ut
728 2323 963 2358 abhorrentem
986 2336 1008 2358 a
1030 2324 1168 2358 foedere
1190 2336 1231 2359 ac
1255 2325 1473 2359 consensione
1495 2325 1632 2369 genium

170 2366 357 2401 vincerent.
403 2368 475 2408 his,
509 2379 576 2413 quo
611 2369 736 2402 certius
768 2369 888 2404 deinde
918 2372 1195 2416 constantiusque
1227 2371 1338 2415 pactis
1360 2373 1533 2405 conventis
1558 2376 1633 2404 sta-

170 2418 268 2452 rent,
290 2413 525 2456 indulgendum
547 2425 623 2447 esse
645 2415 807 2459 spatium,
840 2416 978 2450 celando
1000 2416 1132 2450 interim
1155 2417 1245 2462 quod
1267 2417 1333 2450 iam
1356 2428 1443 2451 nunc
1464 2416 1568 2450 fixum
1592 2415 1630 2449 in

170 2457 279 2491 animo
302 2459 455 2493 haberet.
500 2460 543 2492 de
565 2460 690 2493 Ioanne
713 2460 826 2494 aiebat
849 2462 935 2494 male
963 2461 1055 2495 illum
1077 2462 1161 2496 mori
1183 2474 1328 2507 cupere,
1353 2463 1518 2496 hominem
1543 2462 1632 2495 irre-

169 2502 332 2537 vocabilis
353 2504 386 2537 in
410 2506 537 2538 ruendo
559 2506 734 2539 caecitatis
748 2530 758 2546 ‚
792 2518 836 2540 ne
865 2507 934 2540 suis
962 2507 1095 2552 quidem
1118 2509 1316 2552 probatum,
1344 2520 1429 2554 quos
1453 2512 1631 2554 pertaesos

169 2558 298 2582 morum
329 2549 401 2583 eius
434 2556 470 2584 et
498 2551 637 2585 ferendo
671 2552 822 2586 defessos
855 2564 981 2606 operae
1010 2554 1152 2597 pretium
1184 2555 1276 2588 foret
1303 2555 1346 2588 ab
1371 2566 1411 2588 eo
1448 2554 1629 2593 abducere,

170 2593 268 2627 brevi
290 2594 340 2628 sic
363 2607 503 2640 passuro
526 2597 739 2640 ignominiam
761 2599 909 2641 graculi,
936 2598 1074 2642 plumis,
1097 2611 1183 2645 quas
1206 2600 1413 2634 commodato
1436 2602 1629 2643 acceperat·

172 2639 300 2683 ereptis
321 2641 357 2674 in
378 2641 479 2675 foeda
502 2643 703 2687 deprehensi
733 2648 770 2676 et
799 2643 892 2677 irrisi
921 2644 1085 2679 nuditate.
1129 2657 1226 2679 mora
1255 2645 1486 2688 industriaque
1516 2643 1562 2678 ad
1593 2642 1628 2676 id

172 2694 260 2727 opus
283 2696 379 2727 esse,
406 2687 467 2720 sed
489 2687 741 2732 longanimitate
763 2688 915 2734 inprimis
946 2695 984 2724 et
1002 2689 1128 2724 invicto
1152 2692 1274 2726 robore
1296 2691 1503 2736 patientiae,
1537 2700 1627 2734 quae

171 2728 294 2763 multas
314 2731 449 2766 interim
472 2745 585 2767 eorum
606 2733 754 2778 ineptias
776 2735 927 2776 devoret,
942 2735 1075 2781 flagitia
1096 2736 1198 2771 etiam
1221 2739 1369 2771 occultet
1390 2734 1628 2769 dissimulando

170 2775 401 2820 praeteriens,
428 2789 497 2812 non
516 2790 623 2825 parvo
644 2779 767 2824 longae
787 2780 989 2816 tolerantiae
1009 2782 1141 2828 pretio,
1165 2783 1196 2818 si
1217 2783 1352 2818 tandem
1375 2793 1416 2816 eo
1438 2780 1628 2827 perducan-
