<?xml version="1.0" encoding="UTF-8"?>
<!DOCTYPE html PUBLIC "-//W3C//DTD XHTML 1.0 Transitional//EN"
    "http://www.w3.org/TR/xhtml1/DTD/xhtml1-transitional.dtd">
<html xmlns="http://www.w3.org/1999/xhtml" xml:lang="en" lang="en">
 <head>
  <title>
</title>
<meta http-equiv="Content-Type" content="text/html;charset=utf-8" />
  <meta name='ocr-system' content='tesseract 3.04.00' />
  <meta name='ocr-capabilities' content='ocr_page ocr_carea ocr_par ocr_line ocrx_word'/>
</head>
<body>
  <div class='ocr_page' id='page_1' title='image "./corpusscriptorum18niebuoft_0800.png"; bbox 0 0 1858 3126; ppageno 0'>
   <div class='ocr_carea' id='block_1_1' title="bbox 283 180 1330 232">
    <p class='ocr_par' dir='ltr' id='par_1_1' title="bbox 283 180 1330 232">
     <span class='ocr_line' id='line_1_1' title="bbox 283 180 1330 232; baseline 0.001 -1"><span class='ocrx_word' id='word_1_1' title='bbox 283 183 383 231; x_wconf 75' lang='lat'>782</span> <span class='ocrx_word' id='word_1_2' title='bbox 681 183 991 231; x_wconf 86' lang='lat' dir='ltr'>OBSERVAT.</span> <span class='ocrx_word' id='word_1_3' title='bbox 1023 180 1330 232; x_wconf 76' lang='lat' dir='ltr'>PAcHYMER.</span> 
     </span>
    </p>
   </div>
   <div class='ocr_carea' id='block_1_2' title="bbox 140 291 1728 2868">
    <p class='ocr_par' dir='ltr' id='par_1_2' title="bbox 140 291 1728 2868">
     <span class='ocr_line' id='line_1_2' title="bbox 283 291 1723 348; baseline 0.003 -16"><span class='ocrx_word' id='word_1_4' title='bbox 283 291 499 347; x_wconf 82' lang='lat' dir='ltr'>potestatis.</span> <span class='ocrx_word' id='word_1_5' title='bbox 559 291 637 331; x_wconf 78' lang='lat' dir='ltr'>fuit</span> <span class='ocrx_word' id='word_1_6' title='bbox 662 293 766 332; x_wconf 87' lang='lat' dir='ltr'>enim</span> <span class='ocrx_word' id='word_1_7' title='bbox 785 293 857 333; x_wconf 86' lang='lat' dir='ltr'>illo</span> <span class='ocrx_word' id='word_1_8' title='bbox 878 307 1002 343; x_wconf 87' lang='lat' dir='ltr'>anno,</span> <span class='ocrx_word' id='word_1_9' title='bbox 1031 300 1079 332; x_wconf 84' lang='lat' dir='ltr'>ut</span> <span class='ocrx_word' id='word_1_10' title='bbox 1106 295 1235 347; x_wconf 84' lang='lat' dir='ltr'>capite</span> <span class='ocrx_word' id='word_1_11' title='bbox 1260 295 1723 348; x_wconf 59' lang='lat' dir='ltr'>superiorilestendimus,</span> 
     </span>
     <span class='ocr_line' id='line_1_3' title="bbox 283 348 1724 401; baseline 0.003 -14"><span class='ocrx_word' id='word_1_12' title='bbox 283 349 432 389; x_wconf 81' lang='lat' dir='ltr'><strong>Pascha</strong></span> <span class='ocrx_word' id='word_1_13' title='bbox 459 348 523 386; x_wconf 84' lang='lat' dir='ltr'>die</span> <span class='ocrx_word' id='word_1_14' title='bbox 554 349 700 401; x_wconf 81' lang='lat' dir='ltr'>Aprilis</span> <span class='ocrx_word' id='word_1_15' title='bbox 728 352 803 399; x_wconf 82' lang='lat'>183</span> <span class='ocrx_word' id='word_1_16' title='bbox 829 351 935 389; x_wconf 87' lang='lat' dir='ltr'>unde</span> <span class='ocrx_word' id='word_1_17' title='bbox 962 350 1118 390; x_wconf 80' lang='lat' dir='ltr'>maioris</span> <span class='ocrx_word' id='word_1_18' title='bbox 1145 351 1408 390; x_wconf 75' lang='lat' dir='ltr'><strong>hebdomadae</strong></span> <span class='ocrx_word' id='word_1_19' title='bbox 1432 353 1528 391; x_wconf 79' lang='lat' dir='ltr'>feria</span> <span class='ocrx_word' id='word_1_20' title='bbox 1555 354 1724 392; x_wconf 83' lang='lat' dir='ltr'>secunda</span> 
     </span>
     <span class='ocr_line' id='line_1_4' title="bbox 284 405 1727 459; baseline 0.003 -15"><span class='ocrx_word' id='word_1_21' title='bbox 284 406 386 444; x_wconf 87' lang='lat' dir='ltr'>diem</span> <span class='ocrx_word' id='word_1_22' title='bbox 409 405 557 456; x_wconf 80' lang='lat' dir='ltr'>Aprilis</span> <span class='ocrx_word' id='word_1_23' title='bbox 581 408 632 446; x_wconf 83' lang='lat'>12</span> <span class='ocrx_word' id='word_1_24' title='bbox 648 406 850 448; x_wconf 80' lang='lat' dir='ltr'><strong>insederit.</strong></span> <span class='ocrx_word' id='word_1_25' title='bbox 908 419 987 458; x_wconf 86' lang='lat' dir='ltr'>quo</span> <span class='ocrx_word' id='word_1_26' title='bbox 1008 408 1242 446; x_wconf 87' lang='lat' dir='ltr'>anteriorem</span> <span class='ocrx_word' id='word_1_27' title='bbox 1259 408 1600 459; x_wconf 69' lang='lat' dir='ltr'><strong>inaugurationem</strong></span> <span class='ocrx_word' id='word_1_28' title='bbox 1622 410 1727 449; x_wconf 78' lang='lat' dir='ltr'>Gre-</span> 
     </span>
     <span class='ocr_line' id='line_1_5' title="bbox 283 461 1727 518; baseline 0.004 -18"><span class='ocrx_word' id='word_1_29' title='bbox 283 461 383 512; x_wconf 83' lang='lat' dir='ltr'>gorii</span> <span class='ocrx_word' id='word_1_30' title='bbox 401 461 513 500; x_wconf 83' lang='lat' dir='ltr'>fateri</span> <span class='ocrx_word' id='word_1_31' title='bbox 532 474 688 501; x_wconf 85' lang='lat' dir='ltr'>necesse</span> <span class='ocrx_word' id='word_1_32' title='bbox 709 462 776 500; x_wconf 89' lang='lat' dir='ltr'>sit:</span> <span class='ocrx_word' id='word_1_33' title='bbox 805 475 856 501; x_wconf 85' lang='lat' dir='ltr'>ex</span> <span class='ocrx_word' id='word_1_34' title='bbox 878 477 953 514; x_wconf 85' lang='lat' dir='ltr'>qua</span> <span class='ocrx_word' id='word_1_35' title='bbox 979 463 1012 501; x_wconf 85' lang='lat' dir='ltr'>si</span> <span class='ocrx_word' id='word_1_36' title='bbox 1040 477 1111 501; x_wconf 81' lang='lat' dir='ltr'>sex</span> <span class='ocrx_word' id='word_1_37' title='bbox 1132 466 1222 502; x_wconf 87' lang='lat' dir='ltr'>anni</span> <span class='ocrx_word' id='word_1_38' title='bbox 1243 465 1350 516; x_wconf 86' lang='lat' dir='ltr'>pleni</span> <span class='ocrx_word' id='word_1_39' title='bbox 1374 470 1414 503; x_wconf 80' lang='lat' dir='ltr'>et</span> <span class='ocrx_word' id='word_1_40' title='bbox 1431 464 1580 518; x_wconf 84' lang='lat' dir='ltr'>aliquid</span> <span class='ocrx_word' id='word_1_41' title='bbox 1606 474 1727 516; x_wconf 61' lang='lat' dir='ltr'>prae-⁶.-</span> 
     </span>
     <span class='ocr_line' id='line_1_6' title="bbox 282 519 1727 572; baseline 0.002 -16"><span class='ocrx_word' id='word_1_42' title='bbox 282 524 389 556; x_wconf 77' lang='lat' dir='ltr'>terea</span> <span class='ocrx_word' id='word_1_43' title='bbox 418 520 661 556; x_wconf 82' lang='lat' dir='ltr'>excurrentis</span> <span class='ocrx_word' id='word_1_44' title='bbox 685 519 875 570; x_wconf 86' lang='lat' dir='ltr'>temporis</span> <span class='ocrx_word' id='word_1_45' title='bbox 903 525 1177 569; x_wconf 89' lang='lat' dir='ltr'>numerentur,</span> <span class='ocrx_word' id='word_1_46' title='bbox 1206 521 1446 572; x_wconf 72' lang='lat' dir='ltr'>reperiemus</span> <span class='ocrx_word' id='word_1_47' title='bbox 1469 521 1549 558; x_wconf 88' lang='lat' dir='ltr'>eius</span> <span class='ocrx_word' id='word_1_48' title='bbox 1571 519 1727 559; x_wconf 66' lang='lat' dir='ltr'>abdic-⁴-</span> 
     </span>
     <span class='ocr_line' id='line_1_7' title="bbox 283 574 1727 628; baseline 0.001 -15"><span class='ocrx_word' id='word_1_49' title='bbox 283 574 430 613; x_wconf 88' lang='lat' dir='ltr'>tionem</span> <span class='ocrx_word' id='word_1_50' title='bbox 464 574 507 611; x_wconf 90' lang='lat' dir='ltr'>in</span> <span class='ocrx_word' id='word_1_51' title='bbox 538 586 685 612; x_wconf 87' lang='lat' dir='ltr'>annum</span> <span class='ocrx_word' id='word_1_52' title='bbox 718 574 863 613; x_wconf 84' lang='lat' dir='ltr'>Christi</span> <span class='ocrx_word' id='word_1_53' title='bbox 897 578 1002 618; x_wconf 82' lang='lat'>1289</span> <span class='ocrx_word' id='word_1_54' title='bbox 1035 583 1125 627; x_wconf 87' lang='lat' dir='ltr'>post</span> <span class='ocrx_word' id='word_1_55' title='bbox 1152 577 1324 614; x_wconf 88' lang='lat' dir='ltr'>medium</span> <span class='ocrx_word' id='word_1_56' title='bbox 1354 576 1528 628; x_wconf 79' lang='lat' dir='ltr'>Aprilem</span> <span class='ocrx_word' id='word_1_57' title='bbox 1553 576 1727 615; x_wconf 78' lang='lat' dir='ltr'>conferri</span> 
     </span>
     <span class='ocr_line' id='line_1_8' title="bbox 284 631 1727 684; baseline 0 -14"><span class='ocrx_word' id='word_1_58' title='bbox 284 637 482 683; x_wconf 85' lang='lat' dir='ltr'>oportere.</span> <span class='ocrx_word' id='word_1_59' title='bbox 538 643 733 683; x_wconf 86' lang='lat' dir='ltr'>ponamus</span> <span class='ocrx_word' id='word_1_60' title='bbox 765 644 856 681; x_wconf 82' lang='lat' dir='ltr'>ergo</span> <span class='ocrx_word' id='word_1_61' title='bbox 885 631 977 669; x_wconf 89' lang='lat' dir='ltr'>licet</span> <span class='ocrx_word' id='word_1_62' title='bbox 1008 633 1294 671; x_wconf 80' lang='lat' dir='ltr'>abdicationem</span> <span class='ocrx_word' id='word_1_63' title='bbox 1317 633 1452 684; x_wconf 83' lang='lat' dir='ltr'>Cyprii</span> <span class='ocrx_word' id='word_1_64' title='bbox 1478 638 1516 670; x_wconf 89' lang='lat' dir='ltr'>et</span> <span class='ocrx_word' id='word_1_65' title='bbox 1534 644 1727 671; x_wconf 76' lang='lat' dir='ltr'>secessum</span> 
     </span>
     <span class='ocr_line' id='line_1_9' title="bbox 282 686 1726 736; baseline 0 -10"><span class='ocrx_word' id='word_1_66' title='bbox 282 688 366 726; x_wconf 90' lang='lat' dir='ltr'>eius</span> <span class='ocrx_word' id='word_1_67' title='bbox 395 686 438 724; x_wconf 92' lang='lat' dir='ltr'>in</span> <span class='ocrx_word' id='word_1_68' title='bbox 469 687 747 725; x_wconf 85' lang='lat' dir='ltr'>monasterium</span> <span class='ocrx_word' id='word_1_69' title='bbox 775 687 965 725; x_wconf 85' lang='lat' dir='ltr'>Aristinae</span> <span class='ocrx_word' id='word_1_70' title='bbox 991 702 1025 727; x_wconf 92' lang='lat' dir='ltr'>c.</span> <span class='ocrx_word' id='word_1_71' title='bbox 1047 689 1142 730; x_wconf 86' lang='lat'>101.</span> <span class='ocrx_word' id='word_1_72' title='bbox 1165 692 1191 729; x_wconf 80' lang='lat'><strong>2</strong></span> <span class='ocrx_word' id='word_1_73' title='bbox 1217 694 1439 736; x_wconf 87' lang='lat' dir='ltr'>narratum,</span> <span class='ocrx_word' id='word_1_74' title='bbox 1468 700 1601 726; x_wconf 86' lang='lat' dir='ltr'>mense</span> <span class='ocrx_word' id='word_1_75' title='bbox 1622 688 1726 726; x_wconf 85' lang='lat' dir='ltr'>Maio</span> 
     </span>
     <span class='ocr_line' id='line_1_10' title="bbox 284 743 1726 787; baseline 0.001 -5"><span class='ocrx_word' id='word_1_76' title='bbox 284 750 352 782; x_wconf 82' lang='lat' dir='ltr'>aut</span> <span class='ocrx_word' id='word_1_77' title='bbox 383 743 497 781; x_wconf 88' lang='lat' dir='ltr'>Iunio</span> <span class='ocrx_word' id='word_1_78' title='bbox 529 743 622 780; x_wconf 89' lang='lat' dir='ltr'>anni</span> <span class='ocrx_word' id='word_1_79' title='bbox 656 743 772 781; x_wconf 85' lang='lat' dir='ltr'>modo</span> <span class='ocrx_word' id='word_1_80' title='bbox 801 744 1003 782; x_wconf 85' lang='lat' dir='ltr'>memorati</span> <span class='ocrx_word' id='word_1_81' title='bbox 1033 758 1055 782; x_wconf 89' lang='lat' dir='ltr'>a</span> <span class='ocrx_word' id='word_1_82' title='bbox 1083 744 1237 782; x_wconf 87' lang='lat' dir='ltr'>Christo</span> <span class='ocrx_word' id='word_1_83' title='bbox 1266 749 1360 782; x_wconf 84' lang='lat' dir='ltr'>nato</span> <span class='ocrx_word' id='word_1_84' title='bbox 1389 747 1498 787; x_wconf 82' lang='lat'><strong>1289</strong></span> <span class='ocrx_word' id='word_1_85' title='bbox 1524 744 1726 784; x_wconf 75' lang='lat' dir='ltr'>accidisse.</span> 
     </span>
     <span class='ocr_line' id='line_1_11' title="bbox 283 799 1728 851; baseline -0.001 -13"><span class='ocrx_word' id='word_1_86' title='bbox 283 799 380 838; x_wconf 88' lang='lat' dir='ltr'>hinc</span> <span class='ocrx_word' id='word_1_87' title='bbox 399 800 478 837; x_wconf 92' lang='lat' dir='ltr'>duo</span> <span class='ocrx_word' id='word_1_88' title='bbox 494 804 626 837; x_wconf 86' lang='lat' dir='ltr'>tresve</span> <span class='ocrx_word' id='word_1_89' title='bbox 645 811 792 837; x_wconf 87' lang='lat' dir='ltr'>menses</span> <span class='ocrx_word' id='word_1_90' title='bbox 812 799 1005 838; x_wconf 82' lang='lat' dir='ltr'>fluxerint</span> <span class='ocrx_word' id='word_1_91' title='bbox 1027 801 1068 838; x_wconf 91' lang='lat' dir='ltr'>in</span> <span class='ocrx_word' id='word_1_92' title='bbox 1091 800 1407 839; x_wconf 79' lang='lat' dir='ltr'>altercationibus</span> <span class='ocrx_word' id='word_1_93' title='bbox 1427 806 1465 838; x_wconf 91' lang='lat' dir='ltr'>et</span> <span class='ocrx_word' id='word_1_94' title='bbox 1485 799 1728 851; x_wconf 83' lang='lat' dir='ltr'>disquisitio-</span> 
     </span>
     <span class='ocr_line' id='line_1_12' title="bbox 284 855 1727 908; baseline 0 -14"><span class='ocrx_word' id='word_1_95' title='bbox 284 856 399 895; x_wconf 81' lang='lat' dir='ltr'>nibus</span> <span class='ocrx_word' id='word_1_96' title='bbox 415 870 435 893; x_wconf 90' lang='lat' dir='ltr'>a</span> <span class='ocrx_word' id='word_1_97' title='bbox 455 862 591 893; x_wconf 89' lang='lat' dir='ltr'>nostro</span> <span class='ocrx_word' id='word_1_98' title='bbox 611 855 801 893; x_wconf 82' lang='lat' dir='ltr'>historico</span> <span class='ocrx_word' id='word_1_99' title='bbox 819 856 953 893; x_wconf 87' lang='lat' dir='ltr'>relatis</span> <span class='ocrx_word' id='word_1_100' title='bbox 967 870 988 894; x_wconf 91' lang='lat' dir='ltr'>a</span> <span class='ocrx_word' id='word_1_101' title='bbox 1007 856 1134 908; x_wconf 86' lang='lat' dir='ltr'>capite</span> <span class='ocrx_word' id='word_1_102' title='bbox 1157 860 1204 898; x_wconf 89' lang='grc'>11</span> <span class='ocrx_word' id='word_1_103' title='bbox 1226 856 1317 894; x_wconf 80' lang='lat' dir='ltr'>libri</span> <span class='ocrx_word' id='word_1_104' title='bbox 1335 860 1362 898; x_wconf 80' lang='lat'><strong>2</strong></span> <span class='ocrx_word' id='word_1_105' title='bbox 1379 856 1511 905; x_wconf 76' lang='lat' dir='ltr'>ad15,</span> <span class='ocrx_word' id='word_1_106' title='bbox 1541 868 1620 907; x_wconf 84' lang='lat' dir='ltr'>quo</span> <span class='ocrx_word' id='word_1_107' title='bbox 1638 861 1727 894; x_wconf 75' lang='lat' dir='ltr'>tan·-</span> 
     </span>
     <span class='ocr_line' id='line_1_13' title="bbox 285 911 1727 963; baseline -0.001 -12"><span class='ocrx_word' id='word_1_108' title='bbox 285 913 375 951; x_wconf 91' lang='lat' dir='ltr'>dem</span> <span class='ocrx_word' id='word_1_109' title='bbox 408 911 594 950; x_wconf 85' lang='lat' dir='ltr'>scribitur</span> <span class='ocrx_word' id='word_1_110' title='bbox 622 911 880 949; x_wconf 78' lang='lat' dir='ltr'><strong>Athanasium</strong></span> <span class='ocrx_word' id='word_1_111' title='bbox 915 912 991 950; x_wconf 90' lang='lat' dir='ltr'>iam</span> <span class='ocrx_word' id='word_1_112' title='bbox 1016 919 1127 950; x_wconf 87' lang='lat' dir='ltr'>antea</span> <span class='ocrx_word' id='word_1_113' title='bbox 1159 913 1326 950; x_wconf 88' lang='lat' dir='ltr'>electum</span> <span class='ocrx_word' id='word_1_114' title='bbox 1346 911 1641 963; x_wconf 72' lang='lat' dir='ltr'>patriarcham,</span> <span class='ocrx_word' id='word_1_115' title='bbox 1661 911 1727 949; x_wconf 87' lang='lat' dir='ltr'>die</span> 
     </span>
     <span class='ocr_line' id='line_1_14' title="bbox 286 966 1727 1019; baseline 0 -15"><span class='ocrx_word' id='word_1_116' title='bbox 286 967 340 1011; x_wconf 77' lang='lat'>14</span> <span class='ocrx_word' id='word_1_117' title='bbox 365 968 507 1006; x_wconf 86' lang='lat' dir='ltr'>mensis</span> <span class='ocrx_word' id='word_1_118' title='bbox 534 967 718 1006; x_wconf 80' lang='lat' dir='ltr'>Octobris</span> <span class='ocrx_word' id='word_1_119' title='bbox 745 967 786 1005; x_wconf 88' lang='lat' dir='ltr'>in</span> <span class='ocrx_word' id='word_1_120' title='bbox 814 969 963 1017; x_wconf 87' lang='lat' dir='ltr'>templo</span> <span class='ocrx_word' id='word_1_121' title='bbox 1003 969 1078 1006; x_wconf 87' lang='lat' dir='ltr'>rite</span> <span class='ocrx_word' id='word_1_122' title='bbox 1107 969 1226 1006; x_wconf 83' lang='lat' dir='ltr'>fuisse</span> <span class='ocrx_word' id='word_1_123' title='bbox 1256 968 1491 1009; x_wconf 88' lang='lat' dir='ltr'>ordinatum.</span> <span class='ocrx_word' id='word_1_124' title='bbox 1547 966 1727 1019; x_wconf 83' lang='lat' dir='ltr'>procedit</span> 
     </span>
     <span class='ocr_line' id='line_1_15' title="bbox 284 1022 1726 1077; baseline -0.001 -14"><span class='ocrx_word' id='word_1_125' title='bbox 284 1037 376 1074; x_wconf 89' lang='lat' dir='ltr'>ergo</span> <span class='ocrx_word' id='word_1_126' title='bbox 400 1024 513 1076; x_wconf 83' lang='lat' dir='ltr'>prior</span> <span class='ocrx_word' id='word_1_127' title='bbox 538 1023 827 1076; x_wconf 70' lang='lat' dir='ltr'>patriarchatus</span> <span class='ocrx_word' id='word_1_128' title='bbox 848 1024 1047 1062; x_wconf 78' lang='lat' dir='ltr'>Athanasii</span> <span class='ocrx_word' id='word_1_129' title='bbox 1067 1039 1087 1062; x_wconf 88' lang='lat' dir='ltr'>a</span> <span class='ocrx_word' id='word_1_130' title='bbox 1106 1025 1235 1077; x_wconf 88' lang='lat' dir='ltr'>pridie</span> <span class='ocrx_word' id='word_1_131' title='bbox 1254 1024 1394 1062; x_wconf 80' lang='lat' dir='ltr'>[duum</span> <span class='ocrx_word' id='word_1_132' title='bbox 1419 1023 1604 1062; x_wconf 83' lang='lat' dir='ltr'>Octobris</span> <span class='ocrx_word' id='word_1_133' title='bbox 1630 1022 1726 1061; x_wconf 79' lang='lat' dir='ltr'>mni</span> 
     </span>
     <span class='ocr_line' id='line_1_16' title="bbox 285 1077 1715 1130; baseline 0.001 -11"><span class='ocrx_word' id='word_1_134' title='bbox 285 1092 397 1120; x_wconf 87' lang='lat' dir='ltr'>aerae</span> <span class='ocrx_word' id='word_1_135' title='bbox 419 1077 567 1119; x_wconf 82' lang='lat' dir='ltr'>Christi</span> <span class='ocrx_word' id='word_1_136' title='bbox 583 1079 759 1130; x_wconf 79' lang='lat' dir='ltr'>vulgaris</span> <span class='ocrx_word' id='word_1_137' title='bbox 776 1082 898 1122; x_wconf 83' lang='lat'><strong>1289.</strong></span> <span class='ocrx_word' id='word_1_138' title='bbox 1714 1098 1715 1101; x_wconf 43' lang='lat'>¹</span> 
     </span>
     <span class='ocr_line' id='line_1_17' title="bbox 397 1133 1726 1186; baseline -0.002 -12"><span class='ocrx_word' id='word_1_139' title='bbox 397 1136 463 1174; x_wconf 81' lang='lat' dir='ltr'>vl.</span> <span class='ocrx_word' id='word_1_140' title='bbox 520 1136 643 1175; x_wconf 90' lang='lat' dir='ltr'>Paulo</span> <span class='ocrx_word' id='word_1_141' title='bbox 659 1142 750 1175; x_wconf 90' lang='lat' dir='ltr'>ante</span> <span class='ocrx_word' id='word_1_142' title='bbox 768 1141 1020 1174; x_wconf 83' lang='lat' dir='ltr'>memoratam</span> <span class='ocrx_word' id='word_1_143' title='bbox 1037 1134 1235 1173; x_wconf 77' lang='lat' dir='ltr'>Athanasii</span> <span class='ocrx_word' id='word_1_144' title='bbox 1256 1133 1500 1186; x_wconf 81' lang='lat' dir='ltr'>patriarchae</span> <span class='ocrx_word' id='word_1_145' title='bbox 1513 1133 1726 1172; x_wconf 87' lang='lat' dir='ltr'>transmis-</span> 
     </span>
     <span class='ocr_line' id='line_1_18' title="bbox 284 1190 1726 1244; baseline -0.003 -13"><span class='ocrx_word' id='word_1_146' title='bbox 284 1193 435 1231; x_wconf 81' lang='lat' dir='ltr'>sionem</span> <span class='ocrx_word' id='word_1_147' title='bbox 465 1193 558 1231; x_wconf 81' lang='lat' dir='ltr'>sreti</span> <span class='ocrx_word' id='word_1_148' title='bbox 583 1192 632 1230; x_wconf 87' lang='lat' dir='ltr'>ad</span> <span class='ocrx_word' id='word_1_149' title='bbox 654 1191 932 1244; x_wconf 84' lang='lat' dir='ltr'>Helenopolim</span> <span class='ocrx_word' id='word_1_150' title='bbox 954 1198 993 1230; x_wconf 91' lang='lat' dir='ltr'>et</span> <span class='ocrx_word' id='word_1_151' title='bbox 1012 1191 1294 1244; x_wconf 88' lang='lat' dir='ltr'>profectionem</span> <span class='ocrx_word' id='word_1_152' title='bbox 1323 1191 1367 1228; x_wconf 90' lang='lat' dir='ltr'>in</span> <span class='ocrx_word' id='word_1_153' title='bbox 1388 1190 1590 1228; x_wconf 86' lang='lat' dir='ltr'>Orientem</span> <span class='ocrx_word' id='word_1_154' title='bbox 1615 1202 1726 1228; x_wconf 74' lang='lat' dir='ltr'>com-</span> 
     </span>
     <span class='ocr_line' id='line_1_19' title="bbox 283 1244 1726 1299; baseline -0.003 -12"><span class='ocrx_word' id='word_1_155' title='bbox 283 1261 444 1287; x_wconf 87' lang='lat' dir='ltr'>munem</span> <span class='ocrx_word' id='word_1_156' title='bbox 467 1249 528 1287; x_wconf 92' lang='lat' dir='ltr'>illi</span> <span class='ocrx_word' id='word_1_157' title='bbox 558 1250 677 1288; x_wconf 80' lang='lat' dir='ltr'>fuisse</span> <span class='ocrx_word' id='word_1_158' title='bbox 705 1261 793 1287; x_wconf 90' lang='lat' dir='ltr'>cum</span> <span class='ocrx_word' id='word_1_159' title='bbox 825 1248 1050 1286; x_wconf 85' lang='lat' dir='ltr'>Andronico</span> <span class='ocrx_word' id='word_1_160' title='bbox 1085 1248 1323 1299; x_wconf 84' lang='lat' dir='ltr'>imperatore</span> <span class='ocrx_word' id='word_1_161' title='bbox 1350 1246 1468 1285; x_wconf 81' lang='lat' dir='ltr'>docet.</span> <span class='ocrx_word' id='word_1_162' title='bbox 1488 1251 1624 1284; x_wconf 81' lang='lat' dir='ltr'>noster</span> <span class='ocrx_word' id='word_1_163' title='bbox 1647 1244 1726 1284; x_wconf 80' lang='lat' dir='ltr'>hoe</span> 
     </span>
     <span class='ocr_line' id='line_1_20' title="bbox 282 1301 1726 1357; baseline -0.003 -13"><span class='ocrx_word' id='word_1_164' title='bbox 282 1305 387 1344; x_wconf 83' lang='lat' dir='ltr'>libro</span> <span class='ocrx_word' id='word_1_165' title='bbox 407 1308 433 1346; x_wconf 83' lang='lat'><strong>2</strong></span> <span class='ocrx_word' id='word_1_166' title='bbox 449 1317 484 1345; x_wconf 91' lang='lat' dir='ltr'>c.</span> <span class='ocrx_word' id='word_1_167' title='bbox 503 1308 554 1347; x_wconf 87' lang='lat'>18</span> <span class='ocrx_word' id='word_1_168' title='bbox 568 1335 578 1354; x_wconf 89' lang='lat'>,</span> <span class='ocrx_word' id='word_1_169' title='bbox 609 1305 703 1343; x_wconf 88' lang='lat' dir='ltr'>dum</span> <span class='ocrx_word' id='word_1_170' title='bbox 732 1304 1009 1357; x_wconf 86' lang='lat' dir='ltr'>imperatorem</span> <span class='ocrx_word' id='word_1_171' title='bbox 1033 1316 1074 1342; x_wconf 87' lang='lat' dir='ltr'>se</span> <span class='ocrx_word' id='word_1_172' title='bbox 1096 1304 1310 1341; x_wconf 88' lang='lat' dir='ltr'>contulisse</span> <span class='ocrx_word' id='word_1_173' title='bbox 1332 1301 1605 1355; x_wconf 74' lang='lat' dir='ltr'>Nymphaeum</span> <span class='ocrx_word' id='word_1_174' title='bbox 1629 1313 1726 1340; x_wconf 77' lang='lat' dir='ltr'>nar·-</span> 
     </span>
     <span class='ocr_line' id='line_1_21' title="bbox 284 1357 1727 1413; baseline -0.003 -13"><span class='ocrx_word' id='word_1_175' title='bbox 284 1367 368 1410; x_wconf 83' lang='lat' dir='ltr'>rat,</span> <span class='ocrx_word' id='word_1_176' title='bbox 399 1367 438 1400; x_wconf 90' lang='lat' dir='ltr'>et</span> <span class='ocrx_word' id='word_1_177' title='bbox 469 1374 514 1399; x_wconf 91' lang='lat' dir='ltr'>eo</span> <span class='ocrx_word' id='word_1_178' title='bbox 540 1361 683 1399; x_wconf 89' lang='lat' dir='ltr'>itinere</span> <span class='ocrx_word' id='word_1_179' title='bbox 712 1367 841 1413; x_wconf 85' lang='lat' dir='ltr'>partes</span> <span class='ocrx_word' id='word_1_180' title='bbox 859 1360 1065 1412; x_wconf 85' lang='lat' dir='ltr'>Bithyniae</span> <span class='ocrx_word' id='word_1_181' title='bbox 1085 1366 1368 1411; x_wconf 86' lang='lat' dir='ltr'>transgressum</span> <span class='ocrx_word' id='word_1_182' title='bbox 1386 1358 1442 1396; x_wconf 88' lang='lat' dir='ltr'>ibi</span> <span class='ocrx_word' id='word_1_183' title='bbox 1462 1357 1590 1396; x_wconf 85' lang='lat' dir='ltr'>obiter</span> <span class='ocrx_word' id='word_1_184' title='bbox 1605 1357 1727 1409; x_wconf 78' lang='lat' dir='ltr'>egisse</span> 
     </span>
     <span class='ocr_line' id='line_1_22' title="bbox 284 1413 1726 1468; baseline -0.001 -12"><span class='ocrx_word' id='word_1_185' title='bbox 284 1419 390 1456; x_wconf 85' lang='lat' dir='ltr'>circa</span> <span class='ocrx_word' id='word_1_186' title='bbox 415 1417 588 1456; x_wconf 85' lang='lat' dir='ltr'>Veccum</span> <span class='ocrx_word' id='word_1_187' title='bbox 618 1423 656 1456; x_wconf 89' lang='lat' dir='ltr'>et</span> <span class='ocrx_word' id='word_1_188' title='bbox 681 1417 762 1455; x_wconf 89' lang='lat' dir='ltr'>eius</span> <span class='ocrx_word' id='word_1_189' title='bbox 794 1417 942 1466; x_wconf 89' lang='lat' dir='ltr'>socios,</span> <span class='ocrx_word' id='word_1_190' title='bbox 984 1429 1081 1467; x_wconf 89' lang='lat' dir='ltr'>quae</span> <span class='ocrx_word' id='word_1_191' title='bbox 1104 1416 1221 1468; x_wconf 89' lang='lat' dir='ltr'>paulo</span> <span class='ocrx_word' id='word_1_192' title='bbox 1249 1421 1339 1453; x_wconf 88' lang='lat' dir='ltr'>ante</span> <span class='ocrx_word' id='word_1_193' title='bbox 1370 1413 1582 1463; x_wconf 85' lang='lat' dir='ltr'>(nimirum</span> <span class='ocrx_word' id='word_1_194' title='bbox 1611 1426 1646 1452; x_wconf 90' lang='lat' dir='ltr'>c.</span> <span class='ocrx_word' id='word_1_195' title='bbox 1671 1413 1726 1455; x_wconf 75' lang='lat'>³5</span> 
     </span>
     <span class='ocr_line' id='line_1_23' title="bbox 281 1469 1726 1524; baseline -0.003 -13"><span class='ocrx_word' id='word_1_196' title='bbox 281 1473 311 1512; x_wconf 91' lang='lat' dir='ltr'>l.</span> <span class='ocrx_word' id='word_1_197' title='bbox 337 1478 389 1519; x_wconf 85' lang='lat'>1)</span> <span class='ocrx_word' id='word_1_198' title='bbox 420 1486 460 1511; x_wconf 89' lang='lat' dir='ltr'>se</span> <span class='ocrx_word' id='word_1_199' title='bbox 491 1486 724 1512; x_wconf 86' lang='lat' dir='ltr'>memorasse</span> <span class='ocrx_word' id='word_1_200' title='bbox 749 1473 815 1511; x_wconf 87' lang='lat' dir='ltr'>ait.</span> <span class='ocrx_word' id='word_1_201' title='bbox 872 1473 1013 1524; x_wconf 89' lang='lat' dir='ltr'>quibus</span> <span class='ocrx_word' id='word_1_202' title='bbox 1044 1472 1175 1510; x_wconf 88' lang='lat' dir='ltr'>verbis</span> <span class='ocrx_word' id='word_1_203' title='bbox 1199 1471 1330 1510; x_wconf 88' lang='lat' dir='ltr'>innuit</span> <span class='ocrx_word' id='word_1_204' title='bbox 1346 1470 1547 1509; x_wconf 70' lang='lat' dir='ltr'>Athanasii</span> <span class='ocrx_word' id='word_1_205' title='bbox 1565 1469 1726 1520; x_wconf 88' lang='lat' dir='ltr'>quidem</span> 
     </span>
     <span class='ocr_line' id='line_1_24' title="bbox 279 1525 1726 1580; baseline -0.001 -15"><span class='ocrx_word' id='word_1_206' title='bbox 279 1528 526 1580; x_wconf 87' lang='lat' dir='ltr'>patriarchae</span> <span class='ocrx_word' id='word_1_207' title='bbox 557 1529 734 1576; x_wconf 87' lang='lat' dir='ltr'>nomine,</span> <span class='ocrx_word' id='word_1_208' title='bbox 765 1529 1043 1580; x_wconf 81' lang='lat' dir='ltr'>imperatorem</span> <span class='ocrx_word' id='word_1_209' title='bbox 1067 1528 1334 1567; x_wconf 87' lang='lat' dir='ltr'>Andronicum</span> <span class='ocrx_word' id='word_1_210' title='bbox 1355 1526 1600 1574; x_wconf 83' lang='lat' dir='ltr'>comitantis,</span> <span class='ocrx_word' id='word_1_211' title='bbox 1627 1525 1726 1563; x_wconf 75' lang='lat' dir='ltr'>mis-</span> 
     </span>
     <span class='ocr_line' id='line_1_25' title="bbox 140 1582 1726 1634; baseline -0.004 -9"><span class='ocrx_word' id='word_1_212' title='bbox 140 1592 168 1625; x_wconf 89' lang='lat' dir='ltr'>P</span> <span class='ocrx_word' id='word_1_213' title='bbox 191 1591 257 1625; x_wconf 83' lang='lat'>566</span> <span class='ocrx_word' id='word_1_214' title='bbox 282 1597 368 1623; x_wconf 89' lang='lat' dir='ltr'>sum</span> <span class='ocrx_word' id='word_1_215' title='bbox 395 1597 579 1634; x_wconf 84' lang='lat' dir='ltr'>magnum</span> <span class='ocrx_word' id='word_1_216' title='bbox 611 1584 850 1634; x_wconf 85' lang='lat' dir='ltr'>logothetam</span> <span class='ocrx_word' id='word_1_217' title='bbox 882 1586 930 1622; x_wconf 86' lang='lat' dir='ltr'>ad</span> <span class='ocrx_word' id='word_1_218' title='bbox 958 1585 1150 1622; x_wconf 85' lang='lat' dir='ltr'>Veccum:</span> <span class='ocrx_word' id='word_1_219' title='bbox 1190 1590 1386 1622; x_wconf 83' lang='lat' dir='ltr'>caeterum</span> <span class='ocrx_word' id='word_1_220' title='bbox 1410 1582 1452 1621; x_wconf 86' lang='lat' dir='ltr'>id</span> <span class='ocrx_word' id='word_1_221' title='bbox 1481 1587 1618 1620; x_wconf 72' lang='lat' dir='ltr'>totum</span> <span class='ocrx_word' id='word_1_222' title='bbox 1642 1590 1726 1618; x_wconf 79' lang='lat' dir='ltr'>esse</span> 
     </span>
     <span class='ocr_line' id='line_1_26' title="bbox 279 1634 1726 1691; baseline -0.004 -13"><span class='ocrx_word' id='word_1_223' title='bbox 279 1646 413 1678; x_wconf 82' lang='lat' dir='ltr'>actum</span> <span class='ocrx_word' id='word_1_224' title='bbox 435 1639 626 1677; x_wconf 89' lang='lat' dir='ltr'>instinctu</span> <span class='ocrx_word' id='word_1_225' title='bbox 652 1646 691 1676; x_wconf 91' lang='lat' dir='ltr'>et</span> <span class='ocrx_word' id='word_1_226' title='bbox 719 1640 827 1677; x_wconf 88' lang='lat' dir='ltr'>iussu</span> <span class='ocrx_word' id='word_1_227' title='bbox 857 1640 1116 1691; x_wconf 87' lang='lat' dir='ltr'>imperatoris.</span> <span class='ocrx_word' id='word_1_228' title='bbox 1171 1653 1244 1677; x_wconf 87' lang='lat' dir='ltr'>nec</span> <span class='ocrx_word' id='word_1_229' title='bbox 1272 1639 1375 1676; x_wconf 87' lang='lat' dir='ltr'>enim</span> <span class='ocrx_word' id='word_1_230' title='bbox 1405 1644 1489 1676; x_wconf 85' lang='lat' dir='ltr'>erat:</span> <span class='ocrx_word' id='word_1_231' title='bbox 1515 1634 1726 1676; x_wconf 81' lang='lat' dir='ltr'>verisimile</span> 
     </span>
     <span class='ocr_line' id='line_1_27' title="bbox 279 1693 1725 1749; baseline -0.003 -16"><span class='ocrx_word' id='word_1_232' title='bbox 279 1694 567 1749; x_wconf 85' lang='lat' dir='ltr'>patriarcham,</span> <span class='ocrx_word' id='word_1_233' title='bbox 597 1702 794 1733; x_wconf 84' lang='lat' dir='ltr'>austerum</span> <span class='ocrx_word' id='word_1_234' title='bbox 820 1694 1016 1733; x_wconf 87' lang='lat' dir='ltr'>hominem</span> <span class='ocrx_word' id='word_1_235' title='bbox 1044 1709 1089 1733; x_wconf 90' lang='lat' dir='ltr'>ac</span> <span class='ocrx_word' id='word_1_236' title='bbox 1114 1696 1256 1744; x_wconf 87' lang='lat' dir='ltr'>serum,</span> <span class='ocrx_word' id='word_1_237' title='bbox 1285 1699 1426 1746; x_wconf 91' lang='lat' dir='ltr'>sponte</span> <span class='ocrx_word' id='word_1_238' title='bbox 1441 1693 1632 1731; x_wconf 87' lang='lat' dir='ltr'>initurum</span> <span class='ocrx_word' id='word_1_239' title='bbox 1651 1702 1725 1729; x_wconf 74' lang='lat' dir='ltr'>co-</span> 
     </span>
     <span class='ocr_line' id='line_1_28' title="bbox 281 1747 1722 1804; baseline -0.003 -14"><span class='ocrx_word' id='word_1_240' title='bbox 281 1752 511 1804; x_wconf 84' lang='lat' dir='ltr'>gitationem</span> <span class='ocrx_word' id='word_1_241' title='bbox 538 1751 659 1789; x_wconf 90' lang='lat' dir='ltr'>Vecci</span> <span class='ocrx_word' id='word_1_242' title='bbox 684 1757 723 1789; x_wconf 92' lang='lat' dir='ltr'>et</span> <span class='ocrx_word' id='word_1_243' title='bbox 748 1751 946 1789; x_wconf 88' lang='lat' dir='ltr'>sociorum</span> <span class='ocrx_word' id='word_1_244' title='bbox 981 1751 1081 1795; x_wconf 90' lang='lat' dir='ltr'>eius,</span> <span class='ocrx_word' id='word_1_245' title='bbox 1119 1764 1218 1802; x_wconf 87' lang='lat' dir='ltr'>quos</span> <span class='ocrx_word' id='word_1_246' title='bbox 1245 1749 1412 1802; x_wconf 87' lang='lat' dir='ltr'>pessime</span> <span class='ocrx_word' id='word_1_247' title='bbox 1440 1748 1577 1787; x_wconf 79' lang='lat' dir='ltr'>oderat</span> <span class='ocrx_word' id='word_1_248' title='bbox 1602 1747 1722 1785; x_wconf 85' lang='lat' dir='ltr'>homo</span> 
     </span>
     <span class='ocr_line' id='line_1_29' title="bbox 281 1803 1725 1856; baseline -0.004 -10"><span class='ocrx_word' id='word_1_249' title='bbox 281 1807 482 1847; x_wconf 85' lang='lat' dir='ltr'>schismati</span> <span class='ocrx_word' id='word_1_250' title='bbox 520 1807 826 1856; x_wconf 84' lang='lat' dir='ltr'>addictissimus,</span> <span class='ocrx_word' id='word_1_251' title='bbox 865 1807 1210 1846; x_wconf 86' lang='lat' dir='ltr'>sublevandorum.</span> <span class='ocrx_word' id='word_1_252' title='bbox 1265 1818 1389 1843; x_wconf 89' lang='lat' dir='ltr'>unum</span> <span class='ocrx_word' id='word_1_253' title='bbox 1422 1804 1490 1842; x_wconf 89' lang='lat' dir='ltr'>hic</span> <span class='ocrx_word' id='word_1_254' title='bbox 1525 1803 1725 1856; x_wconf 75' lang='lat' dir='ltr'>quandam</span> 
     </span>
     <span class='ocr_line' id='line_1_30' title="bbox 280 1859 1723 1915; baseline -0.004 -12"><span class='ocrx_word' id='word_1_255' title='bbox 280 1865 382 1904; x_wconf 90' lang='lat' dir='ltr'>male</span> <span class='ocrx_word' id='word_1_256' title='bbox 400 1863 644 1903; x_wconf 83' lang='lat' dir='ltr'>cohaerentis</span> <span class='ocrx_word' id='word_1_257' title='bbox 662 1868 700 1901; x_wconf 90' lang='lat' dir='ltr'>et</span> <span class='ocrx_word' id='word_1_258' title='bbox 717 1876 846 1902; x_wconf 86' lang='lat' dir='ltr'>secum</span> <span class='ocrx_word' id='word_1_259' title='bbox 867 1863 953 1915; x_wconf 90' lang='lat' dir='ltr'>ipsa</span> <span class='ocrx_word' id='word_1_260' title='bbox 973 1863 1132 1902; x_wconf 85' lang='lat' dir='ltr'>collisae</span> <span class='ocrx_word' id='word_1_261' title='bbox 1148 1861 1384 1900; x_wconf 81' lang='lat' dir='ltr'>narrationis</span> <span class='ocrx_word' id='word_1_262' title='bbox 1407 1859 1576 1912; x_wconf 87' lang='lat' dir='ltr'>speciem</span> <span class='ocrx_word' id='word_1_263' title='bbox 1593 1859 1723 1907; x_wconf 81' lang='lat' dir='ltr'>habet,</span> 
     </span>
     <span class='ocr_line' id='line_1_31' title="bbox 283 1916 1725 1972; baseline -0.004 -14"><span class='ocrx_word' id='word_1_264' title='bbox 283 1920 478 1972; x_wconf 87' lang='lat' dir='ltr'>siquidem</span> <span class='ocrx_word' id='word_1_265' title='bbox 498 1920 568 1958; x_wconf 86' lang='lat' dir='ltr'>illo</span> <span class='ocrx_word' id='word_1_266' title='bbox 586 1919 711 1972; x_wconf 87' lang='lat' dir='ltr'>priori</span> <span class='ocrx_word' id='word_1_267' title='bbox 730 1919 818 1958; x_wconf 88' lang='lat' dir='ltr'>loco</span> <span class='ocrx_word' id='word_1_268' title='bbox 839 1934 876 1971; x_wconf 92' lang='lat' dir='ltr'>p.</span> <span class='ocrx_word' id='word_1_269' title='bbox 896 1922 974 1961; x_wconf 85' lang='lat'>103</span> <span class='ocrx_word' id='word_1_270' title='bbox 994 1932 1033 1958; x_wconf 74' lang='lat' dir='ltr'>V.</span> <span class='ocrx_word' id='word_1_271' title='bbox 1057 1921 1107 1961; x_wconf 85' lang='lat'>11</span> <span class='ocrx_word' id='word_1_272' title='bbox 1126 1918 1294 1956; x_wconf 87' lang='lat' dir='ltr'>affirmat</span> <span class='ocrx_word' id='word_1_273' title='bbox 1310 1916 1525 1956; x_wconf 85' lang='lat' dir='ltr'>historicus</span> <span class='ocrx_word' id='word_1_274' title='bbox 1541 1926 1725 1966; x_wconf 85' lang='lat' dir='ltr'>magnum</span> 
     </span>
     <span class='ocr_line' id='line_1_32' title="bbox 284 1970 1723 2027; baseline -0.005 -12"><span class='ocrx_word' id='word_1_275' title='bbox 284 1976 544 2027; x_wconf 82' lang='lat' dir='ltr'>logothetam,</span> <span class='ocrx_word' id='word_1_276' title='bbox 574 1975 642 2027; x_wconf 89' lang='lat' dir='ltr'>qui</span> <span class='ocrx_word' id='word_1_277' title='bbox 675 1975 725 2014; x_wconf 85' lang='lat' dir='ltr'>ad</span> <span class='ocrx_word' id='word_1_278' title='bbox 754 1976 926 2014; x_wconf 90' lang='lat' dir='ltr'>Veccum</span> <span class='ocrx_word' id='word_1_279' title='bbox 955 1975 1003 2013; x_wconf 89' lang='lat' dir='ltr'>ab</span> <span class='ocrx_word' id='word_1_280' title='bbox 1027 1973 1240 2013; x_wconf 83' lang='lat' dir='ltr'>Athanasio</span> <span class='ocrx_word' id='word_1_281' title='bbox 1266 1973 1405 2011; x_wconf 87' lang='lat' dir='ltr'>missus</span> <span class='ocrx_word' id='word_1_282' title='bbox 1430 1978 1515 2022; x_wconf 84' lang='lat' dir='ltr'>est,</span> <span class='ocrx_word' id='word_1_283' title='bbox 1543 1970 1723 2010; x_wconf 79' lang='lat' dir='ltr'>nondum</span> 
     </span>
     <span class='ocr_line' id='line_1_33' title="bbox 287 2025 1726 2084; baseline -0.005 -13"><span class='ocrx_word' id='word_1_284' title='bbox 287 2034 407 2072; x_wconf 84' lang='lat' dir='ltr'>fuisse</span> <span class='ocrx_word' id='word_1_285' title='bbox 425 2031 778 2084; x_wconf 85' lang='lat' dir='ltr'>protovestiarium,</span> <span class='ocrx_word' id='word_1_286' title='bbox 799 2046 837 2084; x_wconf 87' lang='lat' dir='ltr'>p.</span> <span class='ocrx_word' id='word_1_287' title='bbox 854 2038 983 2070; x_wconf 87' lang='lat' dir='ltr'>autem</span> <span class='ocrx_word' id='word_1_288' title='bbox 1006 2033 1083 2073; x_wconf 86' lang='lat'>153</span> <span class='ocrx_word' id='word_1_289' title='bbox 1103 2043 1142 2069; x_wconf 81' lang='lat' dir='ltr'>v.</span> <span class='ocrx_word' id='word_1_290' title='bbox 1164 2034 1190 2073; x_wconf 89' lang='lat'><strong>6</strong></span> <span class='ocrx_word' id='word_1_291' title='bbox 1209 2030 1348 2068; x_wconf 88' lang='lat' dir='ltr'>diserte</span> <span class='ocrx_word' id='word_1_292' title='bbox 1367 2028 1502 2067; x_wconf 89' lang='lat' dir='ltr'>scribit</span> <span class='ocrx_word' id='word_1_293' title='bbox 1519 2025 1726 2066; x_wconf 81' lang='lat' dir='ltr'>Androni-</span> 
     </span>
     <span class='ocr_line' id='line_1_34' title="bbox 291 2083 1726 2140; baseline -0.004 -14"><span class='ocrx_word' id='word_1_294' title='bbox 291 2102 381 2127; x_wconf 90' lang='lat' dir='ltr'>cum</span> <span class='ocrx_word' id='word_1_295' title='bbox 410 2087 713 2140; x_wconf 84' lang='lat' dir='ltr'>imperatorem,</span> <span class='ocrx_word' id='word_1_296' title='bbox 741 2088 788 2125; x_wconf 91' lang='lat' dir='ltr'>iis</span> <span class='ocrx_word' id='word_1_297' title='bbox 817 2088 942 2126; x_wconf 90' lang='lat' dir='ltr'>obiter</span> <span class='ocrx_word' id='word_1_298' title='bbox 969 2101 1058 2126; x_wconf 91' lang='lat' dir='ltr'>cum</span> <span class='ocrx_word' id='word_1_299' title='bbox 1086 2086 1215 2125; x_wconf 90' lang='lat' dir='ltr'>Vecco</span> <span class='ocrx_word' id='word_1_300' title='bbox 1244 2083 1452 2124; x_wconf 83' lang='lat' dir='ltr'>transactis</span> <span class='ocrx_word' id='word_1_301' title='bbox 1478 2096 1578 2135; x_wconf 88' lang='lat' dir='ltr'>quae</span> <span class='ocrx_word' id='word_1_302' title='bbox 1602 2083 1726 2135; x_wconf 68' lang='lat' dir='ltr'>paulo</span> 
     </span>
     <span class='ocr_line' id='line_1_35' title="bbox 289 2138 1724 2196; baseline -0.004 -14"><span class='ocrx_word' id='word_1_303' title='bbox 289 2151 380 2182; x_wconf 86' lang='lat' dir='ltr'>ante</span> <span class='ocrx_word' id='word_1_304' title='bbox 409 2145 597 2193; x_wconf 84' lang='lat' dir='ltr'>diximus,</span> <span class='ocrx_word' id='word_1_305' title='bbox 627 2143 897 2196; x_wconf 84' lang='lat' dir='ltr'>Nymphaeum</span> <span class='ocrx_word' id='word_1_306' title='bbox 921 2142 1146 2196; x_wconf 87' lang='lat' dir='ltr'>pervenisse</span> <span class='ocrx_word' id='word_1_307' title='bbox 1173 2142 1316 2180; x_wconf 90' lang='lat' dir='ltr'>comite</span> <span class='ocrx_word' id='word_1_308' title='bbox 1341 2153 1472 2179; x_wconf 89' lang='lat' dir='ltr'>secum</span> <span class='ocrx_word' id='word_1_309' title='bbox 1489 2140 1608 2178; x_wconf 87' lang='lat' dir='ltr'>ducto</span> <span class='ocrx_word' id='word_1_310' title='bbox 1630 2138 1724 2176; x_wconf 81' lang='lat' dir='ltr'>Mu-</span> 
     </span>
     <span class='ocr_line' id='line_1_36' title="bbox 288 2196 1723 2251; baseline -0.004 -13"><span class='ocrx_word' id='word_1_311' title='bbox 288 2201 444 2249; x_wconf 84' lang='lat' dir='ltr'>zalone,</span> <span class='ocrx_word' id='word_1_312' title='bbox 474 2212 594 2251; x_wconf 83' lang='lat' dir='ltr'>super</span> <span class='ocrx_word' id='word_1_313' title='bbox 617 2200 818 2250; x_wconf 82' lang='lat' dir='ltr'>antiquum</span> <span class='ocrx_word' id='word_1_314' title='bbox 848 2199 1035 2238; x_wconf 89' lang='lat' dir='ltr'>honorem</span> <span class='ocrx_word' id='word_1_315' title='bbox 1065 2198 1194 2249; x_wconf 84' lang='lat' dir='ltr'>magni</span> <span class='ocrx_word' id='word_1_316' title='bbox 1222 2196 1444 2248; x_wconf 87' lang='lat' dir='ltr'>logothetae</span> <span class='ocrx_word' id='word_1_317' title='bbox 1462 2209 1566 2234; x_wconf 84' lang='lat' dir='ltr'>nova</span> <span class='ocrx_word' id='word_1_318' title='bbox 1584 2199 1723 2247; x_wconf 77' lang='lat' dir='ltr'>proto-</span> 
     </span>
     <span class='ocr_line' id='line_1_37' title="bbox 287 2248 1726 2306; baseline -0.006 -12"><span class='ocrx_word' id='word_1_319' title='bbox 287 2257 460 2294; x_wconf 79' lang='lat' dir='ltr'>vestiarii</span> <span class='ocrx_word' id='word_1_320' title='bbox 482 2256 670 2306; x_wconf 86' lang='lat' dir='ltr'>dignitate</span> <span class='ocrx_word' id='word_1_321' title='bbox 688 2257 883 2294; x_wconf 86' lang='lat' dir='ltr'>decorato.</span> <span class='ocrx_word' id='word_1_322' title='bbox 940 2256 1006 2294; x_wconf 89' lang='lat' dir='ltr'>sed</span> <span class='ocrx_word' id='word_1_323' title='bbox 1024 2255 1119 2293; x_wconf 88' lang='lat' dir='ltr'>haec</span> <span class='ocrx_word' id='word_1_324' title='bbox 1136 2254 1289 2292; x_wconf 82' lang='lat' dir='ltr'>facilem</span> <span class='ocrx_word' id='word_1_325' title='bbox 1313 2252 1622 2291; x_wconf 85' lang='lat' dir='ltr'>conciliationem</span> <span class='ocrx_word' id='word_1_326' title='bbox 1643 2248 1726 2286; x_wconf 76' lang='lat' dir='ltr'>ha-</span> 
     </span>
     <span class='ocr_line' id='line_1_38' title="bbox 287 2304 1723 2363; baseline -0.005 -15"><span class='ocrx_word' id='word_1_327' title='bbox 287 2311 404 2358; x_wconf 86' lang='lat' dir='ltr'>bent,</span> <span class='ocrx_word' id='word_1_328' title='bbox 430 2311 461 2349; x_wconf 89' lang='lat' dir='ltr'>si</span> <span class='ocrx_word' id='word_1_329' title='bbox 492 2313 648 2350; x_wconf 85' lang='lat' dir='ltr'>dicatur</span> <span class='ocrx_word' id='word_1_330' title='bbox 671 2312 823 2361; x_wconf 84' lang='lat' dir='ltr'>statim,</span> <span class='ocrx_word' id='word_1_331' title='bbox 853 2318 1059 2363; x_wconf 87' lang='lat' dir='ltr'>postquam</span> <span class='ocrx_word' id='word_1_332' title='bbox 1081 2325 1102 2348; x_wconf 89' lang='lat' dir='ltr'>a</span> <span class='ocrx_word' id='word_1_333' title='bbox 1121 2309 1358 2362; x_wconf 86' lang='lat' dir='ltr'>praescripta</span> <span class='ocrx_word' id='word_1_334' title='bbox 1385 2306 1458 2345; x_wconf 91' lang='lat' dir='ltr'>sibi</span> <span class='ocrx_word' id='word_1_335' title='bbox 1478 2304 1723 2358; x_wconf 79' lang='lat' dir='ltr'>profectione</span> 
     </span>
     <span class='ocr_line' id='line_1_39' title="bbox 286 2360 1723 2418; baseline -0.005 -14"><span class='ocrx_word' id='word_1_336' title='bbox 286 2367 338 2405; x_wconf 81' lang='lat' dir='ltr'>ad</span> <span class='ocrx_word' id='word_1_337' title='bbox 367 2367 536 2405; x_wconf 87' lang='lat' dir='ltr'>Veccum</span> <span class='ocrx_word' id='word_1_338' title='bbox 573 2368 725 2406; x_wconf 86' lang='lat' dir='ltr'>Muzalo</span> <span class='ocrx_word' id='word_1_339' title='bbox 754 2368 910 2405; x_wconf 88' lang='lat' dir='ltr'>rediens</span> <span class='ocrx_word' id='word_1_340' title='bbox 937 2366 1188 2418; x_wconf 87' lang='lat' dir='ltr'>imperatorio</span> <span class='ocrx_word' id='word_1_341' title='bbox 1211 2363 1410 2403; x_wconf 88' lang='lat' dir='ltr'>comitatui</span> <span class='ocrx_word' id='word_1_342' title='bbox 1427 2376 1467 2400; x_wconf 86' lang='lat' dir='ltr'>se</span> <span class='ocrx_word' id='word_1_343' title='bbox 1485 2362 1630 2399; x_wconf 79' lang='lat' dir='ltr'>iterum</span> <span class='ocrx_word' id='word_1_344' title='bbox 1648 2360 1723 2398; x_wconf 84' lang='lat' dir='ltr'>ad-</span> 
     </span>
     <span class='ocr_line' id='line_1_40' title="bbox 285 2416 1723 2475; baseline -0.006 -14"><span class='ocrx_word' id='word_1_345' title='bbox 285 2423 436 2471; x_wconf 83' lang='lat' dir='ltr'>iunxit,</span> <span class='ocrx_word' id='word_1_346' title='bbox 464 2423 511 2459; x_wconf 89' lang='lat' dir='ltr'>ab</span> <span class='ocrx_word' id='word_1_347' title='bbox 531 2422 705 2473; x_wconf 85' lang='lat' dir='ltr'>Augusto</span> <span class='ocrx_word' id='word_1_348' title='bbox 725 2424 765 2460; x_wconf 92' lang='lat' dir='ltr'>in</span> <span class='ocrx_word' id='word_1_349' title='bbox 786 2423 873 2475; x_wconf 89' lang='lat' dir='ltr'>ipso</span> <span class='ocrx_word' id='word_1_350' title='bbox 891 2423 1049 2472; x_wconf 86' lang='lat' dir='ltr'>itinere,</span> <span class='ocrx_word' id='word_1_351' title='bbox 1078 2422 1188 2474; x_wconf 92' lang='lat' dir='ltr'>prius</span> <span class='ocrx_word' id='word_1_352' title='bbox 1205 2433 1319 2472; x_wconf 90' lang='lat' dir='ltr'>quam</span> <span class='ocrx_word' id='word_1_353' title='bbox 1335 2416 1605 2470; x_wconf 87' lang='lat' dir='ltr'>Nymphaeum</span> <span class='ocrx_word' id='word_1_354' title='bbox 1619 2429 1723 2468; x_wconf 85' lang='lat' dir='ltr'>per-</span> 
     </span>
     <span class='ocr_line' id='line_1_41' title="bbox 286 2473 1723 2529; baseline -0.006 -11"><span class='ocrx_word' id='word_1_355' title='bbox 286 2479 462 2527; x_wconf 86' lang='lat' dir='ltr'>veniret,</span> <span class='ocrx_word' id='word_1_356' title='bbox 500 2478 621 2516; x_wconf 76' lang='lat' dir='ltr'>fuisse</span> <span class='ocrx_word' id='word_1_357' title='bbox 653 2479 1000 2529; x_wconf 86' lang='lat' dir='ltr'>protovestiarium</span> <span class='ocrx_word' id='word_1_358' title='bbox 1028 2478 1261 2516; x_wconf 81' lang='lat' dir='ltr'>declaratus.</span> <span class='ocrx_word' id='word_1_359' title='bbox 1317 2473 1418 2514; x_wconf 87' lang='lat' dir='ltr'>nihil</span> <span class='ocrx_word' id='word_1_360' title='bbox 1453 2485 1542 2523; x_wconf 85' lang='lat' dir='ltr'>ergo</span> <span class='ocrx_word' id='word_1_361' title='bbox 1581 2483 1723 2510; x_wconf 84' lang='lat' dir='ltr'>causae</span> 
     </span>
     <span class='ocr_line' id='line_1_42' title="bbox 287 2526 1721 2579; baseline -0.006 -6"><span class='ocrx_word' id='word_1_362' title='bbox 287 2541 347 2573; x_wconf 86' lang='lat' dir='ltr'>est</span> <span class='ocrx_word' id='word_1_363' title='bbox 368 2547 438 2573; x_wconf 83' lang='lat' dir='ltr'>cur</span> <span class='ocrx_word' id='word_1_364' title='bbox 455 2533 563 2572; x_wconf 87' lang='lat' dir='ltr'>istud</span> <span class='ocrx_word' id='word_1_365' title='bbox 580 2535 842 2572; x_wconf 83' lang='lat' dir='ltr'>laxamentum</span> <span class='ocrx_word' id='word_1_366' title='bbox 872 2547 1145 2572; x_wconf 79' lang='lat' dir='ltr'>aerumnarum</span> <span class='ocrx_word' id='word_1_367' title='bbox 1168 2531 1286 2571; x_wconf 90' lang='lat' dir='ltr'>Vecci</span> <span class='ocrx_word' id='word_1_368' title='bbox 1306 2543 1385 2568; x_wconf 89' lang='lat' dir='ltr'>non</span> <span class='ocrx_word' id='word_1_369' title='bbox 1405 2529 1454 2566; x_wconf 87' lang='lat' dir='ltr'>ad</span> <span class='ocrx_word' id='word_1_370' title='bbox 1472 2528 1574 2566; x_wconf 89' lang='lat' dir='ltr'>illud</span> <span class='ocrx_word' id='word_1_371' title='bbox 1593 2526 1721 2579; x_wconf 84' lang='lat' dir='ltr'>perti-</span> 
     </span>
     <span class='ocr_line' id='line_1_43' title="bbox 285 2579 1722 2641; baseline -0.006 -12"><span class='ocrx_word' id='word_1_372' title='bbox 285 2604 380 2630; x_wconf 81' lang='lat' dir='ltr'>nere</span> <span class='ocrx_word' id='word_1_373' title='bbox 417 2590 651 2629; x_wconf 87' lang='lat' dir='ltr'>affirmemus</span> <span class='ocrx_word' id='word_1_374' title='bbox 682 2595 837 2640; x_wconf 89' lang='lat' dir='ltr'>tempus</span> <span class='ocrx_word' id='word_1_375' title='bbox 874 2603 952 2641; x_wconf 91' lang='lat' dir='ltr'>quo</span> <span class='ocrx_word' id='word_1_376' title='bbox 985 2588 1229 2627; x_wconf 83' lang='lat' dir='ltr'>Andronicus</span> <span class='ocrx_word' id='word_1_377' title='bbox 1257 2599 1305 2625; x_wconf 85' lang='lat' dir='ltr'>ex</span> <span class='ocrx_word' id='word_1_378' title='bbox 1334 2585 1431 2623; x_wconf 88' lang='lat' dir='ltr'>urbe</span> <span class='ocrx_word' id='word_1_379' title='bbox 1464 2584 1571 2635; x_wconf 85' lang='lat' dir='ltr'>regia</span> <span class='ocrx_word' id='word_1_380' title='bbox 1595 2579 1722 2634; x_wconf 82' lang='lat' dir='ltr'>Nym-</span> 
     </span>
     <span class='ocr_line' id='line_1_44' title="bbox 284 2638 1723 2699; baseline -0.006 -15"><span class='ocrx_word' id='word_1_381' title='bbox 284 2646 455 2699; x_wconf 85' lang='lat' dir='ltr'>phaeum</span> <span class='ocrx_word' id='word_1_382' title='bbox 477 2659 518 2684; x_wconf 86' lang='lat' dir='ltr'>se</span> <span class='ocrx_word' id='word_1_383' title='bbox 536 2644 726 2693; x_wconf 88' lang='lat' dir='ltr'>contulit,</span> <span class='ocrx_word' id='word_1_384' title='bbox 755 2650 872 2696; x_wconf 89' lang='lat' dir='ltr'>prout</span> <span class='ocrx_word' id='word_1_385' title='bbox 902 2646 929 2682; x_wconf 90' lang='lat' dir='ltr'>l.</span> <span class='ocrx_word' id='word_1_386' title='bbox 947 2648 974 2686; x_wconf 79' lang='grc'>2</span> <span class='ocrx_word' id='word_1_387' title='bbox 994 2658 1027 2685; x_wconf 90' lang='lat' dir='ltr'>c.</span> <span class='ocrx_word' id='word_1_388' title='bbox 1049 2646 1099 2686; x_wconf 88' lang='lat'>18</span> <span class='ocrx_word' id='word_1_389' title='bbox 1127 2648 1375 2681; x_wconf 88' lang='lat' dir='ltr'>memoratur.</span> <span class='ocrx_word' id='word_1_390' title='bbox 1434 2638 1723 2692; x_wconf 81' lang='lat' dir='ltr'>explorandum·</span> 
     </span>
     <span class='ocr_line' id='line_1_45' title="bbox 287 2694 1725 2754; baseline -0.007 -12"><span class='ocrx_word' id='word_1_391' title='bbox 287 2716 378 2754; x_wconf 86' lang='lat' dir='ltr'>ergo</span> <span class='ocrx_word' id='word_1_392' title='bbox 409 2703 520 2741; x_wconf 85' lang='lat' dir='ltr'>nobis</span> <span class='ocrx_word' id='word_1_393' title='bbox 551 2707 609 2739; x_wconf 86' lang='lat' dir='ltr'>est</span> <span class='ocrx_word' id='word_1_394' title='bbox 637 2701 793 2752; x_wconf 85' lang='lat' dir='ltr'>quando</span> <span class='ocrx_word' id='word_1_395' title='bbox 833 2700 1039 2750; x_wconf 88' lang='lat' dir='ltr'>contigerit</span> <span class='ocrx_word' id='word_1_396' title='bbox 1066 2701 1139 2737; x_wconf 88' lang='lat' dir='ltr'>ista</span> <span class='ocrx_word' id='word_1_397' title='bbox 1165 2698 1372 2750; x_wconf 83' lang='lat' dir='ltr'>profectio.</span> <span class='ocrx_word' id='word_1_398' title='bbox 1429 2701 1563 2734; x_wconf 87' lang='lat' dir='ltr'>narrat</span> <span class='ocrx_word' id='word_1_399' title='bbox 1591 2694 1725 2746; x_wconf 83' lang='lat' dir='ltr'>capite&#39;</span> 
     </span>
     <span class='ocr_line' id='line_1_46' title="bbox 285 2750 1726 2811; baseline -0.007 -14"><span class='ocrx_word' id='word_1_400' title='bbox 285 2758 479 2811; x_wconf 84' lang='lat' dir='ltr'>superiori</span> <span class='ocrx_word' id='word_1_401' title='bbox 507 2763 641 2797; x_wconf 87' lang='lat' dir='ltr'>noster</span> <span class='ocrx_word' id='word_1_402' title='bbox 668 2756 880 2795; x_wconf 87' lang='lat' dir='ltr'>historicus</span> <span class='ocrx_word' id='word_1_403' title='bbox 900 2761 1064 2794; x_wconf 89' lang='lat' dir='ltr'>mortem</span> <span class='ocrx_word' id='word_1_404' title='bbox 1084 2753 1378 2806; x_wconf 86' lang='lat' dir='ltr'>expatriarchae</span> <span class='ocrx_word' id='word_1_405' title='bbox 1399 2751 1532 2804; x_wconf 81' lang='lat' dir='ltr'>Cyprii</span> <span class='ocrx_word' id='word_1_406' title='bbox 1555 2756 1594 2788; x_wconf 87' lang='lat' dir='ltr'>et</span> <span class='ocrx_word' id='word_1_407' title='bbox 1612 2750 1726 2788; x_wconf 74' lang='lat' dir='ltr'>eirca·</span> 
     </span>
     <span class='ocr_line' id='line_1_47' title="bbox 290 2806 1724 2868; baseline -0.006 -15"><span class='ocrx_word' id='word_1_408' title='bbox 290 2815 374 2853; x_wconf 90' lang='lat' dir='ltr'>eius</span> <span class='ocrx_word' id='word_1_409' title='bbox 393 2814 618 2868; x_wconf 83' lang='lat' dir='ltr'>sepulturae</span> <span class='ocrx_word' id='word_1_410' title='bbox 633 2814 799 2853; x_wconf 81' lang='lat' dir='ltr'>formam</span> <span class='ocrx_word' id='word_1_411' title='bbox 822 2811 1151 2865; x_wconf 87' lang='lat' dir='ltr'>praescriptiones</span> <span class='ocrx_word' id='word_1_412' title='bbox 1169 2810 1216 2849; x_wconf 90' lang='lat' dir='ltr'>ab</span> <span class='ocrx_word' id='word_1_413' title='bbox 1235 2810 1325 2862; x_wconf 87' lang='lat' dir='ltr'>ipso</span> <span class='ocrx_word' id='word_1_414' title='bbox 1342 2810 1516 2860; x_wconf 85' lang='lat' dir='ltr'>Augusto</span> <span class='ocrx_word' id='word_1_415' title='bbox 1536 2806 1586 2846; x_wconf 86' lang='lat' dir='ltr'>ad</span> <span class='ocrx_word' id='word_1_416' title='bbox 1604 2806 1724 2845; x_wconf 76' lang='lat' dir='ltr'>sune-¹</span> 
     </span>
    </p>
   </div>
  </div>
 </body>
</html>
