1858 3126
271 151 367 199 684
663 151 971 196 OBSERVAT.
1004 152 1314 199 PAGHYMER.

266 262 367 313 gelii
381 273 540 312 ponere.
597 259 713 299 docet
739 260 782 300 id
805 274 878 299 nos
905 260 1003 300 ritus
1027 261 1285 302 ordinationis
1312 262 1582 327 episcoporum
1605 264 1709 316 apud

270 318 462 365 Gmecos,
493 315 562 367 qui
593 322 701 355 extat
727 316 770 355 in
798 316 1041 382 Euchologio
1068 332 1110 371 p.
1133 320 1240 368 302,
1269 317 1339 356 ubi
1369 318 1512 359 diserte
1537 321 1708 360 traditur

267 372 466 424 completo
493 371 667 423 'trisagio
693 371 952 412 celebrantem
980 374 1209 427 episcopum
1237 374 1447 414 ascendere
1474 375 1516 414 in
1542 366 1710 429 crepidi-

266 442 357 468 nem
382 441 515 466 sacrae
540 442 716 479 mensae,
741 428 874 480 ibique
901 429 963 468 illi
992 430 1127 469 offerri
1148 444 1169 468 a
1188 431 1455 482 praesentibus
1474 428 1599 470 tribus
1620 432 1709 484 epi-

264 483 396 536 scopis
414 484 677 524 ordinandum
696 499 717 523 a
736 485 888 524 dextris
905 486 1160 536 celebrantis;
1191 500 1212 524 a
1231 487 1395 526 sinistris
1413 493 1542 526 autem
1557 486 1710 537 adstare

262 539 632 606 chartophylacem,
662 542 730 593 qui
759 541 974 580 celebranti
995 542 1169 581 chartam
1192 542 1332 592 offert,
1360 542 1402 581 in
1413 556 1498 610 qua
1517 542 1710 595 scriptum

263 596 318 636 sit
344 592 475 663 ψήφῳ
509 596 577 638 καὶ
608 598 819 654 δοκιμασία
843 602 922 638 τῶν
949 596 1268 650 θεοφιλεστάτων
1288 594 1513 640 ἐπισκόπων
1540 597 1609 639 καὶ
1630 601 1736 652 τῶνζ

265 649 494 695 οσιωτοὶτων
525 639 822 723 πρεσβυτέρων,
852 653 883 706 ἦ
911 655 1006 695 θεία
1029 651 1144 707 χάρις
1161 654 1190 706 ἦ
1205 652 1376 696 πάντοτε
1395 670 1442 695 τα
1463 651 1622 706 ἀσθενῆ
1637 658 1730 696 θε-”

266 705 496 778 ραπεῦουσα
514 709 582 750 καὶ
599 726 646 750 τα
665 709 889 751 ἐλλείποντα
907 707 1192 764 α’ναπληροῦσα
1208 711 1486 777 προχειρίζεται
1502 708 1573 751 τὸν
1599 712 1711 752 δεῖνα

263 762 338 806 τᾶν
363 764 672 816 θεοφιλέστατον
694 762 959 835 πρεσβύτερον
979 767 1197 808 ἐπίσκοπον
1215 770 1288 818 τῆς
1306 763 1534 807 θεοσωστου
1559 764 1711 815 πόλεως

127 824 156 857 P
177 823 243 859 481
270 822 405 874 τῆσδε.
460 817 671 874 ευξώμεθα
700 819 774 863 οὖν
805 821 906 873 ὑπὲρ
941 819 1070 863 αὐτοῦ
1098 839 1164 862 ινα
1191 823 1290 877 ἔλθῃ
1318 818 1384 863 ἐπ’
1411 819 1580 875 1111τόνῆ
1599 820 1711 876 χάρις

264 879 340 918 τοῦ
366 878 564 941 παναγίου
597 874 836 930 πνεύματος.
892 877 970 918 1100
989 885 1047 918 est
1067 879 1267 931 suff‘mgio
1287 886 1322 916 et
1342 878 1629 931 approbatione
1646 878 1711 918 dei

265 935 566 972 amantis-simet·
568 948 636 971 um
666 936 935 985 episcoporum
964 943 999 973 et
1018 937 1363 973 sanctissimorum
1384 934 1711 987 presbyterorum,

265 989 408 1028 divina
428 992 592 1041 gratia,
618 1005 724 1042 quae
749 991 894 1042 ubique
914 993 1078 1042 infirma
1099 999 1216 1029 curat
1240 999 1275 1029 et
1294 989 1518 1042 deficientia
1539 993 1710 1043 supplet,

259 1054 464 1098 promovet
499 1047 550 1084 JV.
581 1045 648 1084 dei
673 1049 999 1085 amantissimum
1023 1047 1297 1100 presbyterum
1330 1049 1552 1099 episcopum
1579 1062 1607 1085 a
1638 1047 1723 1086 deo

263 1109 446 1140 servatae
470 1104 650 1141 civitatis
668 1104 720 1142 N
739 1117 895 1140 oremus
914 1105 1044 1155 igitar
1059 1118 1133 1155 pro
1156 1118 1215 1154 eo,
1246 1111 1293 1141 ut
1311 1104 1445 1141 veniat
1473 1117 1593 1154 super
1619 1117 1711 1142 eum

261 1160 407 1211 gratia
435 1160 683 1197 sanctissimi
712 1160 895 1211 spiritus.
953 1159 1022 1198 ubi
1051 1159 1224 1198 chartam
1248 1158 1350 1197 hane
1379 1159 1578 1198 celebrans
1595 1172 1711 1199 acce-

264 1215 341 1268 pit,
371 1214 670 1254 archidiaconus
693 1215 927 1253 audientiam
947 1215 1102 1264 indicit,
1136 1216 1306 1254 clamans
1327 1210 1555 1268 πρόσχωμεν
1573 1223 1711 1254 atten-

266 1269 426 1309 damus,
483 1285 576 1309 mox
606 1271 803 1310 celebrans
829 1285 927 1322 quae
955 1271 1102 1322 scripta
1131 1272 1283 1310 suntin
1305 1270 1439 1310 charta
1460 1271 1712 1325 pronuntiat,

263 1326 502 1377 intelligibili
518 1327 671 1365 cunctis
688 1341 800 1366 voce.
857 1334 948 1379 post
967 1327 1075 1378 quod
1096 1333 1143 1366 ut
1162 1333 1370 1379 praecepto
1389 1327 1528 1365 orandi
1551 1341 1622 1378 pro
1643 1342 1712 1379 or-

263 1382 439 1421 dinando
471 1390 657 1436 pareant,
684 1390 764 1422 tam
794 1383 862 1434 qui
889 1390 982 1422 sunt
997 1383 1102 1422 intra
1123 1384 1316 1422 cancellos
1343 1383 1572 1435 presbyterii
1590 1397 1711 1435 quam

262 1439 334 1490 qui
354 1445 475 1488 extra,
506 1439 654 1491 pariter
675 1440 893 1478 acclamant
912 1436 1023 1492 κύριε
1042 1439 1211 1504 ἐλέησον.
1221 1438 1378 1477 domine
1396 1441 1584 1477 miserere.
1611 1438 1725 1478 tunc'

263 1495 463 1532 celebmns
495 1495 688 1545 evangelii
718 1496 906 1534 volumen
931 1495 1104 1548 explicat
1123 1502 1161 1534 et
1181 1495 1238 1534 sic
1256 1501 1436 1547 apertum
1454 1495 1625 1547 imponit
1641 1509 1710 1533 ca-

261 1550 339 1602 piti
371 1556 410 1587 et
437 1550 541 1588 00110
573 1552 657 1588 eius
687 1551 758 1602 qui
789 1551 1018 1601 ordinatur,
1047 1551 1346 1590 adiutantibus'
1334 1565 1378 1588 111
1399 1564 1445 1589 00
1465 1557 1504 1589 et
1523 1550 1610 1589 aliis
1628 1550 1711 1602 epi-

263 1605 419 1657 scopis:
448 1601 688 1675 ἀναπτύσσει
713 1622 756 1646 το
785 1604 1012 1659 εὐαγγέλιον
1040 1606 1063 1648 ὅ
1087 1603 1311 1660 ἀρχιερεύς,
1339 1605 1407 1646 καὶ
1435 1605 1637 1657 ἐπιτίθησι
1658 1607 1710 1661 τῇ

263 1663 421 1729 κεφαλῇ
437 1660 506 1701 καὶ
524 1663 581 1716 τῷ
595 1659 774 1715 τραχήλῳ
792 1665 865 1702 τοῦ
885 1662 1243 1714 χειροτονουμένου,
1266 1660 1624 1729 συνεφαπτομένων
1640 1661 1710 1702 καὶ

262 1720 345 1758 τῶν
365 1714 494 1757 ἄλλων
512 1703 735 1770 αρχιερέων.
792 1731 841 1756 011
861 1718 958 1769 quid
974 1718 1026 1756 sit
1044 1715 1160 1770 ζυγόν
1177 1720 1251 1757 τοῦ
1271 1716 1386 1770 ἁγίου
1404 1713 1631 1770 ευαγγελίου
1650 1733 1709 1758 τι-

264 1771 407 1822 θέναι,
438 1773 544 1824 quod
559 1772 625 1811 hic
643 1779 777 1811 noster
795 1779 997 1823 memorat,
1028 1773 1262 1811 cerimoniae
1281 1787 1326 1811 01
1328 1772 1540 1811 dinationis
1557 1779 1708 1825 partem

263 1829 374 1867 illam
403 1829 511 1867 obire
538 1843 615 1880 qua
642 1843 750 1868 sacer
775 1829 965 1880 evangelii
995 1830 1122 1867 codex
1152 1829 1370 1880 explicatus
1395 1829 1560 1880 ponitur
1586 1842 1707 1882 supra

264 1891 386 1937 caput
407 1891 446 1923 et
464 1885 612 1924 collum
631 1885 712 1924 eius
732 1886 800 1936 qui
820 1886 1028 1924 ordinatur
1046 1885 1096 1923 ad
1117 1886 1277 1923 modum
1298 1884 1379 1935 iugi
1402 1887 1532 1938 ζυγοῦ.
1583 1898 1706 1936 porro

267 1941 311 1979 in
330 1941 475 1979 codicis
496 1947 678 1994 apertura
702 1941 856 1980 curiosa
876 1941 1103 1992 superstitio
1119 1942 1298 1993 captabat
1319 1953 1433 1978 omen
1453 1953 1502 1978 ex
1518 1940 1649 1979 verbis
1665 1941 1705 1979 in

268 1997 408 2035 oculos
436 1997 676 2036 adstantium
701 1997 995 2036 incurrentibus
1025 1998 1114 2036 visu
1141 1998 1268 2049 primo
1295 1996 1450 2035 diducti
1474 1996 1704 2045 voluminis3

267 2053 382 2091 cuius
404 2054 589 2091 vanitatis
608 2054 829 2118 exemplum
848 2054 916 2092 1110
940 2053 1198 2106 Pachymeres
1213 2052 1378 2102 recitat,
1405 2058 1525 2105 prout
1540 2053 1583 2090 in
1602 2051 1709 2092 ordi-

267 2108 427 2146 natione
446 2109 647 2148 Athanasii
664 2110 843 2160 contigit.
1695 2116 1703 2126 '
1725 2116 1730 2120 ’

379 2164 623 2217 θεμέλιον
649 2180 690 2218 p.
710 2169 790 2209 306
811 2180 850 2206 v.
872 2169 910 2208 8.
968 2165 1062 2217 quid
1087 2171 1202 2205 vocet
1226 2164 1306 2203 hoc
1332 2164 1422 2202 loco
1450 2163 1706 2231 Pacliymeres

267 2218 455 2271 θεμέλιον
472 2223 641 2272 πρῶτον,
671 2223 835 2274 exponit
852 2236 945 2260 mox
965 2223 1008 2260 in
1025 2235 1139 2260 veisu
1157 2235 1227 2273 pei
1247 2221 1315 2258 illa
1335 2220 1453 2258 verba
1473 2217 1608 2272 πρώτη
1629 2214 1705 2270 βᾶ-

268 2287 341 2323 σις.
400 2283 457 2314 est
482 2290 572 2326 eigo
604 2291 654 2316 ex
682 2278 763 2316 eius
792 2284 920 2316 mente
947 2277 1131 2330 θεμέλιον
1153 2272 1319 2347 σελήνης
1340 2279 1495 2326 πρῶτον
1510 2274 1660 2326 primus
1683 2287 1706 2310 a

267 2331 421 2381 synodo
452 2333 645 2370 novilunii
672 2347 900 2384 p1·‚ocessus
928 2333 1004 2371 hoc
1037 2340 1094 2371 est
1119 2334 1317 2384 νουμηνία
1339 2337 1378 2369 et
1405 2342 1542 2368 verum
1561 2329 1705 2367 mensis
1727 2334 1729 2336 ’

265 2386 416 2424 lunaris
435 2387 602 2424 initium.
658 2388 808 2426 idcirco
834 2395 963 2427 autem
984 2403 1064 2427 non
1082 2388 1207 2426 otiose
1227 2387 1269 2425 id
1288 2391 1465 2434 notatur,
1495 2383 1603 2435 quod
1621 2384 1706 2436 ple-

265 2455 435 2492 rumque
452 2443 493 2479 in
512 2442 719 2491 mensibus,
738 2444 868 2494 quales
887 2451 980 2482 sunt
998 2444 1176 2491 Romani,
1197 2441 1385 2481 solaribus
1403 2438 1603 2490 contingat
1621 2440 1705 2491 ple-

267 2497 488 2543 11111111111111,
519 2503 558 2536 et
585 2499 825 2536 neomeniam
852 2499 902 2537 ad
928 2513 1078 2538 menses
1102 2499 1274 2538 diversos
1303 2495 1512 2548 pertinere.
1569 2502 1704 2533 osten-

271 2553 406 2591 demus
425 2559 551 2591 autem
570 2553 671 2591 libro
694 2553 833 2591 harum
851 2554 1178 2593 Observationum
1196 2557 1235 2601 3,
1255 2552 1322 2590 ubi
1343 2550 1569 2589 desectionis
1585 2550 1705 2590 huius

269 2609 421 2648 lunaris
454 2608 624 2647 calculos
659 2609 863 2656 dabimus,
892 2610 1099 2659 contigisse
1123 2610 1232 2646 iilam
1260 2607 1323 2645 die
1349 2605 1399 2649 14
1418 2606 1582 2644 ianuarii
1599 2620 1702 2644 anno
1728 2615 1730 2617 ’

267 2665 362 2703 Chr.
387 2667 507 2707 1302.
562 2664 667 2702 unde
696 2670 754 2702 est
779 2677 1020 2715 consequens
1036 2663 1258 2715 νουμηνίαν
1279 2675 1378 2713 quac
1395 2661 1601 2713 praecessit
1624 2661 1703 2700 hoc
1727 2666 1730 2668 ’

267 2721 529 2772 plenilunium
548 2719 776 2772 eclipticum
795 2719 838 2757 in
857 2720 962 2771 ipsas
983 2719 1151 2758 ianuarii
1168 2718 1353 2756 kalendas
1371 2717 1565 2758 incidisse.
1613 2730 1702 2755 nam
1719 2768 1721 2771 Ι

270 2775 322 2818 14
342 2777 457 2817 lunae
478 2776 541 2818 die
559 2775 777 2830 plenilunia
795 2774 908 2815 fiunt.
964 2775 1177 2829 exprimere
1202 2773 1322 2826 igitur
1340 2780 1472 2813 noster
1489 2773 1558 2812 hic
1578 2772 1721 2821 voluit
