1820 3112
403 134 481 178 DE
511 133 841 178 ANDRONIGO
876 133 1246 178 PALAEOLOGO
1282 135 1328 178 L.
1349 133 1402 177 11.
1556 134 1648 180 113

185 252 263 305 τῆς
291 246 397 292 καθ’
422 247 554 291 αὐτοῦ
570 245 723 299 τάξεως
741 244 1074 302 ἅνθαιροῦμενοι.
1145 245 1202 297 ὥς
1220 247 1266 290 δὲ
1283 248 1350 290 καὶ
1372 243 1497 298 αὖθις
1516 265 1646 304 προσ-

186 321 406 361 εκαλοῦντο
432 318 499 358 καὶ
526 316 780 372 ἆνεκρίνοντο
804 317 870 357 καὶ
891 314 1012 357 πάλιν
1033 310 1180 368 αὖθις,
1216 316 1289 358 καί
1299 333 1340 371 γε
1358 320 1503 369 μῶμον
1526 318 1641 373 σφίσι
1665 327 1696 362 C

186 386 255 428 καὶ
288 385 335 428 τὸ
371 392 457 434 τοῖς
488 385 701 441 προτέροις
730 388 998 441 προσκεῖσθαι
1030 386 1160 426 δοκεῖν
1191 383 1307 426 κάκεῖ
1329 384 1401 427 τὸν
1426 389 1523 427 νοῦν
1544 384 1646 440 ἔχειν

186 453 333 508 ἐπῆγον
365 450 421 502 ὥς
440 452 618 508 ἔγκλημα
635 452 823 508 μέγιστον
831 484 844 504 ,
882 451 919 494 οἱ
939 452 1014 505 μὲν
1041 451 1136 494 οὐδ’
1157 450 1287 501 οὕτως
1307 451 1458 533 ἤι’)(λον
1475 451 1646 496 ὖποκλί-

151 525 354 573 5νεσθαι,
386 518 583 563 ὖπόνοιαν
615 518 898 563 ἀνυπόστατον
929 524 1203 574 προτιμῶντες
1239 525 1479 577 προφανοῦς
1508 521 1643 577 ὄρρω·

186 590 297 642 δίας,
330 588 389 644 μὴ
417 588 596 644 ἀκριβῶς
626 586 776 638 εἷδότες
798 587 822 630 ὅ
843 605 880 630 τι
904 591 970 629 καὶ
990 586 1281 644 ὖπογράψοιεν.
1353 583 1400 642 ἦν
1421 589 1499 645 γὰρ
1521 592 1563 632 ἓν
1582 594 1642 648 τῷ

184 654 300 714 τόμῳ
329 657 432 712 πρὸς
457 664 543 706 τοῖς
570 656 708 706 ἄλλοις
736 658 803 698 καὶ
831 654 856 709 ἦ
886 661 960 698 τοῦ
980 656 1107 711 ῥητοῦ
1130 661 1203 699 τοῦ
1222 658 1339 698 θείου
1356 659 1641 712 Δαμασκηνοῦ

184 723 367 780 ἐξήγησις
387 723 518 774 οὕτως
539 724 688 779 ἔχουσα
726 727 801 767 “zt'
824 725 868 766 δὲ
886 726 951 766 καὶ
977 724 1089 780 παρὰ
1109 729 1168 783 τῷ
1189 723 1524 783 θεολογικωτάτῳ
1542 727 1638 769 Λα·
1661 739 1694 774 1)

183 797 380 850 μασκηνῷ
408 792 454 835 τὸ
486 792 555 835 διὰ
586 791 707 848 λόγου
733 792 898 847 εὕρηται
926 790 1175 848 προβολεῦς,
1209 793 1257 835 οὗ
1284 793 1359 847 τὴν
1389 795 1445 843 εἷς
1466 793 1515 837 τὸ
1543 792 1643 837 εἶναι

130 868 176 903 10
187 865 384 915 καθαρῶς
404 865 478 903 τοῦ
497 859 726 914 πνεύματος
744 859 922 917 πρόοδον
940 859 964 915 ἦ
988 862 1091 911 λέξις
1109 863 1260 916 δηλοῦν
1278 859 1471 914 βοῦλεται
1481 894 1496 915 ,
1536 861 1642 906 ἀλλὰ

183 929 260 984 τὴν
285 931 341 978 εἷς
370 928 500 970 ἀΐδιον
531 928 771 986 ἒόιφανσιν.”
840 933 962 971 τοῦτο
995 929 1036 971 δ’
1066 927 1089 971 ὅ
1123 947 1161 971 τι
1189 931 1405 984 σημαίνοι,
1442 930 1516 973 οὗκ
1541 931 1643 986 ἔχειν

184 996 330 1039 εἰδέναι
357 996 560 1054 ἔφασκον,
599 999 665 1039 καὶ
683 997 757 1051 τὴν
775 997 979 1053 διαφορὰν
998 994 1163 1052 ἐζήτουν
1182 1003 1335 1051 μαθεῖν
1356 1002 1428 1052 τῆς
1450 997 1495 1041 τ’
1518 1000 1574 1048 εἷς
1590 999 1639 1042 τὸ

184 1063 284 1107 εἶναι
311 1062 491 1118 προόδου
519 1067 586 1107 καὶ
614 1065 748 1107 ἀϊδίου
774 1063 1029 1121 ἓκφάνσεως,
1075 1067 1146 1108 ἵνα
1175 1066 1251 1120 τὴν
1284 1067 1359 1120 μὲν
1387 1071 1469 1108 τῶν
1497 1067 1641 1117 λέξεων

183 1130 500 1187 οἷποβάλλωνται
518 1133 593 1188 τὴν
613 1133 656 1175 ‹l’
683 1135 1035 1189 ἓνστερνίσωνται·
1063 1132 1163 1176 εἶναι
1180 1134 1258 1190 γὰρ
1280 1134 1420 1184 αὐτοῖς
1439 1132 1643 1186 δοκούσας

129 1205 173 1242 15
184 1200 259 1250 τὰς
285 1202 408 1252 λέξεις
438 1199 799 1256 ταυτοδυνάμους,
836 1199 911 1256 τήν
940 1219 984 1244 τε
1012 1204 1067 1251 εἰς
1086 1202 1133 1245 τὸ
1155 1201 1254 1244 εἶναι
1275 1200 1454 1257 πρόοδον
1475 1205 1542 1245 καὶ
1562 1203 1637 1258 τὴν
1659 1217 1691 1252 Ε

183 1270 240 1320 εἷς
265 1267 396 1312 ἀΐδιον
425 1268 633 1327 ἕκφανσιν.
702 1272 769 1314 καὶ
795 1270 833 1313 οἱ
859 1271 934 1325 μὲν
950 1275 1082 1313 ταῦτα
1102 1270 1284 1327 λέγοντες
1304 1273 1360 1320 εἷς
1381 1271 1496 1321 τέλος
1516 1270 1642 1315 ἀνθί-

182 1400 288 1436 sortio
310 1401 568 1447 praehabentes.
603 1407 681 1448 post
703 1403 850 1449 aliquam
873 1403 907 1437 in
929 1403 981 1438 his
1005 1403 1173 1438 aerumnis
1195 1414 1322 1438 moram
1345 1402 1510 1438 emollitos
1533 1415 1640 1449 expe-

180 1447 307 1482 rientia
328 1447 490 1482 malorum
513 1448 667 1483 arbitrati
689 1450 747 1495 qui
771 1450 963 1491 decerent,
988 1461 1119 1483 rursum
1142 1461 1201 1483 eos
1224 1453 1382 1491 vocatos,
1406 1449 1527 1495 ecquid
1549 1450 1638 1484 resi-

182 1493 356 1538 puissent,
380 1492 647 1538 interrogabant.
681 1507 721 1529 ac
745 1507 819 1529 cum
843 1495 972 1529 crebris
994 1495 1306 1540 percontationibus
1329 1495 1517 1529 istiusmodi
1539 1507 1640 1530 unam

182 1549 317 1583 semper
347 1539 552 1584 eandemque
574 1540 720 1575 invictae
740 1541 880 1575 indicem
904 1541 1116 1575 constantiae
1146 1541 1394 1587 responsionem
1416 1547 1638 1586 opponerent,

182 1584 302 1618 adesse
332 1589 464 1629 tempus
497 1590 669 1620 extremae
703 1587 848 1632 denique
881 1586 923 1621 iis
954 1587 1186 1632 expugnandis
1216 1586 1444 1621 admovendae
1463 1587 1639 1621 machinae

181 1629 239 1674 qui
262 1630 424 1671 hactenus
448 1631 575 1665 frustra
598 1635 770 1666 tentarant
789 1633 875 1675 rati,
898 1633 1137 1667 denuntiarunt
1159 1632 1335 1666 minaciter
1350 1632 1457 1678 ipsis,
1481 1633 1639 1667 viderent

181 1674 284 1709 etiam
317 1679 422 1720 atque
451 1676 551 1710 etiam
582 1678 661 1722 quid
694 1683 835 1722 agerent
857 1690 968 1724 quove
992 1683 1147 1712 ruerent:
1180 1690 1245 1712 non
1268 1678 1355 1712 enim
1378 1684 1450 1712 tam
1471 1678 1638 1723 pertinaci

179 1721 393 1756 recusatione
424 1722 565 1767 parendi
597 1724 700 1757 solam
733 1735 791 1757 eos
818 1724 1069 1758 inobedientiae
1093 1724 1222 1768 culpam
1245 1723 1438 1765 incurrere,
1467 1724 1527 1758 sed
1550 1723 1640 1757 indi-

180 1765 265 1800 cium
299 1767 464 1811 praebere
495 1767 649 1803 idoneum
683 1770 830 1804 criminis
862 1770 965 1804 multo
991 1769 1172 1815 gravioris.
1219 1770 1297 1803 hinc
1318 1769 1448 1804 scilicet
1470 1780 1640 1813 apparere

178 1811 365 1856 persistere
395 1812 505 1847 adhuc
533 1813 611 1848 illos
640 1815 673 1848 in
705 1815 746 1849 iis
776 1827 865 1860 quae
890 1821 1022 1850 statuta
1045 1815 1168 1849 dudum
1193 1827 1300 1860 nuper
1321 1814 1466 1848 rescissa
1487 1815 1638 1856 fuerant,

182 1862 219 1891 et
240 1869 315 1891 cum
335 1869 374 1892 se
395 1859 557 1893 recedere
579 1861 622 1894 ab
643 1860 686 1894 iis
707 1861 889 1906 redireqne
911 1862 953 1895 ad
977 1861 1222 1906 professionem
1253 1861 1423 1905 antiquam
1444 1859 1639 1903 significas-

182 1909 279 1946 sent,
300 1903 386 1937 falso
400 1903 435 1936 id
452 1904 646 1948 simulasse,
668 1918 754 1940 voce
776 1907 953 1940 dumtaxat
974 1908 1090 1952 pravis
1113 1906 1262 1940 decretis
1284 1905 1537 1948 renuntiantes,
1558 1904 1638 1950 qui-

178 1947 243 1981 bus
265 1959 353 1982 nunc
374 1949 484 1983 adhuc
507 1962 580 1984 cum
603 1951 743 1986 maxime
765 1956 839 1986 toto
862 1953 971 1986 animo
994 1953 1182 1986 haererent.
1230 1963 1317 1996 quae
1339 1962 1395 1984 res
1417 1956 1564 1995 quantae
1582 1951 1638 1984 in-

177 1992 292 2027 vidiae
303 1994 500 2039 '‘quantique
526 2000 618 2030 esset
647 1997 809 2041 periculi,
842 1999 1022 2031 aestimare
1044 1998 1137 2042 ipsos
1159 2001 1291 2031 maturo
1313 1995 1436 2029 iudicio
1458 2006 1524 2041 par
1548 2007 1636 2030 esse.

179 2049 223 2071 ne
254 2038 340 2072 haec
373 2040 505 2084 quidem
533 2041 603 2075 illis
632 2041 846 2076 inflectendis
875 2044 1024 2076 valuere.
1071 2042 1189 2076 audita
1224 2042 1351 2087 quippe
1380 2040 1636 2076 comminatione

178 2083 247 2118 ista
269 2083 403 2126 ultima,
425 2085 640 2120 declararunt
660 2088 760 2121 malle
782 2100 821 2122 se
843 2089 1019 2122 subiacere
1039 2087 1193 2121 innoxios
1215 2087 1397 2132 suspicioni
1417 2087 1635 2122 fundamento

180 2129 327 2170 carenti,
361 2141 463 2175 quam
494 2136 648 2175 apertum
681 2133 853 2167 horrorem
885 2133 1054 2168 manifesti
1084 2132 1200 2166 delicti
1232 2133 1321 2166 ultro
1356 2132 1568 2167 consciscere
1590 2133 1634 2167 iis

177 2175 419 2209 subscribendo
441 2187 530 2220 quae
550 2176 757 2220 ignorarent.
803 2183 879 2212 erat
910 2178 998 2212 enim
1029 2178 1117 2212 inter
1138 2178 1206 2212 alia
1229 2178 1266 2212 in
1288 2183 1379 2212 tomo
1402 2177 1462 2224 qui
1483 2179 1634 2213 subscri-

176 2221 306 2255 bendus
336 2220 418 2266 ipsis
448 2222 694 2256 obtrudebatur
723 2224 886 2268 quaedam
916 2223 1081 2268 expositio
1103 2224 1292 2258 sententiae
1314 2224 1408 2269 prius
1429 2228 1634 2258 memoratae

177 2265 246 2300 divi
278 2266 499 2308 Damasoeni,
536 2267 588 2301 sic
618 2279 656 2301 se
687 2269 815 2302 habens
847 2269 908 2303 “si
931 2280 1017 2302 vero
1039 2280 1061 2302 a
1082 2276 1209 2304 summo
1242 2269 1399 2314 theologo
1421 2269 1633 2304 Damascene

176 2313 369 2356 reperiatur
392 2313 502 2346 dictus
528 2318 628 2358 pater
650 2314 770 2348 Sancti
793 2314 945 2360 Spiritus
967 2314 1170 2360 προβολεός
1190 2315 1373 2360 productor
1396 2327 1459 2361 per
1480 2316 1633 2356 verbum,

175 2356 265 2391 haud
297 2358 398 2402 plane
426 2359 495 2392 ista
523 2358 647 2392 locutio
677 2359 871 2404 significare
900 2359 973 2393 vult
1007 2361 1125 2395 Sancti
1148 2361 1296 2406 Spiritus
1322 2361 1572 2406 processionem
1595 2360 1632 2393 in

175 2405 360 2437 extantiam
382 2404 442 2437 sed
465 2405 499 2438 in
521 2409 693 2439 aeternam
714 2405 1099 2450 exsplendescentiam'.’'
1145 2407 1209 2440 hoc
1232 2411 1344 2441 autem
1367 2407 1446 2452 quid
1470 2406 1536 2440 sibi
1559 2405 1634 2439 vel-

174 2447 248 2490 let,
282 2460 492 2494 nequaquam
514 2461 553 2484 se
577 2461 701 2495 capere
723 2450 880 2493 aiebant,
912 2452 1190 2497 quaerebantque
1223 2453 1404 2486 monstrari
1424 2453 1489 2486 sibi
1511 2450 1633 2485 discri-

174 2504 250 2527 men
271 2495 498 2538 processionis
521 2500 558 2529 et
579 2499 739 2530 aeternae
761 2496 1112 2542 exsplendescentiae‚
1132 2503 1171 2532 ut
1192 2498 1242 2532 sic
1265 2509 1379 2531 earum
1401 2509 1521 2531 vocum
1544 2497 1632 2530 alte-

174 2549 247 2572 ram
269 2539 478 2583 abiicerent,
510 2541 650 2575 alteram
672 2542 970 2587 amplecterentur.
1014 2554 1103 2577 nunc
1125 2544 1214 2577 enim
1236 2544 1336 2589 plane
1358 2554 1524 2588 apparere
1545 2541 1633 2586 ipsis

173 2583 241 2618 ista
263 2586 429 2619 vocabula
454 2593 566 2620 mutuo
590 2587 864 2634 aequipollentia,
891 2599 955 2622 nec
968 2588 1044 2632 plus
1063 2589 1212 2624 minusve
1234 2589 1428 2633 significare
1450 2587 1631 2633 quidquam

174 2630 422 2674 processionem
443 2631 478 2665 in
501 2632 684 2666 extantiam
706 2645 805 2678 quam
829 2633 1077 2678 processionem
1099 2635 1135 2668 in
1158 2639 1331 2669 aeternam
1353 2634 1632 2679 exsplendescen-

175 2673 271 2708 tiam.
317 2675 468 2710 ultimum
501 2678 565 2711 hoc
595 2678 661 2712 snit
691 2689 888 2723 responsum
919 2679 1154 2726 plerorumque
1177 2692 1219 2714 ex
1243 2681 1313 2721 his,
1345 2680 1449 2713 fixum
1479 2678 1633 2711 indicans

174 2720 381 2764 propositum
411 2721 447 2755 in
480 2734 547 2767 quo
576 2723 620 2756 ad
651 2723 752 2757 finem
775 2735 883 2769 usque
902 2724 1099 2770 perstitere.
1142 2726 1278 2771 quidam
1301 2725 1359 2759 alii
1381 2725 1424 2758 ad
1448 2727 1549 2768 pacta
1571 2722 1633 2756 ‹le-

173 2765 397 2800 scenderunt:
429 2767 602 2802 declarato
624 2769 711 2803 enim
735 2780 774 2803 se
795 2770 886 2816 quod
906 2771 1133 2816 poscebantur
1155 2773 1326 2812 facturos,
1358 2769 1533 2803 dummodo
1564 2767 1631 2803 sibi

229 2816 405 2863 Georgius
433 2819 655 2864 Pacbyrneres
682 2821 736 2855 11.
1327 2820 1354 2859 8
