1820 3112
319 169 404 212 -DE
437 165 767 210 ANDRONICO
800 166 1173 211 PALAEOLOGO
1209 167 1255 212 L.
1284 166 1360 212 III.
1473 167 1573 214 273

250 242 259 266 u

109 281 314 341 ἀσφαλέσι
340 282 498 325 πίστεσι
516 277 701 337 σύζυγον.
772 277 850 335 εἶχε
876 279 920 323 δ’
942 277 1084 336 ἑτέραν
1102 275 1270 337 πρώην,
1308 279 1385 337 τὴν
1402 284 1479 325 τοῦ
1497 283 1574 325 δυ-

107 356 226 396 σικοῦ
254 347 637 406 σεβαστοκράτορος
650 346 838 392 Ἰωάννου
869 348 1106 405 θυγατέρα,
1134 350 1202 392 καὶ
1224 348 1305 406 πρὸ
1322 347 1474 405 ταύτης
1495 349 1572 394 ἅλ-

109 425 185 476 λην
206 419 258 475 ἢν
280 419 532 474 ἀποστέρξας
549 417 654 473 παρ’
687 417 880 471 οὐδεμίαν
913 418 1048 460 αἰτίαν
1063 416 1252 473 εὔλογον,
1282 417 1400 476 ἀφεὶς
1418 419 1570 475 ἐκείνην

109 489 186 544 τὴν
215 486 388 542 νόμιμον
419 485 613 539 πάντως,
652 490 704 543 τῇ
739 490 815 528 τοῦ
844 483 1036 528 Ἰωάννου
1074 485 1348 539 συμπλέκεται
1376 489 1571 545 θυγατρί.
1595 490 1624 525 P
1650 492 1714 527 185

76 567 100 602 5
112 556 217 600 ἀλλὰ
230 558 296 599 καὶ
316 555 421 598 ἐσέτι
434 559 508 610 τῆς
526 555 701 607 νομίμου
722 551 854 609 ζώσης
868 551 1082 603 ἀπολύσας
1100 551 1256 609 ταύτην
1275 555 1379 610 πρὸς
1397 555 1470 599 τὸν
1489 575 1573 600 πα-

109 626 231 682 τέρα,
269 624 389 668 οὐδὲν
406 622 612 678 συμπεσὸν
632 621 734 679 ὑπὲρ
750 626 824 666 τοῦ
852 620 1007 678 ταύτης
1027 623 1263 678 διαζυγῆναι
1285 624 1467 677 δίκαιον,
1497 625 1572 681 τὴν

108 698 186 738 τοῦ
208 697 386 750 Τερτερῆ
402 689 635 748 ἐπηγάγετο,
672 693 741 734 καὶ
762 689 840 746 εἶχε
858 689 1015 747 ταύτην
1033 692 1175 747 τρίτην
1194 690 1277 734 ἀπὸ
1298 695 1374 748 τῆς
1394 693 1571 747 νομίμου

109 760 252 815 λαβών
264 775 275 786 ·
306 764 416 814 ζῶσα
433 760 510 817 γὰρ
527 758 552 815 ἦ
573 760 753 816 προτέρα
773 760 850 810 τὰς
868 760 1149 816 ἐπιγενομένας
1169 757 1437 816 παρανόμους
1460 760 1571 817 ἀπή-

109 834 257 888 λεγχεν.
329 830 466 886 ἐπείρα
496 829 632 871 τοίνυν
662 830 730 871 καὶ
757 826 885 883 μόνον
906 828 1100 882 βασιλεῦς
1126 831 1203 871 τοῦ
1221 827 1443 887 βαρβάρου
1464 830 1572 887 πρὸς

55 899 293 949 1οσπονδάς
326 897 403 952 ἤδη
426 897 659 950 κλιθέντος,
698 898 782 940 ἐπεὶ
810 899 876 940 καὶ
902 895 929 951 ἦ
951 897 1132 954 προτέρα
1151 901 1377 953 τεθνηκυΐα
1398 897 1568 954 ἠκούετο

107 970 176 1012 καὶ
195 968 241 1011 τὸ
261 966 342 1010 ἀπὸ
358 968 477 1009 τοῦδε
498 970 548 1023 τῇ
572 964 870 1023 συνοικησούσῃ
902 966 1064 1024 νομίμῳ
1092 963 1194 1009 εἶναι
1220 965 1326 1020 μετὰ
1354 966 1431 1023 τὴν
1447 965 1565 1024 πρῶ-
1586 976 1616 1012 Β

106 1054 183 1092 την
212 1037 396 1086 ἐδίδοτο,
432 1038 516 1077 τῶν
546 1035 588 1076 ἓν
616 1039 676 1093 τῷ
704 1035 856 1087 μεταξὺ
888 1032 946 1084 ὥς
981 1032 1123 1077 νόθων
1155 1033 1568 1092 ἀπηλλοτριωμένων,

107 1104 217 1162 εἶ’περ
242 1100 434 1148 ἀπολύων
459 1102 535 1158 τὴν
568 1107 643 1145 τοῦ
682 1107 863 1159 Τερτερῆ
890 1100 1273 1160 ἔπιγαμβρεύεσθαί
1303 1103 1344 1146 οἳ
1374 1102 1568 1157 βούλοιτο

107 1175 175 1216 καὶ
208 1173 310 1223 τέως
340 1170 408 1214 ἐπ’
445 1171 684 1229 αὐταδέλφῃ
713 1177 765 1230 τῇ
791 1171 972 1231 Εὖδοκίᾳ
999 1171 1080 1227 ἤδη
1104 1170 1209 1214 κατὰ
1235 1170 1312 1227 τὴν
1328 1169 1446 1216 πόλιν
1461 1172 1568 1231 οὔσῃ

54 1241 364 1298 15κεχηρωμίνῃ
391 1244 468 1283 τοῦ
493 1238 699 1283 Ἰωάννου.
769 1238 790 1283 ὁ
826 1241 871 1282 δὲ
898 1241 1025 1295 μηδὲν
1050 1236 1281 1295 μελλήσας,
1317 1239 1413 1283 ἀλλ’
1437 1238 1494 1292 ὥς
1513 1242 1567 1285 τὰ

106 1310 275 1366 μέγιστα
291 1311 358 1353 καὶ
376 1306 622 1364 ληψόμενος,
661 1308 821 1362 ἕτοιμος
839 1304 889 1363 ἦν
910 1307 982 1364 ἔφ’
1002 1306 1234 1364 ὁμολογίαις
1251 1325 1294 1351 τε
1316 1310 1383 1352 καὶ
1405 1309 1568 1366 συνθή-

107 1395 198 1428 καις
225 1378 300 1434 τὴν
326 1381 400 1419 τσῦ
433 1381 614 1433 Τερτερῆ
642 1376 1043 1432 ἀποπροσποιεῖσθαι
1073 1379 1140 1419 καὶ
1166 1376 1242 1432 τὴν
1271 1381 1347 1419 τοῦ
1366 1378 1569 1431 βασιλέως

107 1446 301 1501 δέχεσθαι
318 1443 521 1502 ἀδελφήν·
557 1445 722 1488 ἔσπευδε
739 1445 819 1502 γὰρ
838 1445 914 1495 τὰς
934 1445 1046 1501 παρὰ
1068 1450 1145 1488 τοῦ
1163 1445 1365 1498 βασιλέως
1384 1447 1565 1499 ἐλπίδας,

107 1516 176 1557 καὶ
201 1513 255 1565 ὥς
282 1512 469 1570 μεγάλων
498 1511 799 1567 ἒπιτευξόμενος
825 1512 953 1568 ἤθελε
979 1513 1028 1556 τό
1058 1511 1348 1570 συνάλλαγμα,
1384 1515 1468 1558 ἐπεὶ
1495 1517 1562 1558 καὶ
1587 1527 1617 1562 c

51 1582 213 1641 2οπρός
231 1583 306 1638 τὴν
334 1581 466 1637 ἀρχὴν
487 1582 746 1639 ἒκραδαίνετο
775 1586 850 1625 τοῦ
871 1582 1054 1639 ἀδελφοῦ
1082 1580 1297 1639 Στεφάνου
1315 1580 1570 1639 προήκοντός

106 1668 151 1695 τε
165 1656 225 1711 τῷ
241 1649 375 1710 χρόνῳ
396 1651 468 1693 καί
481 1668 525 1707 γε
547 1655 604 1709 τῷ
624 1651 766 1710 δικαίῳ
785 1650 1095 1708 προτιμωμένου
1106 1683 1120 1704 ,
1164 1652 1199 1693 εἰ
1217 1651 1398 1702 κάκεῖνος
1418 1653 1567 1707 ἔπίχω-

106 1723 178 1770 λος
207 1719 264 1764 ὢν
292 1722 359 1763 καὶ
389 1723 537 1774 μῶμον
570 1719 706 1776 φέρων
736 1721 778 1762 ἓν
807 1716 994 1774 σώματι,
1032 1719 1091 1762 ἔτι
1123 1719 1249 1762 δὲκαὶ
1267 1718 1568 1778 ἀπραγμοσύνῃ

106 1790 231 1844 συζῆν
259 1790 414 1832 ἐθέλων
423 1819 436 1839 ,
469 1785 609 1846 χώραν
637 1787 714 1844 τὴν
742 1787 885 1844 ἱκανὴν
913 1785 1213 1843 ἀποτεμόμενος
1243 1786 1378 1847 ἑαυτῷ
1397 1788 1472 1843 τὴν
1492 1793 1568 1844 τῆς

106 1942 244 1978 nubium
264 1955 329 1988 per
350 1944 406 1979 dei
428 1948 465 1978 et
488 1944 654 1979 ecclesiae
680 1944 774 1990 leges
807 1955 939 1979 cassum
966 1943 1164 1988 irritumque
1186 1941 1411 1975 indicabatur.
1455 1940 1564 1977 duxe-

105 1991 163 2022 rat
184 1988 214 2022 is
236 1989 378 2034 primum
399 1989 468 2023 ritu
485 1990 631 2034 legitimo
647 2002 799 2032 uxorem,
816 1990 911 2024 cuius
931 1994 1051 2035 postea
1073 1993 1251 2034 pertaesus
1274 1987 1346 2020 sine
1367 1987 1435 2021 ulla
1457 1999 1563 2023 causa

104 2034 228 2068 idonea
248 2034 338 2068 illam
360 2036 544 2076 abiecerat,
564 2036 695 2070 intrusa
715 2036 752 2069 in
773 2035 922 2070 viventis
943 2035 1052 2068 adhuc
1079 2035 1186 2067 locum
1202 2032 1337 2066 Ioannis
1356 2032 1391 2066 in
1408 2033 1561 2069 Occiduo

105 2084 222 2114 tractu
251 2080 531 2115 sebastocratoris
558 2081 640 2114 filia.
685 2081 744 2115 sed
776 2086 813 2115 et
842 2081 920 2115 hnic
950 2080 1070 2114 deinde
1094 2078 1169 2123 pari
1192 2078 1330 2112 leiitate
1363 2079 1563 2123 repudiatae

103 2124 334 2171 remissaeqne
366 2126 409 2160 ad
440 2129 572 2171 patrem
601 2125 761 2167 tertiam,
790 2126 832 2160 de
861 2137 930 2171 qua
951 2125 1041 2168 dixi,
1072 2123 1372 2168 superinduxerat,
1403 2124 1560 2160 Terteris

103 2171 221 2213 filiam,
243 2182 286 2205 ex
308 2182 426 2206 sorore
446 2171 591 2215 genitam
614 2171 748 2212 Asanis,
770 2170 953 2216 superstite
975 2170 1185 2204 nihilominus
1205 2169 1314 2215 prima
1333 2169 1393 2203 illa
1414 2170 1486 2205 sola
1507 2171 1560 2205 le-

104 2216 221 2261 gitima
251 2217 412 2262 coniuge3
442 2217 531 2251 unde
558 2216 670 2261 palam
698 2220 774 2250 erat
796 2218 911 2251 ambas
941 2216 1003 2249 has
1022 2215 1191 2260 posterius
1213 2218 1402 2250 attentatas
1421 2216 1559 2262 nuptias

103 2261 187 2296 nihil
217 2274 240 2297 a
272 2263 371 2298 foedo
394 2263 554 2309 pellicatu
576 2262 760 2297 destitisse.
804 2267 886 2296 tunc
907 2266 1017 2295 autem
1040 2272 1114 2295 cum
1138 2261 1223 2295 haec
1242 2261 1427 2306 imperator
1447 2262 1560 2307 agita-

102 2313 169 2351 ret,
190 2308 364 2343 acciderat
385 2309 602 2352 commodum,
624 2308 772 2342 nuntiari
792 2313 934 2342 mortem
954 2306 1044 2340 illius
1066 2305 1212 2341 mulieris
1233 2317 1323 2352 quae
1342 2307 1451 2352 prima
1474 2309 1557 2343 crali

103 2354 298 2434 ἓξὲξῖἴὲἳ
306 2366 517 2435 „33:532
524 2358 740 2435 “33312'12‘31’1„
747 2354 959 2434 ¹333&
980 2352 1317 2442 essissofflffimhffi
1335 2352 1427 2432 {¹1:13¹
1443 2364 1493 2433 ἒξ
1506 2354 1558 2434 2}-

102 2445 260 2488 gnificari
286 2450 440 2480 curasset
460 2447 664 2492 imperator,
695 2445 969 2489 adiunxissetque
991 2455 1029 2478 se
1050 2443 1098 2477 illi
1118 2455 1267 2478 sororem
1289 2410 1459 2489 psspriam
1481 2445 1556 2479 Eu-

102 2490 233 2525 dociam
254 2491 390 2526 Ioannis
416 2492 583 2526 Lazorum
614 2491 779 2538 principis
809 2490 964 2532 viduam,
994 2489 1024 2524 si
1055 2489 1158 2523 filiam
1180 2489 1358 2531 Tel-teris,
1386 2490 1443 2524 cui
1464 2491 1556 2524 nullo

104 2541 195 2570 esset
216 2536 365 2582 legitimo
387 2537 564 2572 devinctus
586 2549 686 2579 nexu,
705 2537 904 2578 dimitteret,
918 2535 1135 2575 sociaturum,
1158 2535 1288 2569 facilem
1310 2535 1402 2569 illum
1425 2535 1555 2570 invenit

104 2580 148 2614 ad
169 2582 366 2626 splendidae
386 2582 453 2628 ipsi
475 2589 577 2637 atque
598 2583 692 2618 utilis
715 2582 975 2629 propositionem
990 2580 1229 2615 admittendam
1244 2580 1432 2614 affinitatis.
1476 2592 1554 2615 nam

102 2623 192 2659 hune
213 2627 257 2662 ad
278 2628 376 2662 istam
406 2628 627 2663 condiuonem
649 2629 770 2674 cupide
791 2627 1014 2673 arripiendam
1040 2631 1178 2671 praeter
1197 2629 1334 2660 meten-a
1354 2626 1556 2660 hortabatur

105 2673 214 2705 metus
235 2684 256 2707 a
288 2674 396 2707 tratre
417 2675 537 2709 maiori
558 2675 754 2720 Stephano,
790 2673 843 2708 cui
875 2683 948 2707 cum
972 2670 1182 2716 principatus
1203 2670 1348 2706 Serbiae
1369 2676 1409 2705 ut
1429 2671 1557 2714 primo-

104 2715 217 2759 genito
240 2717 390 2752 defuncti
410 2719 511 2755 cralis
529 2720 722 2762 deberetur,
735 2719 890 2753 exclusus
910 2718 991 2752 inde
1012 2717 1043 2750 is
1065 2717 1154 2751 haud
1175 2717 1264 2752 insta
1286 2717 1330 2750 de
1353 2727 1456 2750 eausa
1476 2716 1553 2750 fue-

103 2764 170 2801 rat,
193 2762 282 2806 quod
301 2763 452 2799 nimirum
471 2765 621 2799 naturali
640 2765 761 2810 pedum
780 2765 863 2798 vitio
881 2763 1098 2797 claudicaret.
1141 2773 1183 2797 ae
1203 2763 1376 2808 patienter
1396 2761 1456 2794 ille
1476 2761 1556 2815 qui-

101 2805 190 2847 dem,
212 2806 308 2841 homo
329 2814 453 2844 natura
473 2810 576 2852 iners,
597 2811 756 2846 iniuriam
776 2811 869 2845 ferre
890 2809 1079 2852 videbatur,
1099 2808 1294 2854 assignatae
1315 2806 1383 2842 sibi
1402 2806 1552 2852 pomoni

157 2858 331 2904 Georgius
357 2861 581 2907 pachymeres
608 2863 659 2896 11.
1221 2857 1275 2898 18
