1820 3112
217 145 315 191 202
635 142 872 188 GEORGII
905 142 1254 191 PACHYMERIS

161 264 192 300 D
216 257 287 302 ἐπ’
321 257 483 306 ἐκείνοις
513 252 618 300 τόσα
637 260 778 311 λαβεῖν
798 255 953 312 ἔμελλε.
1021 258 1069 301 τὸ
1097 253 1170 302 οὖν
1187 255 1474 316 συνάλλαγμα,
1516 260 1540 306 ὃ
1561 277 1677 306 συνι-

212 331 316 371 στῖίν
339 324 486 381 ἤθελεν
498 357 512 377 ,
549 324 668 369 ἕκτου
702 320 754 381 ἦν
774 330 951 381 βαθμοῦ
981 328 1050 369 καὶ
1072 327 1115 378 ἐξ
1138 329 1335 383 αἵματος,
1371 331 1440 373 καὶ
1461 328 1615 381 παντός
1633 348 1676 387 γε

211 399 369 451 μᾶλλον
403 391 674 438 ἀπεκωλῦετο.
756 393 858 439 ὅθεν
887 396 955 438 καὶ
990 400 1050 455 τῷ
1076 396 1150 451 μὲν
1191 399 1326 457 Θωμᾷ
1351 397 1399 442 τὸ
1439 399 1677 444 δεσποτικὸν

210 464 371 518 ἀξίωμα
387 460 600 519 ζητήσασα
621 465 689 506 καὶ
707 468 911 519 λαβοῦσα,
937 464 1012 521 τὴν
1031 464 1075 508 ‹5'
1093 467 1284 509 ἐντεῦθεν
1305 463 1531 524 ἀσφάλειαν
1550 467 1676 512 ἀπελ-

209 534 392 584 πίσασα,
431 531 536 588 πρὸς
565 531 751 583 Ἰταλοὺς
777 532 943 592 ἀφορᾷ,
979 535 1047 576 καὶ
1073 534 1147 578 τὸν
1173 533 1335 591 ἔκγονον
1355 539 1430 579 τοῦ
1453 529 1708 594 Καροῦλού5

210 598 548 657 ἔπιγαμβρεῦεται
582 602 814 654 Φίλιππον,
862 601 939 645 οὐκ
966 601 1080 659 ὀλίγα
1099 607 1183 647 τῶν
1210 607 1285 659 τῆς
1297 601 1438 662 χώρας
1457 606 1526 648 καὶ
1542 602 1679 656 πόλεις

209 671 251 721 ἐς
270 675 421 728 προῖκα
443 671 577 713 δοῦσα
593 674 646 729 τῇ
667 670 864 728 θυγατρί,

66 761 96 796 Ρ
121 761 186 797 133
348 762 393 807 5.
455 759 504 804 ‘O
524 761 570 804 δὲ
588 761 783 815 βασιλεὺς
802 760 1010 819 πρέποντα
1027 759 1160 818 γάμον
1177 766 1236 822 τῷ
1256 763 1372 806 παιδὶ
1392 759 1675 821 παρεσκεύαζε.

213 832 281 874 καὶ
296 830 369 874 τὸν
387 830 462 885 μὲν
483 827 749 886 ἶερομόναχον
768 831 978 888 Σοφονίαν
990 863 1003 883 ,
1040 829 1174 887 ἄνδρα
1193 828 1326 888 σοφόν
1342 849 1387 874 τε
1408 833 1475 875 καὶ
1495 829 1676 886 συνετόν,

209 898 439 954 ἀποπέμπει
458 898 563 956 πρὸς
581 901 770 943 Πουλίαν
790 899 839 942 τὸ
861 896 1093 954 κινούμενον
1117 901 1243 955 κῆδος
1265 897 1675 957 διαπρεσβεύσεσθαι.
1689 909 1734 944 10

211 966 267 1018 ὥς
288 966 333 1011 δ’
362 967 405 1010 ἓν
437 971 496 1028 τῷ
523 968 678 1022 μεταξὺ
711 967 906 1011 ἀπελθὼν
929 964 1130 1025 περιήργει
1160 968 1318 1024 (ἐδέησε
1335 968 1414 1026 γὰρ
1432 971 1501 1012 καὶ
1522 971 1578 1020 εἷς
1595 966 1680 1012 ποῖ-

210 1055 293 1080 παν
312 1037 461 1079 ἐκεῖνον
480 1035 672 1093 γενέσθαι
684 1070 698 1090 ,
737 1035 813 1080 κᾶν
830 1035 918 1091 οὗχὶ
936 1036 1039 1092 πρὸς
1061 1037 1210 1080 ἐκεῖνον
1235 1035 1471 1094 γράμμασιν
1489 1038 1678 1081 ἱκανοῦτο

162 1113 192 1148 Β
215 1112 302 1156 τοῖς
329 1106 374 1148 ἐκ
400 1105 624 1160 βασιλέως,
671 1103 732 1156 οἷς
765 1105 846 1148 ἴδει
883 1103 1108 1162 ἁγιώτατον
1141 1103 1312 1163 γράφειν
1339 1106 1412 1149 τὸν
1438 1104 1579 1149 πᾶπαν
1611 1107 1681 1149 καὶ

209 1181 337 1231 κρῖμα
355 1173 402 1217 τὸ
422 1173 611 1230 μέγιστον
628 1174 831 1231 γίνεσθαι,
865 1172 921 1225 ὥς
939 1180 1026 1224 τοῖς
1048 1173 1252 1231 ἀσφαλέσι
1270 1174 1346 1230 τὴν
1358 1175 1493 1218 πίστιν
1513 1172 1677 1233 ἐδόκει),

207 1244 353 1286 πολλοὶ
383 1242 429 1286 δ’
460 1238 567 1298 ἦσαν
592 1243 631 1286 οἱ
659 1246 1036 1301 προσλιπαροῦντες
1063 1242 1265 1297 ἄλλοθεν,
1300 1242 1418 1287 ἔνθεν
1436 1244 1511 1299 μὲν
1536 1244 1581 1286 ἐκ
1600 1246 1676 1286 τοῦ
1689 1249 1733 1286 15

208 1313 252 1355 ἐν
268 1316 319 1370 τῇ
337 1309 499 1371 Κύπρῳ
518 1312 641 1370 ῥηγὸς
669 1311 788 1356 ἔνθεν
819 1312 864 1355 δὲ
892 1313 960 1355 καὶ
990 1310 1033 1363 ἔξ
1046 1310 1291 1370 Ἀρμενίων,
1320 1311 1373 1355 τὰ
1392 1312 1435 1356 ἐν
1459 1313 1574 1370 χερσὶ
1595 1315 1680 1356 τῶν

208 1380 564 1438 προσδοκωμένων
594 1378 841 1436 ποιούμενος
863 1382 956 1438 περὶ
985 1381 1192 1435 πλείονος,
1239 1382 1308 1424 καὶ
1334 1379 1470 1432 ἄλλως
1498 1380 1574 1436 τὴν
1597 1378 1679 1424 ἀπὸ

205 1545 302 1590 perio
333 1543 588 1590 reiungeretur‚
624 1544 685 1580 sed
718 1548 755 1580 et
785 1545 952 1591 reliquum
973 1545 1128 1580 Thomae
1158 1545 1222 1580 filii
1252 1550 1290 1580 et
1320 1544 1522 1592 pupillorum
1543 1543 1678 1579 Ioannis
1717 1583 1732 1590 Λ

203 1591 488 1625 sebastocratoris
522 1590 769 1636 patrimonium,
792 1591 829 1625 iu
851 1591 944 1636 quod
966 1591 1033 1625 iam
1056 1596 1236 1637 utrumque
1250 1591 1383 1636 plenam
1403 1590 1480 1637 ipsa
1502 1593 1679 1625 exerceret

204 1640 424 1682 potestatem,
445 1648 521 1672 sese
543 1641 816 1681 procuraturam,
839 1637 964 1682 quibus
986 1637 1086 1672 facile
1107 1641 1225 1683 posset
1247 1648 1289 1671 ac
1311 1637 1413 1683 plane
1434 1637 1537 1672 vellet
1558 1635 1680 1679 modis,

207 1687 247 1717 ut
270 1683 332 1717 sub
355 1682 408 1717 ius
430 1682 646 1728 imperatoris
667 1686 917 1717 reverteretur.
963 1694 1034 1718 rem
1056 1683 1195 1738 insuper
1213 1688 1284 1717 tam
1300 1683 1438 1728 pellacis
1453 1694 1497 1717 ex
1519 1694 1558 1718 se
1579 1681 1680 1728 plau-

207 1728 380 1763 sibilitatis
405 1741 445 1763 eo
469 1729 598 1764 ambitu
621 1741 663 1764 ac
685 1729 810 1771 studio,
833 1730 1021 1774 adurgens,
1044 1740 1144 1774 quasi
1169 1740 1236 1763 non
1260 1729 1404 1764 offerret
1425 1728 1501 1763 aliis
1522 1729 1594 1770 illa,
1616 1727 1678 1762 sed

207 1774 275 1828 sibi
297 1779 476 1820 posceret,
510 1786 552 1810 ac
574 1787 618 1810 ex
639 1775 707 1810 isto
731 1775 887 1820 coniugio
919 1780 1146 1820 proventuras
1169 1778 1326 1820 speraret
1347 1777 1416 1810 tam
1440 1774 1569 1828 amplas
1591 1773 1679 1808 istas

207 1822 810 1914 ffissssssflussaissiffi⁰¹331essfflss
831 1823 1024 1902 ‘'effnssffi‘z?
1045 1821 1679 1902 {zssisffissssssssssssssffiffizsss

208 1914 520 1959 perseverantibus,
563 1925 672 1960 quare
694 1914 792 1948 Anna
823 1913 902 1948 hinc
933 1913 1087 1956 deiecta,
1117 1913 1228 1958 petita
1255 1912 1504 1959 impetrataque
1525 1912 1680 1946 'rhomae

208 1971 271 1994 suo
294 1960 365 1994 filio
390 1960 587 2006 despoticae
610 1960 789 1995 collatione
811 1959 1003 2007 potestatis,
1026 1959 1091 1994 alio
1114 1971 1195 2004 spes
1218 1970 1297 1994 suas
1319 1959 1438 2003 vertit,
1462 1957 1679 1993 finitimorum

210 2016 254 2039 ex
276 2005 343 2040 alia
376 2012 476 2051 parte
506 2006 670 2041 Italorum
705 2017 788 2052 opes
820 2005 1018 2052 respiciens.
1064 2005 1170 2040 filiam
1201 2005 1362 2040 videlicet
1383 2004 1539 2050 Philippo
1562 2001 1680 2038 Caroli

211 2051 330 2096 nepoti
353 2052 448 2086 dedit
471 2053 668 2098 coniugem,
694 2064 762 2088 non
784 2052 909 2098 exigua
929 2052 998 2098 ipsi
1019 2055 1189 2088 terrarum
1212 2055 1248 2087 et
1268 2051 1402 2087 urbium
1426 2049 1563 2098 paterni
1583 2048 1680 2096 prin-

212 2097 345 2143 cipatus
370 2103 469 2144 parte
493 2099 583 2134 dotis
605 2099 740 2134 nomine
761 2099 938 2134 attributa.

302 2165 336 2200 5.
381 2166 470 2201 Hinc
492 2166 559 2201 iam
582 2167 755 2213 Augustus
775 2166 932 2202 incubuit
953 2167 988 2201 in
1010 2170 1166 2202 conatum
1196 2166 1335 2211 congrui
1357 2165 1491 2200 aliunde
1513 2175 1578 2218 nec
1597 2161 1678 2197 ullis

211 2211 467 2257 exceptionibus
498 2214 635 2248 obnoxii
666 2213 810 2259 coniugii
839 2213 909 2248 filio
932 2212 1120 2248 efficaciter
1149 2215 1354 2258 strenueque
1375 2209 1589 2257 procurandl·
1635 2218 1678 2242 ac

211 2257 355 2302 primum
379 2258 514 2304 quidem
536 2260 832 2294 hieromonacbum
853 2259 1082 2306 Sophoniam,
1105 2259 1215 2294 virum
1237 2259 1424 2304 sapientem
1445 2259 1482 2291 et
1505 2255 1676 2297 solertem,

209 2302 246 2336 in
268 2303 426 2349 Apuliam
448 2305 538 2339 misit
551 2330 561 2348 ,
595 2309 634 2340 ut
665 2317 744 2351 spes
766 2306 841 2340 eius
863 2306 998 2350 generis
1020 2305 1101 2340 inde
1122 2309 1258 2340 ostensa
1280 2303 1403 2349 ecquid
1423 2301 1610 2337 succedere
1626 2299 1678 2354 'ad

210 2352 328 2383 votum
350 2355 467 2395 posset
488 2352 714 2396 experiretur.
759 2352 837 2397 plus
865 2352 914 2386 ibi
944 2362 1111 2386 morarum
1143 2362 1244 2396 quam
1266 2350 1466 2394 speraverat
1487 2346 1679 2393 Sopbomu

209 2395 352 2440 reperit.
399 2396 464 2430 fuit
490 2397 576 2431 euim
598 2398 648 2431 illi
671 2397 816 2432 eundum
848 2398 892 2432 ad
915 2409 1056 2444 papam,
1092 2396 1136 2431 ad
1158 2407 1256 2441 quem
1278 2399 1391 2429 tamen
1412 2393 1523 2428 literis
1546 2392 1590 2427 ab
1613 2391 1679 2426 im-

210 2445 371 2486 peratore
394 2442 553 2488 scriptis,
584 2446 687 2489 prout
710 2447 929 2489 oportuerat,
967 2455 1032 2477 non
1065 2444 1178 2476 fuerat
1200 2442 1397 2476 instructus.
1442 2450 1506 2473 nec
1527 2438 1679 2472 latuerat

211 2487 442 2522 Andronicum
464 2499 563 2533 quam
586 2492 795 2535 opportunae
818 2489 862 2523 ad
884 2488 1131 2534 expeditionem
1150 2487 1278 2532 negotii
1293 2486 1380 2520 tales
1401 2485 1523 2520 literae
1543 2485 1677 2519 forent:

212 2532 274 2567 sed
297 2533 376 2578 quia
399 2534 550 2568 scribere
573 2546 683 2581 papae
705 2546 773 2569 non
806 2539 924 2580 posset
945 2534 1012 2568 nisi
1036 2545 1112 2568 eum
1135 2531 1338 2567 sanctissimi
1358 2532 1457 2566 titulo
1480 2531 1556 2576 ipsa
1577 2529 1613 2564 in
1633 2526 1679 2563 li-

213 2581 363 2614 terarum
384 2579 605 2624 inscriptione
629 2581 886 2622 cohonestaret,
919 2580 1044 2614 crimen
1068 2590 1106 2614 se
1137 2579 1382 2621 conscituru1n‚
1419 2577 1450 2612 si
1479 2576 1514 2610 id
1537 2577 1680 2617 faceret,

213 2624 370 2671 putavit,
401 2625 493 2672 quod
521 2625 572 2660 ita
602 2627 662 2671 qui
696 2626 970 2662 observantiores
992 2625 1163 2670 religionis
1185 2625 1419 2666 habebantur,
1452 2622 1496 2656 de
1518 2623 1583 2656 hoc
1604 2621 1678 2666 ipso

215 2671 361 2705 consulti
382 2671 641 2718 responderant.
688 2673 770 2718 quia
801 2684 883 2718 ergo
909 2671 1022 2707 multis
1055 2682 1097 2705 ex
1120 2670 1204 2705 locis
1225 2670 1299 2705 aliis
1322 2669 1439 2714 regiae
1459 2668 1611 2712 virgines
1631 2666 1678 2701 ad

214 2716 277 2750 has
300 2717 437 2763 nuptias
460 2717 615 2752 certatim
637 2718 888 2762 offerebantur,
920 2718 971 2752 uti
1002 2728 1024 2752 a
1053 2716 1191 2762 regibus
1213 2716 1290 2750 hinc
1314 2714 1423 2761 Cypri
1454 2714 1535 2749 inde
1557 2715 1678 2748 Arme-

217 2762 315 2807 niae,
338 2763 400 2798 has
427 2776 448 2799 e
470 2763 592 2798 vicinia
613 2764 701 2799 ultro
724 2765 761 2798 in
789 2775 907 2799 manus
929 2769 1145 2799 occurrentes
1168 2762 1452 2809 longinquioribus
1473 2761 1540 2795 illis
1562 2763 1599 2794 et
1620 2757 1678 2793 diu

216 2809 435 2854 expectandis
456 2810 678 2855 praehabuit,
712 2822 753 2845 ea
777 2811 877 2845 etiam
901 2810 943 2845 ad
966 2809 1001 2845 id
1024 2814 1135 2844 motus
1158 2820 1282 2852 causa,
1313 2807 1403 2855 quod
1427 2807 1457 2843 si
1479 2817 1594 2842 curam
1616 2805 1679 2840 ob-
