1858 3126
480 184 584 228 Lm.
617 182 692 228 m.
760 180 1240 228 GHRONOLOGICUS.
1491 182 1591 228 ‘78⁷

138 294 324 346 collegam
358 293 615 345 principatus.
682 295 843 344 apparet
864 291 986 342 igitur
1009 291 1088 330 iam
1109 296 1195 331 tum
1221 291 1289 330 illo
1315 303 1419 330 auno
1447 290 1590 331 Christi

138 353 248 393 1298
276 356 457 388 evectum
488 362 511 386 a
542 355 654 400 patre
679 348 719 386 in
741 360 961 387 consessum
986 347 1152 399 Augusti
1174 347 1260 386 solii
1279 347 1397 386 fuisse
1414 347 1588 386 Michae-

135 406 233 445 lem:
260 407 372 454 licet,
400 406 503 444 sorte
522 411 686 456 propter
702 410 905 442 nutantem
928 403 996 442 illo
1018 417 1122 442 anno
1142 403 1388 456 patriarchae
1409 403 1589 443 Athana-

136 462 183 500 sii
200 475 295 500 mox
314 461 559 500 exauctorati
578 461 818 511 dignitatem,
847 459 1103 499 differendam
1124 460 1374 499 Andronicus
1390 460 1591 512 putaverit

136 518 364 570 imperantis
389 530 522 555 secum
547 530 597 555 ex
626 524 724 554 tunc
748 516 819 554 filii
846 515 1037 554 celebrem
1065 516 1399 567 inaugurationem
1427 516 1470 554 in
1490 515 1591 557 illud

136 580 292 625 tempus
311 587 389 624 quo
411 584 538 611 novus
561 571 783 624 patriarcha
803 572 966 610 Ioannes
985 573 1141 611 Cosnias
1162 573 1203 610 in
1225 572 1340 624 pleno
1362 585 1408 610 ac
1426 572 1590 624 pacifico

136 630 289 680 aliquot
306 630 385 668 iam
407 629 602 667 mensibus
619 624 850 680 perstitisset
869 628 1054 666 exercitio
1082 627 1353 680 patriarchalis
1372 629 1591 680 potestatis,

137 691 179 724 et
200 685 252 723 ad
273 686 534 736 augustiorem
558 685 674 722 istam
694 684 950 723 ceremoniam
972 684 1217 723 reddendam
1241 691 1469 736 expectatus
1490 690 1590 722 esset

138 742 220 780 dies
238 741 486 780 Constantini
502 741 709 792 Byzantini
726 741 878 792 imperii
901 739 1122 779 fundatoris
1139 740 1406 779 anniversaria
1426 740 1590 778 celebri-

135 803 218 836 tate
239 798 409 848 insignis.
464 797 623 848 nuptiae
651 796 793 834 deinde
815 796 987 835 eiusdem
1014 796 1211 836 Michaelis
1232 796 1397 847 Augusti
1427 797 1589 835 iunioris

137 867 227 892 cum
248 853 371 892 Maria
396 853 475 891 filia
494 854 594 904 regis
612 852 835 902 Armeniae,
864 852 892 891 l.
915 855 941 894 3
968 866 1000 890 c.
1017 854 1043 895 5
1074 859 1113 892 et
1137 857 1162 895 6
1188 866 1211 891 a
1243 858 1376 890 nostro
1399 851 1587 891 historico

137 909 302 959 relatae,
329 909 380 947 ad
400 908 502 947 diem
527 912 579 951 16
602 908 774 947 Ianuarii
800 907 892 947 anni
908 907 1054 948 Christi
1076 913 1183 953 1296
1212 909 1433 962 pertinent,
1466 914 1587 960 prout

137 977 188 1004 ex
205 966 304 1005 serie
320 978 455 1005 rerum
471 965 513 1003 in
529 965 688 1017 synopsi
705 970 978 1004 monstramus,

607 1103 960 1157 CAPUT
1030 1104 1120 1156 1v.

191 1199 256 1237 De
274 1196 439 1238 Ioannis
460 1198 627 1237 Cosmae
637 1199 942 1251 patriarchatu,
967 1206 1004 1237 et
1023 1199 1274 1236 restitutione
1290 1197 1530 1239 Athanasii.

184 1319 187 1323 ·
247 1298 277 1338 I.
331 1299 438 1338 luter
455 1295 657 1338 Athanasii
683 1296 1106 1351 Constantinopolitani
1133 1295 1376 1350 patriarchae
1402 1299 1587 1337 deiectio-

135 1367 226 1392 nem
241 1366 262 1392 e
277 1352 424 1394 throno
442 1362 482 1394 et
497 1357 785 1394 restitutionem
803 1357 843 1394 in
860 1354 1049 1394 thronum
1064 1355 1219 1392 Ioannis
1235 1355 1395 1392 Cosmae
1412 1356 1585 1406 patriar—

134 1406 276 1449 chatus
292 1410 524 1460 infinditur,
552 1412 686 1450 multis
705 1408 1039 1450 vicissitudinibus
1062 1411 1218 1458 varius,
1245 1424 1316 1462 per
1335 1424 1431 1461 quas
1453 1417 1585 1449 tamen

134 1472 198 1504 sat
213 1467 327 1517 longo
344 1468 469 1518 spatio
489 1467 660 1506 duravit.
718 1468 798 1506 eius
814 1478 891 1518 qua
906 1466 1076 1505 ineuntis
1095 1479 1172 1517 qua
1191 1466 1401 1505 desinentis
1422 1467 1585 1505 definire

133 1528 356 1572 momenta,
392 1524 590 1574 spatiaque
618 1524 740 1562 totius
766 1523 984 1562 durationis
1012 1528 1149 1560 exacte
1181 1522 1371 1572 dimetiri,
1402 1536 1494 1561 cum
1526 1528 1586 1560 est

132 1575 252 1617 huius
268 1578 456 1617 historiae
473 1579 613 1618 callere
634 1579 923 1631 chronologiam
932 1579 1080 1617 volenti
1095 1579 1366 1627 necessarium,
1380 1582 1466 1617 tum
1480 1577 1585 1616 idem

132 1640 296 1686 propter
318 1635 582 1674 confusionem
601 1635 786 1688 perplexe
806 1636 1168 1687 mistarumrerum
1186 1633 1440 1685 histon'cique
1458 1635 1585 1672 nostri

135 1691 352 1741 ambiguam
375 1692 515 1730 alicubi
543 1692 592 1730 de
618 1691 678 1730 his
700 1692 996 1730 affirmationem
1013 1689 1122 1728 haud
1147 1703 1239 1728 sane
1263 1690 1426 1728 obvium
1449 1691 1585 1728 facile-

133 1759 211 1796 que
232 1747 431 1798 explicatu
450 1749 535 1786 sore
559 1748 795 1800 sperandum
814 1754 893 1799 est,
922 1748 1058 1786 lectori
1085 1746 1312 1798 praesertim
1339 1746 1509 1798 primum
1532 1746 1584 1784 ad

131 1802 230 1840 haec
250 1803 471 1841 advertenti
490 1810 530 1842 et
547 1804 724 1855 defungi,
756 1810 803 1842 ut
820 1805 902 1843 fere
926 1804 985 1853 fit,
1012 1803 1139 1841 obiter
1162 1802 1316 1853 cupido.
1373 1796 1491 1839 huius
1515 1811 1583 1851 ego

134 1858 267 1895 studio
285 1864 331 1895 ut
355 1871 428 1909 pro
447 1860 523 1898 mei
547 1861 700 1897 ratione
719 1861 838 1898 officii
865 1860 1053 1907 serviam,
1082 1862 1225 1895 cuncta
1248 1852 1314 1895 hic
1332 1857 1415 1895 eius
1434 1857 1585 1908 generis

135 1925 251 1963 quam
274 1913 497 1951 brevissime
518 1920 557 1952 et
578 1916 786 1953 clarissime
804 1922 939 1966 potero
957 1925 1163 1965 exponam.

245 1968 295 2007 11.
351 1969 406 2006 ld·
423 1970 549 2019 agenti
576 1976 665 2008 ante
691 1972 820 2008 omnia
850 1970 1175 2007 considerandum
1204 1967 1397 2015 occurrit,
1426 1965 1533 2016 quod
1559 1979 1582 2003 a

133 2023 370 2075 Pacbymere
394 2026 584 2076 scriptum
615 2031 726 2063 extat
754 2038 795 2076 p.
815 2028 897 2067 368
918 2038 960 2066 V.
979 2028 1028 2072 2,
1071 2023 1327 2062 Athanasium
1359 2023 1582 2073 expatriar-

133 2079 268 2130 cham,
295 2081 452 2130 quando
474 2093 562 2118 eum
586 2081 647 2119 die
670 2081 839 2119 Ianuarii
858 2080 1004 2118 decima
1028 2093 1132 2117 nona
1147 2079 1360 2130 imperator
1379 2077 1583 2117 Androni-

135 2149 204 2174 cus
220 2149 310 2173 cum
328 2137 514 2188 episcopis
538 2143 576 2174 et
595 2137 739 2188 populo
762 2137 967 2183 convenit,
995 2135 1223 2185 transegisse
1237 2136 1279 2173 in
1299 2135 1366 2173 illo
1383 2141 1582 2173 monaste-

128 2192 186 2231 rii
207 2205 358 2230 secessu
380 2205 502 2230 annos
528 2193 681 2240 decem,
711 2192 840 2230 minus
868 2202 1007 2229 novem
1035 2191 1242 2229 mensibus.
1297 2191 1338 2228 in
1362 2203 1408 2228 eo
1437 2195 1583 2228 asserto

135 2248 207 2286 sibi
227 2249 374 2299 egregie
402 2254 556 2286 constat
574 2249 804 2286 historicus:
835 2247 990 2285 dixerat
1014 2247 1117 2284 enim
1144 2260 1182 2298 p.
1205 2250 1283 2288 177
1302 2259 1340 2285 v.
1358 2249 1384 2288 8
1399 2245 1580 2284 Athanas-

135 2305 258 2354 sium,
285 2305 511 2342 renuntiato
531 2303 820 2354 patriarchatu,
847 2302 1083 2340 monasterio
1103 2301 1283 2340 Cosmidii
1307 2302 1423 2340 fuisse
1447 2303 1577 2340 inclu-

131 2373 222 2398 sum
251 2360 314 2398 die
343 2363 394 2401 16
413 2361 613 2409 Octobris,
643 2373 729 2398 cum
748 2365 839 2397 ante
859 2371 980 2396 annos
1000 2364 1171 2407 quatuor
1191 2357 1253 2395 die
1271 2364 1412 2408 quarta
1429 2358 1577 2396 decima

135 2417 276 2454 mensis
295 2416 464 2454 eiusdem
487 2415 772 2468 patriarchatus
793 2414 1068 2466 possessionem
1089 2414 1256 2452 adiisset.
1312 2420 1395 2453 erat
1418 2410 1484 2452 ille
1505 2427 1577 2450 an-

127 2483 221 2521 nus,
249 2485 326 2522 quo
344 2472 577 2510 Athanasius
595 2474 636 2510 in
650 2470 924 2510 monasterium
942 2469 1126 2507 Cosmidii
1139 2482 1162 2507 e
1175 2469 1414 2521 patriarchio
1428 2470 1574 2519 migra-

127 2529 206 2574 vit,
233 2528 379 2566 Christi
401 2542 513 2566 aerae
535 2531 655 2576 1293,
683 2533 802 2578 prout
818 2527 858 2564 in
870 2526 1038 2577 synopsi
1055 2523 1279 2564 subiicimus
1302 2526 1447 2566 oculis:
1478 2525 1577 2562 alter

136 2589 262 2635 autem
282 2596 419 2632 annus,
448 2585 558 2623 cuius
576 2583 741 2622 Ianuarii
765 2585 815 2623 19
836 2587 1053 2620 conventus
1068 2581 1151 2620 illic
1165 2582 1268 2620 idem
1284 2581 1333 2619 ab
1354 2580 1578 2619 Andronico

135 2637 371 2677 Athanasius
388 2641 484 2690 suit,
513 2640 555 2678 in
575 2640 710 2678 eadem
728 2638 874 2676 Christi
898 2647 986 2675 aera
1008 2637 1092 2675 sine
1117 2637 1235 2676 dubio
1254 2637 1478 2675 millesimus
1493 2642 1578 2673 tre-

128 2695 364 2733 centesimus
389 2701 554 2746 quartus
570 2695 863 2734 numerabatur.
919 2694 1010 2744 quia
1028 2705 1124 2732 vero
1150 2706 1279 2732 nonus
1298 2705 1423 2730 annus
1443 2691 1578 2742 privar-

134 2754 200 2785 tae
221 2751 535 2790 commorationis
553 2751 755 2790 Athanasii
777 2750 884 2802 apud
904 2748 1179 2788 monasterium
1199 2747 1380 2786 Cosmidii
1397 2747 1578 2787 evolutus

128 2804 264 2843 suerat
281 2806 345 2844 die
367 2809 418 2849 16
436 2806 620 2845 Octobris
646 2807 739 2845 anni
761 2805 1025 2858 praecedentis
1041 2803 1185 2844 Christi
1210 2803 1402 2845 millesimi
1420 2809 1578 2843 trecen-
