1820 3112
387 152 465 194 DE
497 151 831 196 ANDRONICO
869 149 1244 195 PALAEOLOGO
1273 151 1321 194 L.
1349 149 1383 193 1.
1537 149 1633 196 107

169 263 263 310 τότε
287 270 497 316 παντελῶς
521 266 821 323 διεφθείροντο.
846 262 851 265 ’
887 268 1029 319 κτῆσις
1058 265 1104 308 δὲ
1133 261 1291 308 τούτων
1310 262 1337 320 ἦ
1358 263 1435 318 μέν
1456 261 1635 320 διηρπά-

170 337 284 387 ζετο,
320 332 348 390 ἦ
369 334 416 377 δέ
434 351 476 390 γε
498 337 564 376 καὶ
585 339 779 389 περιοῦσα
802 337 935 382 κακῶς
957 330 1261 388 παραπώλλυτο
1271 366 1285 386 ,
1321 331 1426 376 ὥστε
1442 333 1502 388 μὴ
1522 334 1634 382 οἵους

170 403 212 446 τ’
235 401 336 446 εἶναι
356 403 589 459 ἐγχρονίζειν
607 404 709 454 ἐκεῖ,
745 401 851 444 ἀλλὰ
870 405 946 444 τοῦ
967 406 1095 443 κακοῦ
1116 399 1464 457 παραδραμόντος
1481 400 1635 451 αὐτοὺς

169 473 237 514 καὶ
256 466 381 521 αὖθις
400 472 474 525 τὴν
493 473 601 514 ι’δίαν
625 467 955 523 ἀπολαμβάνειν,
993 474 1154 524 συχνῶν
1172 472 1355 525 χρυσίων
1382 474 1636 523 καταβολαῒς

137 540 505 594 5ἓξωνησαμένους
530 539 604 594 τὴν
632 540 854 582 κατοικίαν.
921 536 1014 580 τότε
1044 539 1089 580 δὲ
1112 540 1250 588 δείσας
1279 540 1345 580 καὶ
1368 541 1457 593 περὶ
1479 543 1539 596 τῷ
1559 543 1635 582 τοῦ
1657 541 1689 575 Β

167 609 368 662 βασιλέως
387 606 547 661 σώματι
568 605 589 650 ὅ
609 611 796 663 κρατῶν,
824 605 881 660 μὴ
901 604 1136 657 ἐξελθόντες
1153 607 1191 649 οἱ
1209 604 1374 650 Σκύθαι
1390 609 1457 648 καὶ
1475 607 1545 650 τὸν
1562 605 1636 650 τό-

167 694 246 718 πον
275 674 608 731 καταδραμόντες
635 676 712 718 σῦν
740 679 906 724 πολλοῖς
934 675 1072 724 ἄλλοις
1089 677 1155 717 καὶ
1181 680 1305 718 τοῦτο
1327 673 1547 728 λαβόντες,
1563 675 1635 730 ’ἢν

166 742 226 798 μή
254 761 317 794 τις
346 748 500 787 πολλοῦ
533 745 742 796 ἐξωνοΐτο,
782 741 837 792 ὥς
867 743 1007 794 αὐτοῖς
1034 742 1146 794 δόξοι
1167 744 1380 797 βασιλικὸν
1401 749 1524 798 σῶμα
1546 762 1635 788 πω-

168 817 332 865 λοῦσιν,
369 810 590 867 αἰσχύνωσι
610 814 676 855 καὶ
696 810 979 866 λυμήνωνται,
1013 813 1183 867 πέμψας
1207 817 1282 867 τῆς
1304 814 1378 867 μὲν
1398 815 1487 868 περὶ
1509 813 1633 856 ε’κεΐνο

114 891 159 924 10
169 885 355 938 φυλακῆς
372 882 469 931 τούς
489 883 574 924 ἐκεῖ
586 881 683 924 ἀνίει
696 914 710 934 ,
749 875 806 924 ὧν
833 885 996 936 πρῶτος
1014 876 1063 935 ἦν
1084 879 1105 924 ὃ
1128 883 1317 936 ἐκτομίας
1335 881 1635 936 Ἠονοπολίτης

169 951 236 991 καὶ
254 950 382 1005 με’γας
401 948 667 1005 δρουγγάριος
680 982 692 1001 ,
731 949 775 998 ὃς
794 951 860 991 καὶ
881 949 953 991 τὸν
976 947 1241 1005 ἱερομόναχον
1255 949 1506 993 Ἀθανάσιον
1527 950 1634 992 κατὰ

166 1017 220 1060 τὰ
240 1022 314 1060 τοῦ
335 1021 376 1060 Γ
373 1016 471 1060 άνου
494 1018 569 1074 ὅρη
590 1019 899 1074 ἐνδιατρίβοντα
910 1050 923 1070 ,
961 1016 1159 1075 πρότερον
1181 1023 1240 1076 τῷ
1260 1017 1627 1078 πορφυρογεννῆτῳ
1652 1022 1684 1057 C

167 1086 456 1139 συσταθέντα,
501 1086 603 1142 παρ’
637 1081 686 1130 οὗ
713 1103 756 1142 γε
787 1087 854 1128 καὶ
882 1091 1050 1129 πλεῖστα
1082 1087 1345 1147 εὐηργέτητο,
1383 1092 1441 1146 τῷ
1473 1092 1641 1142 βασιλεῖ

168 1159 354 1213 συνιστᾷ.
422 1154 469 1197 τὸ
498 1155 614 1211 δέήέ
643 1160 765 1208 σῶμα
798 1154 1049 1209 προστάσσει
1072 1157 1274 1212 σε’ροντας
1294 1160 1344 1213 τῇ
1368 1156 1474 1198 κατὰ
1497 1161 1636 1211 Σηλυ·

114 1224 290 1278 ᾏὸβρίαν
318 1227 392 1266 τοῦ
425 1228 612 1280 σωτῆρος
644 1228 751 1280 μονῇ
785 1224 827 1265 ἓν
859 1223 972 1282 αὐτῷ
992 1228 1049 1281 τῷ
1069 1229 1155 1282 ναῷ
1183 1225 1288 1281 αὐτῇ
1311 1222 1483 1280 λα’ρνακι
1504 1243 1635 1268 κατα-

166 1295 317 1334 θεῖναι.
387 1293 455 1333 καὶ
474 1292 519 1335 τὸ
539 1293 614 1347 μὲν
633 1291 764 1342 οὕτως
782 1291 1061 1347 ἀνακομισθὲν
1080 1297 1154 1336 τοῦ
1171 1291 1536 1350 Βουλγαροκτόνου
1551 1299 1635 1348 βα-

261 1412 315 1446 12.
337 1407 386 1447 ταὶ
401 1410 533 1447 deerat.
671 1413 726 1448 16.
750 1411 973 1448 Βασιλείουί)

166 1525 283 1550 mmse
303 1514 450 1548 vendere
473 1514 584 1548 alieno
613 1516 785 1559 tempore,
818 1514 980 1549 vilissimo
1009 1514 1143 1561 pretio,
1175 1515 1396 1560 cogebantur.
1444 1517 1633 1552 accedebat

168 1560 260 1605 quod
291 1560 407 1604 rigore
439 1560 578 1602 hiemis,
614 1572 683 1605 qua
707 1569 760 1595 est
785 1562 871 1595 haec
892 1567 1035 1606 peracta
1057 1561 1258 1603 translatio,
1294 1574 1447 1606 magnam
1472 1570 1509 1598 et
1531 1564 1634 1598 mise-

166 1616 241 1640 ram
270 1611 420 1650 stragem
454 1606 508 1640 edi
541 1607 701 1650 contigit,
733 1619 808 1642 cum
831 1607 1018 1648 hominum,
1050 1607 1245 1642 infirmioris
1269 1609 1470 1653 praesertim
1494 1611 1630 1653 aetatis,

166 1655 238 1685 tum
266 1657 407 1686 tenerae
438 1652 601 1697 pecudum
632 1653 779 1694 sobolis3
815 1653 905 1686 unde
939 1655 1093 1687 damnum
1126 1653 1211 1698 ipsis
1240 1655 1476 1698 gravissimum
1499 1660 1553 1690 est
1574 1657 1631 1690 fa-

167 1701 280 1735 etumz
314 1709 356 1732 ac
378 1705 498 1732 neutro
521 1709 647 1742 genere
670 1710 756 1733 novo
780 1700 874 1732 coelo
897 1711 1096 1734 assuescere
1123 1699 1280 1741 valente,
1313 1702 1476 1734 mortibus
1498 1702 1532 1735 in
1556 1702 1631 1735 dies

165 1742 501 1786 increbescentibus‚
539 1744 711 1778 consilium
742 1745 968 1779 necessarium
1000 1747 1175 1779 obtrusum
1209 1745 1364 1790 pluribus
1395 1758 1509 1781 eorum
1538 1747 1632 1781 redi·

165 1789 309 1824 mendae
329 1789 527 1833 singillatim
550 1801 672 1829 magna
699 1791 844 1835 pecunia
867 1792 1041 1825 facultatis
1064 1791 1242 1836 repetendi
1265 1792 1389 1826 natalis
1411 1792 1497 1836 soli,
1530 1798 1630 1826 extra

165 1834 256 1880 quod
287 1846 326 1870 se
356 1846 503 1880 suasque
534 1836 679 1870 familias
709 1836 767 1869 vix
798 1848 899 1881 posse
922 1837 1040 1871 vivere
1061 1837 1136 1883 ipsa
1159 1849 1218 1871 eos
1239 1838 1450 1882 experientia
1471 1839 1630 1873 docebat.

165 1880 231 1914 sub
264 1881 352 1915 hanc
378 1886 415 1914 et
447 1881 515 1915 alia
550 1893 632 1915 cura
665 1881 807 1916 incessit
839 1883 1085 1924 Andronicum,
1119 1888 1331 1927 reputantem
1354 1883 1391 1916 in
1415 1894 1458 1917 ea
1489 1884 1631 1928 regione

166 1936 268 1970 qnam
297 1937 374 1960 mox
407 1927 604 1960 vastandam
637 1927 828 1962 incursione
850 1929 1016 1971 Scythioe
1039 1935 1149 1963 metus
1171 1934 1247 1962 erat
1268 1928 1404 1962 nimium
1427 1929 1630 1971 verisimilis,

166 1969 281 2005 iacere
303 1982 429 2016 corpus
450 1973 628 2006 Michaelis
651 1974 794 2017 Augusti
818 1975 928 2018 patris
952 1975 1024 2016 sui;
1052 1974 1142 2020 quod
1165 1975 1356 2018 apparebat
1380 1985 1523 2019 rapaces
1546 1976 1630 2009 bar-

165 2015 269 2050 baros
289 2028 311 2050 a
333 2017 422 2050 nullo
445 2018 616 2059 facinore,
647 2020 739 2063 quod
761 2026 1000 2064 quaestuosum
1024 2025 1204 2064 putarent,
1242 2020 1487 2062 abhorrentes,
1518 2021 1629 2056 viola-

166 2066 261 2095 turos
284 2065 322 2094 et
341 2069 575 2106 asportaturos
592 2063 683 2106 inde,
705 2070 746 2098 ut
770 2077 811 2099 eo
834 2066 965 2098 scilicet
986 2065 1117 2099 nomine
1139 2076 1159 2098 a
1181 2065 1332 2098 defuncti
1353 2067 1546 2100 memoriam
1567 2079 1629 2101 co-

164 2108 313 2141 lentibus
335 2108 498 2152 pecunias
520 2108 757 2152 exprimerent.
803 2122 846 2143 ex
872 2122 939 2155 quo
972 2111 1113 2144 alterum
1136 2111 1277 2144 duorum
1300 2111 1334 2144 in
1356 2122 1395 2145 se
1417 2112 1628 2147 redundatu-

165 2164 242 2187 rum
264 2159 356 2187 esset
377 2153 637 2194 incommodum,
670 2160 708 2187 ut
737 2161 799 2189 aut
826 2155 996 2198 ingentem
1020 2157 1167 2201 superbo
1190 2156 1330 2190 arbitrio
1353 2158 1625 2193 avarissimorum

164 2200 332 2233 latronum
355 2198 540 2244 profligare
562 2200 637 2232 auri
660 2211 831 2234 numerum
855 2201 998 2234 deberet
1020 2202 1214 2236 redimendo
1235 2202 1345 2247 patris
1377 2205 1531 2248 corpori,
1566 2208 1627 2238 aut

165 2244 307 2288 insignis
330 2245 394 2279 sibi
416 2246 508 2278 foret
530 2245 705 2279 subeunda
728 2245 866 2279 infamia
887 2247 1035 2290 neglecti
1058 2247 1165 2281 officii
1188 2251 1257 2282 tam
1281 2249 1343 2293 pii,
1368 2250 1523 2293 augustis
1546 2250 1626 2283 reli-

166 2290 254 2335 quiis
277 2290 462 2324 Christiani
483 2290 656 2335 principis,
680 2291 737 2336 qui
759 2291 825 2325 sibi
847 2292 942 2325 vitae
964 2298 1068 2338 atque
1089 2293 1218 2338 imperii
1241 2300 1361 2328 auctor
1383 2295 1567 2337 extitisset,
1589 2295 1626 2329 in

164 2338 338 2380 potestate
367 2337 532 2381 profanae
564 2336 756 2381 impiaeque
787 2337 958 2371 barbariei
990 2339 1032 2372 ad
1061 2338 1239 2373 ludibrium
1264 2340 1501 2386 relinquendis.
1547 2341 1627 2375 huic

165 2392 366 2415 occursurus
388 2382 496 2423 malo,
529 2393 614 2427 quos
636 2382 680 2415 ad
704 2383 812 2426 patris
833 2383 992 2418 tumulum
1016 2383 1047 2417 ei
1070 2385 1292 2420 custodiendo
1314 2388 1551 2431 praefecerat,
1582 2386 1625 2420 iis

164 2431 206 2460 ut
238 2427 386 2460 statione
414 2427 621 2461 decederent
654 2427 805 2463 indulsit.
852 2429 980 2474 primus
1010 2435 1087 2464 erat
1117 2431 1235 2465 borum
1258 2432 1366 2476 spado
1388 2433 1624 2477 Eonopolites,

165 2482 304 2516 magnus
326 2472 414 2506 idem
433 2473 657 2518 drungarius;
691 2474 748 2518 qui
773 2479 809 2507 et
829 2474 907 2508 inde
930 2475 1065 2509 rediens
1088 2476 1380 2511 hieromonachum
1403 2478 1622 2512 Athanasium

164 2517 255 2552 circa
277 2517 369 2552 Gaui
390 2523 547 2552 montana
568 2524 846 2561 commorantem,
869 2521 920 2554 uti
942 2521 1038 2566 prius
1060 2522 1350 2567 Porphyrogenito
1373 2523 1626 2557 commendave-

164 2566 239 2604 nat,
270 2574 294 2597 a
314 2574 382 2608 quo
404 2564 556 2598 maximis
579 2571 633 2598 est
655 2565 826 2599 beneficiis
848 2566 1011 2609 affectus,
1046 2568 1095 2602 sic
1118 2568 1314 2612 imperatori
1335 2581 1472 2614 quoque
1499 2567 1625 2602 obtulit

164 2606 202 2641 in
223 2607 365 2654 eiusque
385 2611 530 2654 gratiam
551 2610 746 2644 insinuavit.
794 2612 964 2646 mandavit
994 2619 1107 2649 autem
1129 2614 1178 2647 eis
1201 2620 1239 2648 ut
1260 2626 1373 2649 secum
1397 2615 1546 2648 ablatum
1568 2612 1623 2646 sui

165 2654 316 2697 parentis
337 2655 550 2699 imperatoris
570 2656 716 2690 cadaver
745 2657 936 2701 Selybriam
965 2658 1208 2704 deportarent,
1239 2660 1355 2705 ibique
1385 2659 1474 2704 apud
1506 2669 1624 2692 mona-

165 2698 308 2732 steriam
329 2700 511 2734 salvatoris
532 2702 567 2735 in
590 2702 661 2736 eins
684 2703 808 2747 templo
830 2703 1058 2749 deponerent,
1081 2710 1121 2739 ut
1142 2710 1228 2748 erat,
1251 2705 1328 2750 ipsa
1351 2705 1519 2739 conditum
1542 2714 1624 2738 area

164 2754 254 2787 quae
286 2755 406 2779 recens
436 2752 603 2780 mortuum
635 2755 828 2792 exceperat.
872 2748 922 2782 sic
948 2750 1116 2785 translata
1142 2762 1221 2785 ossa
1251 2750 1429 2785 Michaelis
1459 2749 1624 2784 collocata

166 2793 247 2823 sunt
267 2799 290 2823 e
310 2790 449 2835 regione
468 2793 617 2838 sepulcri
637 2793 879 2838 Balgaroctoni
898 2796 1067 2841 Augusti,
1097 2796 1192 2830 euius
1225 2798 1400 2841 neglectos
1429 2800 1467 2830 et
1494 2794 1622 2830 irreve-
