1858 3126
272 183 372 231 486
690 181 927 226 GEORGII
960 181 1312 228 PACHYMEms

275 297 412 342 τοίνυν
442 298 532 352 περὶ
566 295 696 339 αὐτοῦ
724 294 919 350 βασιλεὺς
943 294 984 337 ἐν
1009 294 1186 354 δευτέρῳ
1212 293 1335 350 εἶχεν,
1382 294 1590 353 ἐρωτήσας
1605 293 1738 351 μόνον·

275 369 340 409 καὶ
368 365 522 418 μαθὼν
555 363 670 415 ὅπως
698 366 765 407 καὶ
797 363 922 413 αὐτὸς
951 363 1009 419 μὴ
1046 366 1323 419 προσκληθεὶς
1350 365 1639 421 παραγένοιτο,
1677 365 1734 416 ὥς

273 434 379 477 κατὰ
399 431 542 492 φήμην
556 435 685 489 δῆθεν
703 438 777 489 τῆς
793 436 1007 487 βασιλικῆς
1028 432 1230 487 εὐμενείας
1245 434 1311 476 καὶ
1330 426 1387 476 ὧν
1403 433 1528 484 αὐτὸς
1544 450 1734 489 προσχω-

273 501 405 557 ρήσας
434 497 549 559 εὗρε·
593 502 645 545 τὰ
677 503 722 545 δὲ
749 506 831 544 τῶν
856 500 1166 556 ἀπαιτουμένων
1193 499 1478 556 μισθωμᾶτων
1513 501 1643 545 mittiv-
1661 505 1734 545 «καὶ

130 581 157 613 P
182 580 249 615 338
274 574 365 615 λιάν
385 570 537 615 ὠδύνα.
609 570 697 629 (5)
735 568 834 613 ὅθεν
852 571 918 612 καὶ
935 574 1009 630 μιᾷ
1036 575 1120 613 τῶν
1143 568 1329 627 ἡμερῶν,
1364 569 1585 626 πρόσωπον
1601 571 1768 628 {strepa-5

270 642 390 691 νίσας
410 637 648 697 βαρύτητος
665 643 724 698 τῷ
742 637 906 697 μεγάλῳ
925 640 1038 681 δουκὶ
1053 637 1109 689 ὥς
1125 637 1230 682 τόσα
1248 637 1350 695 ὑπὲρ
1363 644 1445 682 τῶν
1463 638 1592 682 αὐτοῦ
1611 638 1738 682 ἀπαι-

270 714 434 762 τοῦντι,
464 733 518 742 -
546 710 623 751 εἶσὶ
646 708 688 750 δ’
725 708 772 750 οἳ
799 708 983 763 λέγουσιν
1011 706 1073 750 ὅτι
1091 707 1166 750 κᾶν
1183 707 1309 758 αὐτὸς
1326 705 1504 751 ὑπέθετο
1534 705 1645 751 οὕτω
1667 707 1739 750 τὸν

270 778 445 832 βασιλέα
478 778 569 832 περὶ
602 775 730 820 αὐτὸν
758 781 959 833 φανῆναι,
1005 775 1066 818 ‘lv’
1097 775 1184 831 ἅμα
1210 777 1284 830 μὲν
1306 775 1432 827 αὐτὸς
1451 775 1516 819 ἐπὶ
1538 781 1738 820 τοσοῦτον

272 845 385 898 δόξοι
404 850 540 891 ,ποιῶν
571 843 674 900 ὑπὲρ
709 842 867 888 τούτων
894 844 965 900 ἐφ’
998 844 1096 888 ὅσον
1124 846 1191 887 καὶ
1208 844 1423 899 βασιλικὴν
1443 843 1647 899 εὐμένειαν
1669 846 1737 887 καὶ

271 915 320 959 τὸ
339 919 422 958 τῶν
443 915 573 971 φίλων
598 914 808 969 συμφέρον
830 910 1079 968 ἀρνούμενος
1101 909 1163 969 ἦν.
1235 912 1430 968 βασιλεὺς
1447 913 1490 956 δ’
1514 908 1639 963 αὖθις
1658 912 1735 956 αὖ·
1749 922 1792 957 10

220 991 250 1025 Β
274 991 359 1034 τοῖς
387 983 602 1039 προτείνας
634 982 739 1024 κατὰ
767 979 987 1038 πρόσωπον
1022 982 1098 1032 τὰς
1129 983 1422 1038 δικαιολογίας,
1467 979 1738 1038 παραστήσας

273 1051 337 1095 ὅτι
368 1053 584 1101 πλείστους
615 1051 812 1103 ἐκείνους,
849 1051 916 1092 καὶ
940 1050 1035 1101 τοὺς
1055 1055 1129 1105 τῆς
1152 1049 1377 1106 συγκλήτου
1396 1048 1597 1107 ἑτέρωθεν
1606 1083 1621 1103 ,
1653 1068 1737 1104 μα-

272 1120 375 1175 κρὰν
395 1122 463 1163 καὶ
485 1117 698 1176 διωλύγιον
715 1119 912 1162 κατέτεινε
935 1118 1009 1174 τὴν
1033 1121 1300 1174 δημηγορίαν,
1336 1119 1460 1174 λέγων
1478 1119 1580 1173 πρὸς
1596 1120 1735 1162 Κατε-

273 1188 424 1238 λάνους
434 1222 447 1242 ,
486 1188 527 1239 ἔς
548 1188 600 1231 τὰ
621 1187 753 1231 πολλὰ
776 1188 1003 1242 ἐξεπίτηδες
1030 1189 1096 1230 καὶ
1116 1191 1190 1230 τοῦ
1210 1184 1388 1243 μεγάλου
1409 1187 1558 1237 δουκὸς
1577 1204 1737 1243 προσα-

273 1255 486 1312 πτόμενος.
555 1258 661 1311 μηδὲ
685 1256 764 1311 γὰρ
797 1253 947 1306 τόσους
977 1255 1051 1310 τὴν
1081 1255 1211 1310 ἀρχὴν
1231 1253 1334 1311 μήτ’
1370 1255 1532 1305 ἐκείνοις
1553 1257 1736 1311 δηλῶσαι
1748 1263 1789 1300 15

272 1325 486 1383 γράφοντα
506 1323 609 1380 μήτ’
635 1324 762 1368 αὐτὸν
782 1328 1028 1367 κατανεῦσαι
1052 1323 1274 1378 δέξασθαι,
1310 1323 1415 1366 ἀλλὰ
1438 1324 1556 1380 μέχρι
1586 1326 1654 1367 καὶ
1669 1342 1738 1380 χι-

275 1397 372 1438 λίων
392 1395 467 1448 μὲν
487 1395 617 1446 πεζῶν
636 1394 818 1437 ἱπποτῶν
835 1393 880 1435 δὲ
900 1394 1175 1436 πεντακοσίων
1202 1395 1270 1436 καὶ
1290 1397 1438 1435 τοῦτον
1456 1392 1528 1436 τὸν
1554 1392 1738 1446 οὐλαμὸν

223 1473 252 1506 C
277 1468 351 1506 τοῦ
377 1460 685 1518 στρατεύματος
716 1466 979 1516 συμποσοῦν,
1006 1452 1094 1505 ’καὶ
1126 1460 1253 1504 αὐτὸν
1277 1459 1481 1504 ἀκούοντα
1509 1459 1738 1505 κατανεύειν

272 1532 465 1586 δέχεσθαι
498 1529 731 1588 (τεκμήριον
763 1530 806 1572 δ’
842 1527 942 1573 εἶναι
969 1534 1053 1574 τῶν
1075 1530 1294 1588 εἰρημένων
1309 1531 1376 1572 καὶ
1397 1529 1449 1573 τοὶ
1466 1529 1568 1585 πρὸς
1588 1531 1735 1574 ἐκεῖνον

367 1615 420 1652 15.
444 1612 585 1652 ἐκεῖνον
596 1616 615 1650 7

273 1683 342 1729 ipsi
363 1683 599 1729 praecelleret.
646 1683 712 1718 bac
743 1688 812 1718 tam
843 1686 1004 1719 accurata
1033 1682 1320 1718 commendatione
1350 1682 1447 1718 modo
1470 1683 1603 1729 appulsi
1626 1684 1737 1719 exteri

272 1730 364 1764 baud
386 1730 524 1763 multum
548 1730 676 1764 moveri
699 1729 793 1764 visus
816 1731 1001 1775 imperator
1021 1730 1145 1773 frigido
1173 1741 1334 1775 responso
1356 1730 1534 1764 defunctus
1559 1730 1737 1774 neglectim

272 1781 348 1809 est:
383 1779 601 1820 percontatus
623 1775 709 1810 enim
733 1775 839 1810 solum
864 1775 986 1820 ecquid
1011 1782 1047 1809 et
1070 1775 1124 1809 bic
1146 1775 1276 1810 accitus
1298 1775 1467 1816 venisset,
1499 1774 1557 1808 ubi
1580 1775 1736 1810 continuo

273 1821 405 1855 audivit
426 1827 548 1866 sponte
570 1821 661 1856 illum
684 1821 875 1857 accurrisse
897 1823 987 1855 l'ama
1008 1826 1156 1855 tractum
1179 1821 1248 1855 late
1270 1833 1390 1866 sparsa
1413 1820 1529 1866 regiae
1550 1820 1736 1856 liberalita-

271 1867 318 1901 tis
341 1867 543 1909 Andronici,
574 1867 669 1901 cuius
691 1867 727 1901 in
750 1879 810 1901 suo
834 1866 942 1901 amico
964 1866 1147 1901 Rontzerio
1182 1872 1250 1901 tam
1274 1866 1451 1913 splendida
1472 1866 1654 1912 specimina
1675 1878 1738 1901 ex·

270 1919 405 1953 tarent,
437 1913 581 1947 ulterius
605 1913 771 1957 loquendo
795 1924 861 1947 non
886 1912 1034 1958 prodiit,
1068 1912 1156 1946 ictus
1178 1913 1337 1947 videlicet
1358 1912 1494 1958 penitus
1513 1912 1570 1946 illa
1591 1912 1736 1956 immani,

271 1970 373 2004 quam
396 1958 549 2002 ingressu
575 1959 736 1993 sermonis
763 1958 964 1993 Rontzerius
986 1963 1186 2003 poposcerat
1207 1958 1242 1992 in
1266 1959 1471 1997 mercedem,
1499 1957 1574 1992 auri
1595 1970 1734 1993 summa.

271 2005 347 2048 (5)
373 2005 463 2038 unde
485 2009 522 2039 et
543 2004 686 2050 quadam
709 2005 765 2039 die
789 2015 925 2048 gravem
949 2005 1130 2038 obvertens
1152 2016 1271 2049 magno
1295 2003 1372 2038 duci
1394 2003 1542 2044 vultum,
1564 2005 1660 2049 quasi
1682 2005 1738 2038 of-

271 2051 390 2084 fensus
413 2050 503 2095 quod
527 2050 598 2085 suis
621 2055 753 2084 tantum
777 2051 942 2095 pecuniae
962 2050 1136 2093 flagitaret
1151 2051 1249 2094 (sunt
1270 2050 1330 2096 qui
1353 2049 1467 2084 dicant
1488 2060 1531 2083 ex
1553 2050 1736 2095 composito

270 2095 358 2129 haec
393 2102 470 2129 acta
503 2099 539 2129 et
565 2096 732 2130 volentem
757 2096 973 2130 Routzerium
1008 2096 1072 2130 hoc
1102 2095 1231 2141 frigore
1264 2106 1458 2141 percussum
1491 2096 1535 2130 ab
1562 2097 1736 2140 Augustoe

273 2140 598 2231 23:35³·‘ptss‘223222‘
613 2143 859 2233 ἒῗυὲἓῗὲὲῖἱ
876 2142 1368 2234 ’3Ξῗί-υὲἓῖοἷῗέ“ρῖξὲξῖὲἓῗιῖ”
1382 2141 1648 2231 &eim-1⁸3⁰
1668 2150 1733 2219 ¹:⁰03

1626 2210 1638 2226 9

275 2231 375 2265 etiam
401 2233 670 2277 commendaret,
708 2234 805 2278 qnasi
830 2233 889 2279 qui
913 2238 1008 2268 tanto
1031 2233 1143 2268 studio
1167 2234 1280 2268 amicis
1303 2233 1515 2274 consuleret,
1536 2236 1576 2265 ut
1598 2230 1734 2275 pericu-

273 2276 341 2310 lum
366 2277 423 2310 tali
452 2289 553 2312 causa
578 2279 754 2313 excidendi
778 2279 920 2323 Augusti
942 2279 1054 2323 gratia
1077 2279 1192 2313 subire
1214 2290 1280 2313 non
1302 2277 1488 2320 dubitaret)
1511 2275 1644 2318 nubila,
1679 2275 1735 2310 in—

271 2333 371 2366 quam
386 2347 395 2364 ‚
422 2323 535 2357 fronte
557 2324 763 2370 infensisque
785 2331 921 2370 praeter
944 2337 1067 2359 morem
1089 2325 1195 2359 oculis
1219 2336 1371 2368 magnum
1393 2323 1509 2356 ducem
1531 2321 1603 2355 suis
1625 2320 1734 2366 stipa-

273 2372 346 2401 tum
370 2368 544 2402 Catelanis
567 2370 719 2411 intuens,
753 2371 804 2404 sui
837 2371 1002 2405 adversus
1035 2381 1093 2404 eos
1126 2370 1351 2404 defensionem
1373 2377 1534 2412 praesens
1556 2366 1632 2412 ipse
1653 2377 1735 2412 per-

272 2418 443 2452 oraturus,
466 2419 504 2447 ut
527 2414 557 2447 ei
581 2416 784 2449 audientiam
807 2417 956 2458 faceret,
988 2422 1072 2449 nutu
1096 2427 1133 2449 se
1162 2415 1340 2449 admovere
1361 2412 1460 2446 iussit
1482 2418 1649 2458 quotquot
1671 2423 1735 2458 per

274 2458 384 2492 aulam
408 2460 552 2493 aberant
574 2460 717 2504 longius,
740 2461 941 2514 densarique
965 2462 1125 2506 plurimos
1146 2461 1242 2494 velut
1262 2459 1297 2492 in
1321 2457 1524 2501 concionem,
1547 2463 1734 2504 senatuque

275 2515 318 2538 ex
341 2504 482 2538 adverso
507 2505 684 2549 collocato,
703 2517 785 2540 sane
808 2506 973 2550 prolixam
996 2506 1179 2540 orationem
1202 2504 1312 2538 otiose
1335 2504 1379 2537 ad
1402 2503 1501 2537 finem
1525 2515 1631 2548 usque
1653 2515 1733 2550 per—

274 2549 407 2591 texuit,
432 2550 474 2583 ad
497 2550 590 2594 ipsos
613 2550 776 2584 directam
798 2551 1001 2592 Catelanos,
1035 2552 1230 2596 plerumque
1253 2549 1384 2584 interim
1407 2549 1449 2583 de
1471 2549 1639 2584 industria
1661 2561 1733 2584 ma-

273 2607 376 2639 gnum
398 2595 508 2641 ipsum
533 2597 762 2641 perstringens
785 2596 916 2632 ducem.
963 2596 1130 2630 sententia
1153 2595 1304 2629 dictionis
1327 2595 1391 2629 suit
1416 2595 1672 2640 haudquaquam
1694 2606 1733 2629 se

273 2653 293 2674 a
327 2640 490 2686 principio
517 2644 646 2674 tantum
679 2641 889 2675 auxiliarium
920 2653 1090 2675 numerum
1121 2645 1275 2686 optasse,
1317 2652 1426 2686 neque
1456 2641 1543 2675 ultro
1573 2641 1732 2686 appulsos

272 2686 401 2731 scripto
433 2691 495 2721 aut
522 2692 604 2720 nutu
636 2687 850 2732 significasse
881 2687 1058 2720 admittere
1086 2698 1124 2720 se
1155 2692 1258 2729 atque
1290 2686 1325 2720 in
1348 2687 1627 2721 auctorandorum
1651 2698 1672 2720 a
1695 2696 1734 2720 se

272 2733 412 2766 militum
436 2743 538 2768 censu
559 2733 698 2767 habere.
744 2732 926 2766 indicatum
951 2732 1014 2765 sibi
1038 2732 1115 2766 olim
1138 2732 1181 2765 de
1205 2732 1406 2774 Rontzerio‚
1428 2732 1535 2778 ipsum
1560 2732 1647 2766 mille
1670 2731 1734 2765 ad-

272 2777 403 2812 modum
425 2777 613 2823 peditibus,
636 2777 829 2824 quingentis
852 2777 1023 2823 equitibus
1047 2789 1226 2823 praeesse:
1258 2778 1318 2811 bos
1332 2803 1342 2820 ‚
1366 2790 1428 2812 nec
1451 2778 1586 2823 plures,
1608 2782 1647 2811 ut
1668 2776 1735 2810 sibi

272 2823 448 2869 suppetias
471 2824 658 2859 adduceret
679 2823 899 2859 consensisse.
945 2835 1046 2869 quam
1068 2824 1103 2858 id
1126 2834 1243 2858 verum
1266 2823 1326 2866 sit,
1343 2824 1507 2870 hodieque
1524 2823 1614 2858 cerni
1635 2833 1734 2868 posse
