1858 3126
259 152 357 200 690
653 149 963 194 OBSERVAT.
995 149 1304 195 PACHYMER.

260 267 423 302 vocatus
458 264 684 298 constanter
716 258 1017 311 Cayuch-chan.
1072 258 1226 312 primus
1265 259 1333 311 qui
1359 260 1546 313 Cayucho
1580 261 1700 301 dece-

259 318 370 358 denti
398 317 584 354 suffectus
613 322 692 365 est,
722 316 968 355 Munkakaus
994 329 1074 354 non
1097 316 1248 354 Cizania
1272 316 1340 354 sed
1363 319 1519 355 Kaanis
1542 318 1701 370 epithe-

259 382 328 413 ton
353 373 532 411 adscivit.
587 372 813 411 Munkakao
832 379 989 411 mortuo
1009 378 1046 409 et
1064 373 1147 410 eius
1164 372 1413 410 successione
1432 372 1578 412 incerta
1598 388 1702 426 pro-

261 436 352 483 pter
378 429 524 467 Kublai
550 434 588 466 et
619 428 810 478 Aribugae
841 429 1142 467 candidatorum
1168 428 1322 480 imperii
1347 443 1418 481 per
1437 428 1704 481 duodeviginti

263 499 386 524 annos
410 486 511 524 bella
540 484 670 523 civilia
683 514 693 534 ,
726 486 897 524 Halacu
919 486 1040 523 frater
1059 484 1272 523 Munkakai
1287 515 1299 532 ,
1327 485 1466 524 missus
1486 485 1637 524 dudum
1655 485 1704 524 ab

260 557 306 581 eo
326 549 370 580 ut
390 556 464 595 pro
484 555 523 579 se
540 548 733 593 praeesset
751 541 935 580 Occiduis
956 542 1112 592 imperii
1128 542 1342 589 tractibus,
1371 541 1462 591 etsi,
1491 555 1705 593 numquam

259 599 336 637 rite
361 599 486 636 lectus
518 604 586 636 aut
613 598 870 648 inauguratus
895 599 1128 650 imperator,
1171 597 1275 635 haud
1301 598 1476 636 obtinere
1506 598 1707 637 videretur

258 668 399 694 verum
422 655 484 692 ius
503 654 613 704 regni
631 654 940 704 Megalensium,
971 661 1101 692 tamen
1125 654 1215 705 quia
1233 654 1282 692 de
1303 655 1407 693 sacto
1427 654 1499 692 tali
1517 660 1707 706 potestate

258 712 512 761 fungebatur,
554 710 602 748 ab
639 711 929 763 Abulpharagio
976 710 1187 761 aliquando
1225 711 1448 762 appellatur
1477 711 1644 750 Hulacu
1673 711 1708 748 il

263 768 392 808 Clam.
447 767 526 804 hoc
554 779 649 804 vero
677 774 832 805 mortuo
850 798 861 817 ‚
896 766 962 804 ubi
984 767 1164 816 legitimis
1182 766 1376 818 suffragiis
1394 767 1518 816 gentis
1537 767 1709 806 colloca-

260 830 343 863 tum
363 824 405 862 in
424 823 711 873 Mogulensium
729 825 827 861 solio
852 823 1023 861 Abakam
1043 823 1195 861 Hulacu
1218 823 1344 862 filium
1366 823 1526 873 retulit,
1555 836 1707 875 semper

260 881 375 918 illum
399 880 539 918 deinde
558 878 766 917 Ababa-il
789 879 903 918 Clzan
930 879 1107 918 Abakam
1130 878 1302 918 ebanem
1330 879 1524 930 nominat,
1554 887 1601 918 ut
1627 887 1708 918 em-

260 936 415 990 phasim
447 932 779 987 αὕτοκρατορικῆς
810 935 1060 974 monarchiae
1088 936 1129 973 in
1160 948 1260 974 voce
1291 935 1404 974 Clzan
1435 950 1516 974 non
1548 934 1707 975 dubiam

262 998 462 1044 agnoscat.
519 992 696 1030 Cazanen
727 993 890 1041 deinde,
930 1006 1043 1042 quem
1069 991 1325 1044 Pachymeres
1351 992 1521 1031 celebrat
1553 991 1707 1045 princi-

262 1063 361 1102 pum
383 1055 557 1086 veterum
580 1048 623 1086 in
652 1049 787 1098 paucis
808 1049 1021 1086 illustrium
1043 1048 1291 1086 ambitiosum
1315 1049 1612 1096 aemulatorem,
1643 1049 1708 1086 fa-

262 1105 339 1143 cile
368 1104 602 1144 crediderim
635 1106 794 1142 Kaanis
821 1105 980 1143 secundi
1002 1118 1096 1142 suae
1119 1105 1245 1155 gentis
1264 1105 1381 1156 longe
1398 1105 1602 1143 clarissimi
1619 1117 1708 1142 mo-

263 1161 432 1200 narchae
461 1174 677 1211 cognomen
708 1164 839 1214 potius
863 1168 1018 1213 optasse
1038 1175 1154 1212 quam
1184 1161 1356 1210 enanis,
1389 1161 1495 1212 quod
1523 1160 1567 1198 in
1598 1172 1707 1211 reges

265 1230 421 1269 quoque
438 1230 530 1255 suae
547 1217 672 1268 gentis
694 1231 774 1256 non
793 1218 1080 1255 laudatissimus
1098 1218 1301 1268 vulgatum
1320 1224 1358 1255 et
1379 1218 1420 1256 in
1439 1217 1524 1255 aliis
1545 1217 1708 1268 insuper

263 1274 424 1326 populis
459 1275 648 1311 usitatum
685 1280 860 1312 noverat.
918 1274 1062 1312 etenim
1100 1273 1278 1312 Sinarum
1311 1280 1404 1323 rex‘,
1443 1286 1558 1324 quem
1586 1275 1708 1310 Kaan

126 1342 154 1377 P
177 1340 244 1376 486
266 1330 366 1371 vicit
396 1335 435 1368 et
461 1329 509 1367 ad
535 1342 669 1368 necem
689 1331 797 1369 ultro
818 1330 892 1369 sibi
912 1330 1230 1368 consciscendam
1255 1330 1405 1380 adegit,
1432 1328 1710 1369 Alban—Chaa

263 1387 491 1426 nominatus
506 1386 690 1426 traditur.
747 1386 845 1425 haec
861 1401 949 1425 cum
965 1386 1020 1424 ita
1037 1387 1139 1435 sint,
1168 1386 1435 1438 pachymeres,
1463 1386 1524 1424 uti
1540 1391 1579 1424 et
1595 1384 1710 1424 multi

265 1444 332 1481 alii
359 1442 593 1495 scriptores,
626 1455 676 1480 ex
707 1443 820 1482 Clmn
847 1449 885 1481 et
908 1445 1026 1481 Kaan
1051 1443 1207 1481 unicam
1236 1443 1458 1481 conflarunt
1475 1441 1709 1494 appellatio-

266 1512 379 1547 nem,
409 1499 658 1547 Tatarorum,
687 1506 730 1538 ut
748 1506 909 1551 putant,
939 1499 1176 1551 peculiarem
1195 1500 1443 1551 principum,
1473 1512 1561 1537 cum
1578 1504 1709 1536 tamen

267 1555 341 1602 sit,
379 1567 464 1591 meo
502 1554 675 1604 iudicio,
709 1556 959 1594 verisimilius
994 1569 1133 1594 vocem
1173 1556 1328 1606 quidem
1362 1558 1478 1592 Kaan
1506 1553 1709 1606 propriam

267 1610 393 1662 gentis
421 1609 636 1661 Mogulicae
667 1611 953 1660 suisse‚Cl1,an
973 1618 1105 1650 autem·
1125 1611 1351 1649 Sinensibus
1370 1611 1507 1648 saltem
1532 1616 1572 1648 et
1594 1610 1708 1647 Prae-

268 1666 601 1715 steiannensibus,
641 1666 816 1706 fortassis
845 1668 960 1706 etiam
988 1674 1025 1706 et
1057 1667 1143 1704 aliis
1170 1667 1365 1706 interioris
1391 1666 1505 1705 Asiae
1532 1666 1707 1716 gentium

269 1723 449 1790 dynastis
479 1723 598 1762 uibui
629 1729 831 1775 praeterea
850 1724 968 1762 fuisse
987 1723 1155 1762 solitam.

381 1775 619 1844 κάραβος
635 1793 675 1831 p
697 1783 775 1823 211
794 1782 919 1821 v.16.
978 1779 1195 1832 Hesychius
1221 1774 1402 1831 κάραβον
1432 1792 1453 1816 a
1478 1776 1710 1816 Macedoni-

269 1835 344 1874 bus
375 1835 457 1873 dici
485 1835 539 1873 ait
565 1831 709 1887 πύλην.
767 1835 863 1874 haec
896 1835 977 1873 sola
1007 1850 1028 1874 e
1055 1836 1192 1874 multis
1216 1834 1335 1873 huius
1359 1834 1468 1872 vocis
1485 1833 1712 1872 notionibus

271 1891 352 1929 huc
378 1892 567 1942 quadrat,
598 1891 693 1930 dum
718 1905 761 1930 ea
789 1907 863 1944 pro
889 1898 1029 1930 natura
1048 1892 1241 1930 subiectae
1257 1892 1313 1930 rei
1332 1891 1568 1941 significatos
1593 1896 1713 1941 pute-

271 1961 358 1986 mus
386 1948 515 1996 exitus
544 1948 701 1999 paludis
722 1948 806 1988 sive
833 1949 984 1987 canales
1004 1949 1119 1987 certis
1138 1947 1237 1986 locis
1258 1947 1430 1985 defossos
1452 1953 1490 1985 et
1506 1945 1713 1984 hincinde

271 2003 390 2054 tignis
423 2005 503 2043 alte
527 2003 619 2043 fixis
649 2005 822 2044 munitos
846 2005 895 2043 ad
924 2018 1064 2056 aquam
1084 2004 1368 2052 corrivandam.
1421 2002 1562 2042 horum
1581 2001 1714 2054 capita

274 2060 449 2098 extantia
485 2061 681 2111 tignorum
717 2063 890 2113 primum
923 2062 1147 2100 devinxisse
1176 2061 1346 2098 invicem
1377 2059 1522 2098 validis
1552 2058 1712 2097 funibus

271 2114 632 2169 Philanthropenus
661 2117 727 2156 hic
757 2124 961 2167 nanatur,
989 2118 1129 2156 deinde
1149 2116 1375 2155 instravisse
1393 2115 1624 2154 transversis
1650 2121 1713 2152 ta·-

272 2170 401 2222 bulis,
430 2179 516 2211 tum
536 2173 614 2211 hoc
638 2175 756 2226 plano
779 2189 852 2227 pro
874 2174 997 2213 fundo
1017 2188 1111 2213 usus
1131 2174 1308 2212 tuiribus
1335 2171 1541 2220 tollendis,
1571 2184 1594 2209 e
1620 2170 1713 2222 qui-

274 2228 349 2265 bus
367 2202 495 2266 aicem
512 2237 768 2281 oppugnaret.
822 2244 901 2269 non
922 2244 982 2269 me
1000 2231 1144 2270 latebat
1173 2244 1260 2268 cum
1283 2229 1381 2266 haec
1403 2227 1610 2265 scriberem
1636 2223 1713 2265 κᾶ-

275 2284 401 2335 ραβον
428 2298 567 2323 navem
598 2300 752 2337 quoque
790 2286 1020 2337 significale.
1075 2300 1164 2324 nam
1188 2292 1226 2324 et
1247 2284 1341 2323 alibi
1361 2283 1464 2321 hanc
1482 2287 1712 2332 usurpatam

276 2352 300 2376 a.
324 2338 562 2391 Pachymere
581 2355 719 2381 vocem
737 2343 791 2380 sic
810 2357 894 2381 sum
914 2343 1206 2394 interpretatus.
1261 2340 1350 2378 ideo
1372 2345 1501 2377 tamen
1521 2337 1616 2375 mihi
1636 2337 1712 2375 mi-

275 2407 354 2432 nus
371 2396 584 2435 velisimile
604 2398 730 2436 visum
757 2405 833 2447 est,
873 2398 917 2436 id
943 2400 1178 2443 vocabulum
1211 2397 1286 2434 isto
1316 2397 1405 2433 loco
1432 2408 1452 2431 a
1482 2399 1619 2431 nost1o
1645 2392 1712 2430 hi-

277 2450 423 2489 storico
442 2451 484 2489 in
503 2451 578 2489 hac
593 2453 747 2503 vulgali
765 2455 925 2492 notione
945 2461 1187 2505 usurpatum,
1218 2452 1325 2502 quod
1342 2449 1558 2497 naviculas,
1589 2462 1712 2500 quan-

277 2506 462 2545 tumlibet
475 2507 579 2545 inter
596 2521 636 2546 se
656 2509 828 2558 vinctas,
857 2510 1076 2547 innatantes
1098 2516 1246 2559 stagrm,
1275 2519 1412 2558 parum
1433 2505 1603 2544 solidum
1619 2506 1713 2544 sun-

281 2562 375 2601 dum
414 2562 673 2601 existimaiem
711 2565 988 2629 poliorceticis·
1005 2565 1195 2602 machinis
1219 2561 1476 2611 sustinendis,
1504 2567 1624 2613 prout
1652 2562 1714 2599 fa-

282 2624 390 2657 ctum
406 2619 491 2658 illic
509 2626 706 2657 narratum
729 2620 865 2671 exigit.
923 2621 1013 2671 quia
1030 2627 1159 2658 tamen
1177 2618 1366 2670 exempla
1376 2631 1458 2655 non
1478 2618 1618 2656 desunt
1637 2633 1714 2670 μο-

282 2670 437 2725 σύνων,
467 2674 780 2714 obsidionalium
806 2679 1002 2725 turrium,
1031 2682 1070 2714 et
1096 2674 1364 2713 machinarum
1386 2674 1427 2712 id
1454 2687 1600 2724 genus,
1628 2672 1714 2714 ἕλε-

280 2729 459 2782 πόλεων,
487 2732 652 2770 navibus
673 2732 945 2784 impositarum
966 2733 1006 2770 in
1026 2731 1384 2784 oppugnationibus
1400 2730 1628 2768 littoralium
1646 2742 1715 2767 ar-

282 2787 409 2837 cium3
436 2788 470 2827 si
491 2788 555 2828 cui
572 2789 821 2842 prudentiori
841 2802 903 2828 me
916 2789 1054 2828 lectori
1072 2787 1324 2842 praeferenda
1340 2786 1542 2827 videretur
1562 2785 1715 2839 simpli-
