1858 3126
231 164 330 210 296
652 160 890 207 GEORGII
923 161 1276 218 PACHYMERIS

229 276 382 335 χρυσὸν
395 276 558 332 ἀγαπᾶν
579 274 680 331 μηδ’
702 275 883 334 ἄργυρον
898 276 946 320 τὸ
966 272 1178 333 παράπαν,
1216 277 1251 319 εἰ
1266 276 1324 332 μὴ
1337 281 1536 333 βοηθοῖεν
1549 280 1702 336 χρείαις

231 353 321 396 ταῖς
340 344 443 402 ὑπὲρ
466 348 549 387 τῶν
570 342 795 399 Ῥωμαίων.
866 344 972 402 παρ’
999 344 1048 400 ἢν
1073 345 1209 388 αἰτίαν
1231 344 1518 391 ἐκλελοιπότων
1536 347 1701 406 χρημά-

231 432 315 458 των
335 415 400 456 καὶ
422 411 547 471 ῥόγας
564 412 760 469 συνήθως
780 414 999 468 διδομένας
1020 413 1403 470 παρακατέχεσθαι,
1438 418 1505 459 καὶ
1525 419 1699 474 προσεξ-

232 483 427 540 ευρίσκειν
456 480 610 539 ἀνάγκη
642 481 798 539 πόρους
831 484 887 533 εἰς
925 481 1151 539 συλλογήν,
1183 483 1256 525 ἰ’να
1272 486 1372 539 γοῦν
1392 485 1460 526 καὶ
1484 487 1700 540 κινοΙμεθα

181 562 213 596 D
239 551 379 608 ἔλεγεν.
451 552 571 608 ἐπῆγε
593 552 638 594 δὲ
656 554 723 594 καὶ
740 556 924 606 βασιλεῖς
946 551 1165 607 ἀρχαίους,
1203 553 1272 594 καὶ
1299 556 1459 606 μᾶλλον
1474 553 1547 596 τὸν
1560 552 1731 599 Ἰωάνα-5

206 610 211 616 ”
231 639 328 676 νην,
363 617 519 676 ὁπόσην
539 620 615 676 τὴν
645 618 752 676 ὑπὲρ
780 625 864 664 τῶν
883 619 1109 678 χρημάτων
1135 618 1212 675 εἶχε
1232 619 1442 676 σπουδήν,
1481 619 1537 672 ὥς
1560 623 1702 679 ἔγκλη-

230 690 309 734 θέν
331 686 447 745 παρά
467 706 549 732 των
578 688 641 732 ὅτι
661 688 858 746 χρήματα
888 691 1190 744 εἰσκομίσαντες
1219 689 1293 732 οὐκ
1324 690 1564 741 ἐξαπιναίως
1589 692 1702 749 παρὰ

229 762 314 802 τῶν
333 759 375 801 ἐν
403 762 462 816 τῷ
481 762 601 817 κοινῷ
629 760 797 818 ταμιείῳ
820 755 993 813 ἐχόντων
1022 758 1095 812 τὴν
1117 758 1260 813 ἓνοχὴν
1278 760 1591 815 προσδεχθεῒεν,
1628 760 1702 817 ὀρ-

230 828 306 884 γὴν
324 831 625 883 προστριβῆναι
645 834 732 878 τοῖς
750 827 809 883 μὴ
831 827 1047 884 παρευθὺς
1067 827 1300 881 δεξαμένοις
1320 825 1471 883 τόσην,
1509 827 1614 872 ὥστε
1635 831 1702 872 καὶ

230 895 321 946 ἑνὸς
347 897 403 946 εἰς
431 895 605 947 Λαζοῦς
631 894 833 953 φυγόντος
863 897 1032 955 θατέρῳ
1051 895 1209 952 πληγὰς
1236 897 1280 938 ἐκ
1300 895 1561 952 προστάξεως
1579 899 1702 941 ἔντει-
1715 910 1758 945 10

230 963 390 1008 νάντων
413 968 623 1019 συμβῆναι
641 969 699 1024 τῷ
727 963 819 1008 τότε
839 962 1002 1022 ἡμερῶν
1027 964 1172 1020 ὀλίγων
1202 963 1414 1010 τεθνάναι.
1485 970 1642 1024 παρῆγε
1659 967 1704 1010 δὲ

182 1039 213 1073 Ε
238 1035 305 1077 καὶ
330 1031 526 1091 μάρτυρα
563 1037 647 1077 τῶν
687 1034 913 1090 λεγομένων
939 1034 1012 1077 τὸν
1046 1032 1139 1077 τότε
1170 1034 1445 1090 λογαριαστὴν
1474 1039 1549 1091 τῆς
1576 1035 1707 1091 αὐλῆς

226 1103 430 1159 Ἄγγελον.
503 1096 553 1145 οὗ
581 1105 648 1145 καὶ
677 1102 893 1158 παρευθῦς
939 1103 1004 1145 ἐπὶ
1038 1099 1173 1161 τούτῳ
1209 1103 1375 1146 οἴκοθεν
1401 1105 1702 1159 εἰσκληθέντος,

231 1172 278 1216 τὸ
300 1172 374 1226 μὲν
393 1173 590 1214 εἰσελθεῖν
621 1172 689 1214 καὶ
718 1171 844 1215 αὐτὸν
866 1174 988 1214 εἰπεῖν
1022 1171 1095 1214 οὐκ
1125 1169 1308 1227 ἐνεχώρει
1327 1172 1540 1227 γίνεσθαι·
1575 1172 1703 1230 &pept—

232 1242 306 1299 κίῳ
329 1240 407 1296 γὰρ
427 1241 691 1295 τετιμημένον
715 1245 796 1283 τῶν
817 1240 953 1284 ἄλλων
971 1240 1216 1294 καθημένων
1239 1241 1388 1283 ἐκεῖνον
1404 1241 1609 1284 ἵστασθαι
1628 1240 1703 1285 οὐκ
1717 1248 1758 1283 15

233 1311 412 1352 ἐδικαίου
437 1307 458 1352 ὃ
479 1307 700 1363 βασιλεύς,
733 1310 988 1362 καθέζεσθαι
1007 1310 1052 1351 δὲ
1079 1307 1201 1351 πάλιν
1232 1307 1410 1351 εἰσιόντα
1431 1310 1704 1367 παρακαίριον

235 1377 359 1430 ἔδοξε.
430 1378 494 1421 διὸ
516 1379 567 1432 δὴ
593 1380 663 1421 καί
681 1395 723 1434 γε
744 1382 802 1438 τῷ
830 1384 1059 1435 συγγραᾳεῖ
1070 1381 1152 1420 τῶν
1180 1376 1405 1431 τοιούτων,
1440 1380 1507 1421 καὶ
1528 1378 1705 1439 δευτέρῳ

328 1536 361 1569 8.
385 1532 424 1570 ἐν
448 1533 523 1581 τῷ]
549 1531 650 1578 αὐτῷ
673 1533 711 1567 Ρ.

235 1683 273 1706 se
297 1683 359 1707 nec
383 1683 499 1708 aurum
522 1674 622 1719 plane
646 1684 759 1709 amare
783 1685 846 1708 nec
869 1677 1057 1719 argentum,
1078 1674 1141 1709 nisi
1162 1676 1331 1720 quatenus
1352 1671 1519 1707 iuvandae
1540 1671 1705 1718 reipubli-

234 1730 296 1753 cae
319 1719 386 1753 vim
410 1720 558 1754 babeant
580 1720 790 1766 expedienda
813 1721 979 1755 facultate
1002 1721 1197 1755 salutarium
1220 1720 1357 1764 publice
1379 1718 1605 1753 consiliorum.
1651 1719 1704 1752 iu-

235 1769 325 1799 stum
357 1765 432 1799 auri
462 1777 558 1800 usum
590 1778 628 1801 se
661 1768 808 1801 carendo
841 1766 934 1800 tristi
967 1767 1026 1801 diu
1056 1766 1268 1811 experientia
1290 1765 1474 1810 probasse,
1507 1763 1706 1809 iampridem

235 1815 389 1845 coactum
422 1812 602 1857 pensiones
632 1812 794 1847 ministris
823 1812 1034 1857 reipublicae
1064 1813 1140 1846 olim
1172 1811 1331 1846 decretas
1365 1813 1402 1845 et
1433 1822 1475 1844 ex
1498 1810 1599 1854 longo
1618 1810 1705 1844 solvi

236 1867 364 1892 summa
387 1857 456 1892 fide
485 1859 603 1893 solitas
632 1859 804 1900 detinere;
835 1870 924 1904 quae
953 1858 1029 1904 ipsa
1057 1857 1268 1892 odiosissime
1300 1856 1502 1902 parsimonia
1530 1867 1606 1890 cum
1639 1867 1706 1890 nou

235 1903 388 1938 sufficiat
411 1904 629 1950 expediendis
651 1904 774 1951 quibus
795 1908 906 1939 status
929 1908 966 1938 et
988 1904 1079 1938 salus
1100 1903 1231 1948 imperii
1254 1908 1385 1937 ematur
1407 1901 1619 1947 sumptibus,
1643 1901 1708 1936 ali-

236 1961 336 1994 quam
370 1950 487 1996 utique
520 1950 754 1986 inveniendam
788 1950 1028 1985 extundendae
1060 1950 1293 1995 undecumque
1323 1948 1490 1994 pecuniae
1529 1947 1705 1982 rationem.

236 2005 337 2039 quam
361 2001 472 2030 autem
497 1996 583 2031 hanc
606 1997 705 2031 aliam
730 2009 752 2032 a
784 1997 963 2031 collatione
986 1996 1195 2031 subditorum
1227 1994 1431 2030 comminisci
1456 1994 1533 2040 quis
1564 1994 1706 2029 valeat?

235 2041 324 2074 “sed
349 2053 612 2078 commoveamus
636 2055 701 2089 age
724 2042 835 2077 sane''
858 2042 1005 2077 subiecit
1028 2042 1333 2088 “disputationem,
1357 2045 1489 2075 retorto
1514 2039 1558 2074 ad
1580 2051 1708 2074 memo-

237 2086 322 2120 riam
348 2088 597 2133 principatuum
618 2095 712 2124 retro
735 2089 903 2135 lapsorum
926 2100 948 2124 a
970 2088 1077 2123 nostri
1100 2087 1255 2122 hodierni
1279 2087 1491 2133 experientia
1509 2086 1632 2120 mentis
1652 2085 1706 2120 in-

235 2131 361 2166 tuitu.”
406 2134 538 2169 induxit
569 2135 625 2170 hic
654 2135 875 2181 imperatores
906 2135 1083 2181 antiquos,
1116 2139 1153 2169 et
1183 2133 1327 2168 maxime
1359 2135 1536 2175 loannem,
1569 2133 1707 2166 demon-

236 2182 351 2212 strans
381 2185 542 2225 quantum
577 2181 657 2216 huic
686 2182 832 2216 studium
861 2181 967 2216 fuerit
999 2180 1158 2225 pecuniae
1181 2180 1460 2225 congregandae,
1496 2190 1538 2212 eo
1569 2177 1705 2223 quidem

237 2233 347 2268 usque
380 2230 420 2259 ut
449 2226 563 2261 delata
599 2228 631 2262 ei
663 2227 846 2273 aliquando
877 2227 1018 2273 querela
1050 2238 1111 2272 per
1134 2227 1298 2272 quosdam
1321 2224 1578 2259 convehentium
1600 2233 1707 2268 pecu-

237 2268 327 2303 niam
350 2271 522 2316 publicam
557 2273 600 2307 de
631 2274 840 2318 negligentia
864 2274 1040 2308 custodum
1072 2272 1219 2313 aerarii,
1251 2272 1408 2317 accipere
1437 2269 1550 2303 statim
1573 2279 1647 2302 eam
1669 2271 1707 2302 et

235 2315 328 2349 iutro
362 2317 545 2352 recondere
576 2318 823 2363 differentium,
854 2324 951 2354 tanta
981 2319 1036 2353 ira
1066 2318 1234 2352 exarserit
1265 2317 1299 2351 in
1325 2316 1497 2350 ministros
1519 2314 1604 2348 duos
1625 2314 1706 2348 talis

235 2360 470 2407 indiligentiae
496 2369 705 2408 compertos,
739 2370 778 2399 ut
802 2377 917 2399 eorum
940 2366 1048 2399 altero
1081 2368 1171 2399 metu
1195 2362 1371 2409 supplicii,
1403 2361 1447 2395 ad
1479 2359 1591 2394 Lazos
1623 2361 1706 2405 fuga

237 2407 374 2450 delato,
408 2410 666 2454 comprehensus
698 2410 785 2444 alter
817 2415 871 2444 tot
901 2414 1038 2456 tamque
1069 2409 1232 2455 gravibus
1255 2409 1348 2442 iussu
1371 2405 1519 2450 Augusti
1550 2405 1706 2440 concisus

237 2452 348 2498 plagis
374 2454 502 2496 suerit,
532 2466 620 2500 quae
651 2455 867 2490 verisimilem
895 2457 1083 2501 opinionem
1117 2455 1295 2489 multorum
1317 2452 1460 2486 feceriut
1483 2451 1556 2486 eius
1578 2453 1706 2486 obitum

237 2499 356 2544 paucis
390 2500 511 2534 diebus
542 2505 622 2546 post
653 2505 806 2534 secutum
829 2500 888 2535 isti
917 2501 1137 2545 flagellationi
1162 2499 1392 2534 tribuentium.
1440 2497 1490 2531 rei
1513 2499 1564 2532 sic
1587 2503 1707 2543 gestae

235 2547 359 2578 testem
382 2546 524 2591 protulit
544 2551 625 2580 tunc
647 2545 863 2591 logariastem
886 2547 984 2581 aulae
1006 2546 1189 2590 Angelum,
1224 2556 1290 2590 quo
1322 2545 1367 2578 ad
1398 2544 1462 2578 hoc
1492 2544 1602 2589 ipsum
1625 2555 1708 2590 pro-

238 2591 400 2625 fitendum
425 2592 538 2626 statim
559 2592 656 2626 domo
681 2592 813 2633 accito,
846 2603 920 2626 cum
954 2593 1118 2637 quaedam
1142 2592 1296 2625 obstaret
1318 2590 1586 2625 inconvenientia
1607 2602 1652 2624 ne
1673 2589 1708 2623 is

239 2636 331 2671 intro
355 2637 519 2672 admissus
542 2649 655 2672 coram
678 2642 778 2671 coetu
801 2643 985 2683 appareret
1017 2637 1193 2682 (quoniam
1215 2636 1292 2670 hinc
1315 2635 1450 2681 quidem
1473 2636 1581 2670 virum
1603 2635 1708 2670 officii

240 2683 367 2717 honore
389 2683 585 2718 decoratum
611 2689 705 2718 stare
728 2682 805 2717 aliis
829 2683 1083 2717 considentibus
1106 2682 1195 2716 haud
1217 2694 1360 2727 aequum
1382 2682 1543 2716 censebat
1564 2682 1708 2728 impera-

240 2734 307 2771 tor,
332 2740 449 2764 rursus
473 2735 586 2764 autem
608 2729 730 2763 sedere
758 2728 808 2762 ibi
830 2741 905 2763 eum
928 2729 985 2774 qui
1007 2740 1074 2762 non
1097 2729 1141 2762 ad
1165 2729 1366 2762 censendum
1394 2727 1437 2762 de
1458 2727 1605 2772 negotiis
1626 2738 1708 2772 pro-

239 2774 358 2817 positis
382 2775 444 2809 sed
467 2776 511 2810 ad
533 2775 648 2810 brevis
681 2775 836 2820 responsi
867 2775 984 2810 statim
1006 2774 1246 2819 expediendam
1269 2773 1491 2815 redditionem
1514 2779 1708 2815 vocaretur,

241 2820 515 2867 intempestivum
532 2821 736 2865 2videbatur)
760 2821 910 2867 scriptor
931 2820 1029 2856 huius
1051 2820 1212 2856 historiae
1242 2826 1278 2855 et
1301 2820 1386 2856 alius
1408 2831 1428 2854 e
1451 2819 1554 2863 clero,
1576 2825 1614 2854 et
1632 2818 1709 2864 ipse
