1820 3112
198 169 262 216 54
621 166 856 212 GEORGII
888 163 1242 209 PACHYMERIS

195 280 426 341 χρώμενος,
473 281 627 323 ἐκεῖθεν
664 279 925 333 ἀντιπέμπειν
966 277 1064 328 τοὺς
1104 277 1362 334 ἀντεροῦντας
1394 276 1452 333 μὴ
1487 277 1667 334 ἐξελθεῖν

197 351 299 407 μήτε
322 351 404 406 μὴν
427 349 681 406 ἀφικέσθαι,
731 348 806 392 κᾶν
835 346 857 391 ὅ
876 365 915 390 τι
945 349 1011 390 καὶ
1035 345 1263 402 πράττοιεν.
1335 343 1392 396 ὥς
1409 350 1506 402 γοῦν
1527 345 1667 388 ἀνεσε-

200 419 352 475 σόβητο
372 415 492 473 μὲνὴ
528 417 645 474 θήρα
672 424 758 467 τοῖς
787 416 1030 472 ὑπηρέταις,
1075 414 1329 471 ὑπέστρεφον
1356 414 1401 457 δὲ
1430 416 1534 458 κενοὶ
1565 414 1670 471 πρὸς

199 489 296 538 τούς
317 487 663 538 ἀποστείλαντας,
701 491 775 539 τῆς
796 484 951 540 ἡμέρας
980 486 1020 527 ἐν
1050 483 1213 533 τούτοις
1243 483 1529 537 τελεσθείσης,
1567 484 1667 525 ἔπα-

199 555 464 611 λαστῆσαντα
486 555 557 597 τὸν
577 553 632 605 ὡς
651 555 791 611 κριτὴν
813 551 1087 606 καθεζόμενον
1110 555 1230 595 εἷπεῒν
1253 549 1351 606 ὡςῆ
1374 551 1477 607 πρὸς
1495 551 1567 594 τὸν
1578 553 1702 595 Κυ-5

150 634 183 668 Ε
208 627 315 678 ζίκου
337 624 509 678 ἀσχολία
532 625 723 673 πλείστας
747 624 810 666 ἐπὶ
831 629 916 672 τοῖς
942 625 1098 670 λοιποῖς
1119 620 1284 678 πράξεις
1300 619 1466 676 ἤργησε,
1503 620 1570 662 καὶ
1587 637 1672 675 μη-

200 695 268 736 δὲν
301 692 540 748 προσθέντα
570 691 820 747 ἀναστῆναι,
859 688 1011 733 κανόνα
1034 690 1208 744 θέμενον
1228 691 1295 731 καὶ
1325 690 1389 731 ἐπὶ
1409 695 1496 738 τοῖς
1516 693 1673 738 λοιποῖς

201 766 260 820 τῷ
289 764 634 817 πατριαρχοῦντι,
671 754 703 818 ᾧ
736 760 788 815 δὴ
815 763 990 814 στοιχῶν
1023 758 1073 801 ἂν
1105 760 1253 807 ἐκεῖνος
1271 757 1323 800 τὰ
1343 755 1466 811 ὅμοια
1487 758 1554 800 καὶ
1576 756 1674 806 τοί-ς

202 829 354 880 ἄλλους
374 827 580 873 διάθοιτο.
652 827 760 871 οὕτω
781 829 854 883 μέν
877 823 948 871 οὖν
970 829 1034 870 ἐπὶ
1055 834 1141 876 τοῖς
1163 826 1376 883 προτέροις
1397 827 1462 869 καὶ
1483 829 1567 868 τῶν
1586 829 1674 868 λοι-

203 902 293 941 πῶν
324 895 479 954 έρῆμην
509 898 863 953 κατακριθέντων,
909 901 1032 938 τοῦτο
1061 897 1180 938 πλέον
1212 893 1394 950 σχόντων
1425 894 1472 937 τὸ
1501 893 1560 949 μὴ
1577 892 1670 948 μετ’
1685 902 1730 937 10

203 966 369 1020 ἀτιμίας
391 970 709 1023 καθαιρεῖσθαι,
752 965 855 1022 πρὸς
871 963 916 1007 (ἐν
944 969 1067 1007 τοῦτο
1100 968 1338 1019 συμπαθῶν
1358 963 1569 1019 φανέντων
1593 966 1687 1005 τῶν.

83 1043 113 1077 Ρ
136 1042 182 1079 32
206 1031 547 1091 καθαιρούντων,
618 1033 739 1090 (18)
773 1033 901 1089 μηνὸς
926 1031 1143 1083 ἐνστάντος
1169 1035 1464 1085 Πυαντιῶνος,
1498 1030 1602 1074 καθ’
1629 1029 1677 1074 ὃν

203 1106 260 1153 εἷς
291 1104 407 1152 τέλος
436 1100 545 1144 ἅπαν
574 1102 742 1159 δένδρον
773 1103 839 1144 καὶ
878 1105 960 1144 πᾶν
990 1102 1033 1143 ἐκ
1061 1106 1134 1158 γῆς
1165 1101 1386 1144 ἀνατέλλον
1415 1098 1674 1156 πεφύλλωτο,

204 1169 353 1226 ψιάδες
386 1172 560 1225 α’ίματος
591 1169 821 1227 σι’νρανόθεν
844 1170 1038 1227 ἐφέροντο
1051 1203 1063 1222 ,
1102 1169 1196 1213 ὅσαι
1225 1170 1299 1222 μὲν
1322 1171 1378 1219 εἲς
1397 1173 1473 1225 γῆν
1493 1168 1676 1220 ἔπιπτον,

204 1246 291 1290 τοῖς
311 1237 500 1294 χώμασιν
532 1238 806 1293 ἓπειλυόμεναι
827 1240 1030 1293 μηδεμίαν
1060 1238 1315 1295 παρέχουσαί
1333 1254 1436 1281 τισιν
1461 1237 1672 1292 αἴσθησιν,
1689 1245 1732 1282 15

208 1306 300 1350 ὅσαι
324 1309 368 1350 δὲ
391 1306 562 1364 φύλλοις
587 1307 613 1362 ’ἢ
643 1308 807 1364 πέτραις
831 1306 855 1362 ἢ
886 1308 1061 1361 ἱματίοις
1082 1305 1387 1364 κατερράδατο,
1425 1306 1679 1361 ἔπιμιαίνου-

160 1382 190 1416 Β
215 1392 285 1419 σαι
303 1375 356 1418 τὰ
378 1374 574 1430 δεχόμενα
586 1408 599 1428 ,
638 1376 818 1432 ἀκριβῶς
842 1373 1099 1432 παριστῶσαι
1120 1375 1193 1430 τὴν
1211 1373 1348 1432 φύσιν.
1403 1375 1493 1428 ἐμοὶ
1513 1374 1588 1428 μὲν
1607 1369 1681 1416 οὖν

207 1442 505 1500 ἀναμφιβόλως
525 1442 695 1501 φάσκειν
719 1444 786 1486 διὰ
805 1449 938 1486 ταῦτα
955 1449 1162 1499 συμβῆναι
1180 1443 1358 1496 κάκεῖνα,
1377 1442 1426 1486 οὗ
1439 1444 1574 1493 πίστις
1594 1441 1681 1485 ἕνε-

207 1529 297 1555 στιν
317 1509 512 1567 ἀκριβής·
550 1513 781 1569 ἱστοροῦντι
804 1513 847 1554 δὲ
871 1512 995 1568 λέγειν
1017 1515 1084 1555 καὶ
1115 1517 1274 1566 ταῦτα,
1311 1510 1388 1555 κᾶν
1415 1510 1574 1555 ἔκείνων
1603 1509 1682 1554 κᾶν

207 1579 345 1624 ἄλλων
381 1580 494 1623 ἕνεκα
527 1580 736 1637 γένοιντο,
784 1580 858 1624 οὐκ
893 1582 1083 1642 ἀπᾷδον,
1131 1579 1244 1637 οἶμαι
1264 1613 1278 1635 ,
1325 1581 1449 1624 δοκεῖ.
1529 1578 1736 1630 ἅλλουςεο

298 1700 333 1736 3.
357 1702 466 1745 πεῖρα
490 1699 533 1734 Ρ.

210 1801 419 1837 clesiasticos
443 1802 630 1848 ministros,
656 1814 797 1849 quorum
822 1815 863 1838 eo
887 1804 1088 1850 penetrandi
1110 1804 1164 1839 ius
1188 1808 1262 1850 est,
1286 1803 1510 1839 denuntiabat
1529 1800 1686 1837 satelliti—

210 1849 274 1882 bus
297 1859 334 1882 se
357 1849 574 1894 neutiquam,
608 1850 769 1895 quidquid
794 1855 913 1884 contra
935 1850 1150 1894 molirentur,
1183 1851 1262 1885 inde
1285 1852 1531 1886 abscessurum.
1575 1858 1685 1894 quare

210 1894 271 1937 illi,
297 1893 354 1927 die
377 1895 411 1928 in
434 1895 486 1929 his
513 1896 642 1930 frustra
665 1900 880 1942 consumpto,
903 1896 1017 1930 coacti
1049 1898 1111 1931 sub
1145 1909 1322 1942 vesperam
1351 1896 1464 1931 redire
1485 1906 1522 1929 re
1542 1894 1683 1935 inrecta,

209 1942 249 1973 ut
281 1941 409 1984 synodo
442 1941 680 1975 renuntiarunt
710 1943 799 1987 quod
829 1946 1011 1983 evenerat,
1041 1943 1216 1987 perculsus
1252 1943 1310 1989 qui
1341 1947 1382 1976 ut
1403 1941 1507 1976 index
1529 1939 1685 1983 sedebat,

208 1996 350 2030 nempe,
383 1986 453 2029 ait,
486 1987 595 2021 inanis
619 1987 709 2022 circa
735 1988 940 2032 Cyzicenum
964 1988 1055 2031 longi
1078 1989 1240 2033 temporis
1263 2000 1368 2033 opera
1391 1987 1498 2022 otium
1518 1985 1686 2020 inutiliter

210 2031 439 2075 consumpsit,
466 2033 578 2066 multis
601 2039 816 2068 caeterorum
840 2034 1052 2067 absolvendis
1076 2035 1187 2068 causis
1209 2035 1441 2069 suffecturum.
1487 2037 1524 2067 et
1549 2032 1604 2066 bis
1630 2029 1686 2064 di-

210 2076 276 2109 ctis
299 2078 460 2118 surrexit,
481 2079 695 2123 praescripta
717 2080 934 2134 patriarchae
957 2080 1099 2114 formula
1122 2092 1222 2124 quam
1243 2086 1362 2115 tenere
1385 2079 1527 2114 deberet
1549 2077 1586 2112 in
1609 2075 1686 2111 aliis

210 2121 285 2165 pari
306 2123 456 2167 exemplo
480 2124 669 2168 puniendis.
715 2131 766 2159 ita
790 2130 868 2170 post
890 2135 969 2167 eos,
1000 2126 1057 2171 qui
1083 2127 1198 2160 vexati
1230 2126 1382 2172 maleque
1417 2124 1550 2159 multati
1582 2133 1688 2168 prae-
1746 2134 1753 2142 ·

210 2170 326 2201 sentes
348 2168 496 2209 fuerant,
521 2170 643 2215 reliqui
667 2175 707 2205 ut
730 2177 944 2205 contumaces
967 2171 1003 2204 in
1028 2172 1182 2206 absentia
1205 2173 1425 2213 damnantur,
1449 2171 1513 2204 boc
1535 2180 1601 2202 uno
1623 2169 1687 2202 be-

209 2212 310 2256 nigne
345 2224 449 2255 agere
472 2214 506 2247 in
531 2216 591 2248 hos
616 2216 697 2250 visis
721 2217 805 2250 feris
828 2217 895 2250 illis
920 2217 1078 2259 arbitris,
1111 2218 1201 2262 quod
1239 2218 1445 2252 acerbitates
1469 2213 1688 2249 contumelio*

209 2256 418 2292 sissimarum
441 2260 736 2295 incomitiationum
760 2263 795 2296 in
821 2268 1018 2307 praesentes
1043 2265 1268 2297 exer-citarum
1291 2263 1475 2302 remisere,
1506 2260 1580 2293 1⁰⁰0
1614 2269 1687 2293 ¹¹1⁰·-

207 2314 291 2336 vere
314 2314 379 2337 non
403 2310 637 2349 comparentes
661 2307 748 2340 citra
770 2308 1020 2352 ignominiosam
1042 2309 1192 2354 ipsorum
1206 2309 1414 2343 adstantium
1435 2304 1688 2340 traductionem

209 2349 370 2382 contenti.
420 2351 499 2394 (18)
523 2351 663 2385 Ineunte
679 2352 771 2386 Maio
795 2365 928 2395 mense,
949 2366 1015 2399 quo
1049 2356 1151 2388 arbor
1175 2354 1280 2388 omnis
1305 2357 1341 2386 et
1363 2350 1526 2396 quidquid
1549 2361 1570 2383 e
1591 2354 1688 2384 terra

208 2395 319 2428 oritur
342 2395 506 2437 fruticat,
529 2403 647 2440 guttae
671 2398 844 2441 sanguinis
868 2411 886 2432 e
914 2400 1007 2433 coelo
1033 2399 1258 2433 destinarunt.
1302 2399 1425 2433 harum
1449 2399 1618 2442 quotquot
1649 2396 1688 2429 in

209 2443 336 2473 terram
359 2440 576 2483 inciderunt,
600 2447 661 2476 aut
684 2448 846 2477 exsuctae
870 2444 985 2477 bibula
1009 2445 1190 2489 superficie
1222 2448 1282 2478 aut
1314 2442 1460 2477 naturali
1493 2453 1557 2476 nec
1589 2441 1689 2486 plane

208 2485 352 2519 absimili
383 2486 445 2519 soli
481 2488 698 2521 subrubentis
732 2490 844 2522 colore
877 2491 1038 2523 confusae
1070 2490 1121 2523 sui
1147 2501 1280 2523 sensum
1304 2489 1346 2523 ad
1378 2488 1493 2522 oculos
1515 2497 1581 2520 non
1606 2497 1690 2532 per-

207 2532 338 2573 tulere,
374 2532 432 2565 sed
458 2532 698 2567 inobservatae
722 2539 922 2567 vanuerunt.
969 2546 1057 2579 quae
1080 2546 1162 2568 vero
1186 2535 1277 2568 foliis
1301 2534 1528 2568 frondentium
1552 2532 1690 2576 planta-

209 2586 296 2618 rum,
316 2588 405 2621 quae
427 2578 535 2622 petris
558 2590 714 2624 quaeque
737 2579 821 2612 velis
846 2591 886 2612 ac
910 2584 1006 2613 textu
1029 2580 1174 2614 vestium
1198 2585 1278 2614 sunt
1301 2584 1477 2623 exceptae,
1501 2578 1553 2612 uti
1575 2577 1691 2612 disco-

207 2620 283 2655 lore
306 2622 436 2657 macula
465 2623 644 2667 pingentes
668 2624 856 2658 subiectam
878 2625 1073 2666 materiam,
1107 2626 1198 2659 clare
1222 2625 1274 2659 sui
1297 2630 1454 2660 naturam
1477 2623 1692 2658 animadver-

205 2667 343 2701 tendam
367 2669 566 2713 praebuere.
612 2670 649 2703 id
674 2674 842 2704 ostentum
866 2676 978 2704 utrum
1005 2682 1026 2704 a
1049 2670 1112 2704 deo
1143 2671 1188 2704 sit
1210 2671 1392 2705 immissum
1417 2669 1460 2704 ad
1484 2669 1558 2703 eius
1582 2668 1691 2714 signi-

205 2712 373 2748 ficandam
406 2714 449 2748 de
480 2715 582 2748 rebus
614 2727 702 2760 quae
725 2721 806 2750 tunc
829 2716 1037 2760 gerebantur
1061 2717 1284 2759 sententiam,
1314 2716 1403 2750 baud
1437 2714 1593 2760 equidem
1627 2715 1692 2750 de-

205 2757 304 2792 finire
328 2761 422 2794 certo
449 2760 666 2795 affirmareve
691 2761 809 2796 ausim.
857 2761 946 2806 quod
974 2765 1087 2796 autem
1112 2762 1263 2796 historici
1287 2762 1436 2796 officinm
1460 2761 1587 2805 exigit,
1622 2771 1690 2794 non

205 2803 444 2848 dissimulabo,
467 2805 574 2841 visum
598 2806 801 2852 quibusdam
825 2807 890 2842 hoc
912 2807 1085 2853 pertinere
1107 2811 1179 2842 tum
1202 2808 1246 2843 ad
1269 2819 1312 2843 ea
1333 2819 1422 2854 quae
1443 2807 1543 2842 modo
1566 2805 1691 2842 retuli-
