<?xml version="1.0" encoding="UTF-8"?>
<!DOCTYPE html PUBLIC "-//W3C//DTD XHTML 1.0 Transitional//EN"
    "http://www.w3.org/TR/xhtml1/DTD/xhtml1-transitional.dtd">
<html xmlns="http://www.w3.org/1999/xhtml" xml:lang="en" lang="en">
 <head>
  <title>
</title>
<meta http-equiv="Content-Type" content="text/html;charset=utf-8" />
  <meta name='ocr-system' content='tesseract 3.04.00' />
  <meta name='ocr-capabilities' content='ocr_page ocr_carea ocr_par ocr_line ocrx_word'/>
</head>
<body>
  <div class='ocr_page' id='page_1' title='image "./corpusscriptorum18niebuoft_0118.png"; bbox 0 0 1820 3112; ppageno 0'>
   <div class='ocr_carea' id='block_1_1' title="bbox 179 157 1224 217">
    <p class='ocr_par' dir='ltr' id='par_1_1' title="bbox 179 157 1224 217">
     <span class='ocr_line' id='line_1_1' title="bbox 179 157 1224 217; baseline -0.001 -14"><span class='ocrx_word' id='word_1_1' title='bbox 179 157 274 204; x_wconf 79' lang='lat'><strong>102</strong></span> <span class='ocrx_word' id='word_1_2' title='bbox 599 157 836 217; x_wconf 70' lang='lat' dir='ltr'>GEORGII</span> <span class='ocrx_word' id='word_1_3' title='bbox 869 157 1224 202; x_wconf 81' lang='lat' dir='ltr'><strong>PACHYMERIS</strong></span> 
     </span>
    </p>
   </div>
   <div class='ocr_carea' id='block_1_2' title="bbox 58 265 1704 1774">
    <p class='ocr_par' dir='ltr' id='par_1_2' title="bbox 58 265 1704 1774">
     <span class='ocr_line' id='line_1_2' title="bbox 174 265 1647 328; baseline 0.001 -13"><span class='ocrx_word' id='word_1_4' title='bbox 174 274 465 327; x_wconf 78' lang='grc' dir='ltr'><em>δαπανηθῆναι</em></span> <span class='ocrx_word' id='word_1_5' title='bbox 477 302 490 322; x_wconf 87' lang='grc'><strong><em>,</em></strong></span> <span class='ocrx_word' id='word_1_6' title='bbox 526 269 627 326; x_wconf 75' lang='grc' dir='ltr'><strong><em>ὑπὲρ</em></strong></span> <span class='ocrx_word' id='word_1_7' title='bbox 647 265 697 326; x_wconf 69' lang='grc' dir='ltr'><strong>ἧς</strong></span> <span class='ocrx_word' id='word_1_8' title='bbox 717 270 843 320; x_wconf 77' lang='grc' dir='ltr'><strong><em>αὐτὸς</em></strong></span> <span class='ocrx_word' id='word_1_9' title='bbox 861 269 883 314; x_wconf 83' lang='grc' dir='ltr'><em>ὃ</em></span> <span class='ocrx_word' id='word_1_10' title='bbox 899 271 1088 327; x_wconf 80' lang='grc' dir='ltr'><strong><em>Χριστὸς</em></strong></span> <span class='ocrx_word' id='word_1_11' title='bbox 1103 271 1152 315; x_wconf 81' lang='grc' dir='ltr'><strong>τὸ</strong></span> <span class='ocrx_word' id='word_1_12' title='bbox 1185 273 1330 315; x_wconf 81' lang='grc' dir='ltr'><strong><em>οῗκεΐον</em></strong></span> <span class='ocrx_word' id='word_1_13' title='bbox 1351 269 1456 327; x_wconf 78' lang='grc' dir='ltr'><strong><em>αἷμα</em></strong></span> <span class='ocrx_word' id='word_1_14' title='bbox 1478 272 1647 328; x_wconf 74' lang='grc' dir='ltr'><strong><em>ἔξέχεε.”</em></strong></span> 
     </span>
     <span class='ocr_line' id='line_1_3' title="bbox 174 336 1647 396; baseline 0.001 -12"><span class='ocrx_word' id='word_1_15' title='bbox 174 346 307 384; x_wconf 73' lang='grc' dir='ltr'><strong><em>ταῦτα</em></strong></span> <span class='ocrx_word' id='word_1_16' title='bbox 332 342 397 382; x_wconf 80' lang='grc' dir='ltr'><strong>καὶ</strong></span> <span class='ocrx_word' id='word_1_17' title='bbox 417 339 541 381; x_wconf 86' lang='grc' dir='ltr'><strong><em>πλείω</em></strong></span> <span class='ocrx_word' id='word_1_18' title='bbox 561 337 720 382; x_wconf 81' lang='grc' dir='ltr'><strong><em>τούτων</em></strong></span> <span class='ocrx_word' id='word_1_19' title='bbox 744 341 864 383; x_wconf 73' lang='grc' dir='ltr'><strong><em>εἰπὼν</em></strong></span> <span class='ocrx_word' id='word_1_20' title='bbox 885 343 1009 396; x_wconf 78' lang='grc' dir='ltr'><strong><em>δῆλος</em></strong></span> <span class='ocrx_word' id='word_1_21' title='bbox 1028 336 1077 395; x_wconf 76' lang='grc' dir='ltr'><strong><em>ἦν</em></strong></span> <span class='ocrx_word' id='word_1_22' title='bbox 1099 338 1261 393; x_wconf 81' lang='grc' dir='ltr'><em>ἀλύων,</em></span> <span class='ocrx_word' id='word_1_23' title='bbox 1297 340 1353 396; x_wconf 83' lang='grc' dir='ltr'><strong>μὴ</strong></span> <span class='ocrx_word' id='word_1_24' title='bbox 1378 343 1434 391; x_wconf 77' lang='grc' dir='ltr'><strong><em>εἷς</em></strong></span> <span class='ocrx_word' id='word_1_25' title='bbox 1459 341 1585 385; x_wconf 88' lang='grc' dir='ltr'><strong><em>καλόν</em></strong></span> <span class='ocrx_word' id='word_1_26' title='bbox 1607 360 1647 385; x_wconf 87' lang='grc' dir='ltr'><strong>τι</strong></span> 
     </span>
     <span class='ocr_line' id='line_1_4' title="bbox 173 407 1647 465; baseline 0.001 -14"><span class='ocrx_word' id='word_1_27' title='bbox 173 409 276 464; x_wconf 77' lang='grc' dir='ltr'><strong><em>μηδ’</em></strong></span> <span class='ocrx_word' id='word_1_28' title='bbox 301 410 356 458; x_wconf 72' lang='grc' dir='ltr'><strong><em>εἷς</em></strong></span> <span class='ocrx_word' id='word_1_29' title='bbox 379 407 613 464; x_wconf 75' lang='grc' dir='ltr'><strong><em>συμφέρον,</em></strong></span> <span class='ocrx_word' id='word_1_30' title='bbox 654 407 675 450; x_wconf 81' lang='grc' dir='ltr'>ὃ</span> <span class='ocrx_word' id='word_1_31' title='bbox 697 409 748 462; x_wconf 89' lang='grc' dir='ltr'><strong><em>δὴ</em></strong></span> <span class='ocrx_word' id='word_1_32' title='bbox 768 411 835 451; x_wconf 81' lang='grc' dir='ltr'><strong>καὶ</strong></span> <span class='ocrx_word' id='word_1_33' title='bbox 856 407 1086 465; x_wconf 73' lang='grc' dir='ltr'><strong><em>προσεδόκα</em></strong></span> <span class='ocrx_word' id='word_1_34' title='bbox 1100 443 1113 462; x_wconf 90' lang='grc'><strong><em>,</em></strong></span> <span class='ocrx_word' id='word_1_35' title='bbox 1148 407 1436 464; x_wconf 78' lang='grc' dir='ltr'><strong><em>καταληξάσης</em></strong></span> <span class='ocrx_word' id='word_1_36' title='bbox 1457 415 1530 465; x_wconf 79' lang='grc' dir='ltr'><strong>τῆς</strong></span> <span class='ocrx_word' id='word_1_37' title='bbox 1552 413 1647 454; x_wconf 87' lang='grc' dir='ltr'><strong><em>δια-</em></strong></span> 
     </span>
     <span class='ocr_line' id='line_1_5' title="bbox 173 472 1647 533; baseline 0.001 -13"><span class='ocrx_word' id='word_1_38' title='bbox 173 478 328 528; x_wconf 77' lang='grc' dir='ltr'><strong><em>λέξεως.</em></strong></span> <span class='ocrx_word' id='word_1_39' title='bbox 402 475 493 519; x_wconf 87' lang='grc' dir='ltr'><strong><em>τότε</em></strong></span> <span class='ocrx_word' id='word_1_40' title='bbox 525 477 570 519; x_wconf 76' lang='grc' dir='ltr'><strong><em>δὲ</em></strong></span> <span class='ocrx_word' id='word_1_41' title='bbox 599 472 682 520; x_wconf 78' lang='grc' dir='ltr'><strong><em>ὧδέ</em></strong></span> <span class='ocrx_word' id='word_1_42' title='bbox 706 495 767 527; x_wconf 88' lang='grc' dir='ltr'><strong>τις</strong></span> <span class='ocrx_word' id='word_1_43' title='bbox 799 477 848 520; x_wconf 75' lang='grc' dir='ltr'><strong><em>ἂν</em></strong></span> <span class='ocrx_word' id='word_1_44' title='bbox 869 477 950 520; x_wconf 77' lang='grc' dir='ltr'><strong><em>εἶπε</em></strong></span> <span class='ocrx_word' id='word_1_45' title='bbox 981 478 1084 533; x_wconf 83' lang='grc' dir='ltr'><strong><em>πρὸς</em></strong></span> <span class='ocrx_word' id='word_1_46' title='bbox 1103 479 1276 533; x_wconf 81' lang='grc' dir='ltr'><strong><em>πλησίον</em></strong></span> <span class='ocrx_word' id='word_1_47' title='bbox 1297 477 1444 531; x_wconf 75' lang='grc' dir='ltr'><strong><em>ἄλλον,</em></strong></span> <span class='ocrx_word' id='word_1_48' title='bbox 1482 478 1548 522; x_wconf 67' lang='lat' dir='ltr'><strong>“cii</strong></span> <span class='ocrx_word' id='word_1_49' title='bbox 1569 477 1647 522; x_wconf 83' lang='grc' dir='ltr'><strong><em>πό-</em></strong></span> 
     </span>
     <span class='ocr_line' id='line_1_6' title="bbox 173 542 1681 606; baseline 0.003 -18"><span class='ocrx_word' id='word_1_50' title='bbox 173 564 266 599; x_wconf 87' lang='grc' dir='ltr'><strong><em>ποι,</em></strong></span> <span class='ocrx_word' id='word_1_51' title='bbox 304 542 330 601; x_wconf 55' lang='lat' dir='ltr'><strong>o}</strong></span> <span class='ocrx_word' id='word_1_52' title='bbox 359 545 461 601; x_wconf 66' lang='grc' dir='ltr'><strong>μέγα</strong></span> <span class='ocrx_word' id='word_1_53' title='bbox 495 546 545 600; x_wconf 72' lang='grc' dir='ltr'><strong><em>δὴ</em></strong></span> <span class='ocrx_word' id='word_1_54' title='bbox 574 546 621 588; x_wconf 82' lang='grc' dir='ltr'><strong>τὸ</strong></span> <span class='ocrx_word' id='word_1_55' title='bbox 654 551 787 589; x_wconf 80' lang='grc' dir='ltr'><strong><em>ταῦτα</em></strong></span> <span class='ocrx_word' id='word_1_56' title='bbox 817 555 936 590; x_wconf 83' lang='grc' dir='ltr'><strong><em>κινεῖν</em></strong></span> <span class='ocrx_word' id='word_1_57' title='bbox 967 549 1035 589; x_wconf 85' lang='grc' dir='ltr'><strong>καὶ</strong></span> <span class='ocrx_word' id='word_1_58' title='bbox 1069 549 1197 601; x_wconf 72' lang='grc' dir='ltr'><strong><em>ζητεῖν</em></strong></span> <span class='ocrx_word' id='word_1_59' title='bbox 1229 550 1424 589; x_wconf 84' lang='grc' dir='ltr'><strong><em>συνιστᾶν</em></strong></span> <span class='ocrx_word' id='word_1_60' title='bbox 1443 546 1681 606; x_wconf 17' lang='grc' dir='ltr'><strong><em>τὴνιῖδιάνὸ</em></strong></span> 
     </span>
     <span class='ocr_line' id='line_1_7' title="bbox 58 613 1647 669; baseline 0.001 -12"><span class='ocrx_word' id='word_1_61' title='bbox 58 618 85 652; x_wconf 90' lang='grc' dir='ltr'>Ρ</span> <span class='ocrx_word' id='word_1_62' title='bbox 108 618 152 653; x_wconf 88' lang='grc'><strong>65</strong></span> <span class='ocrx_word' id='word_1_63' title='bbox 177 613 440 669; x_wconf 77' lang='grc' dir='ltr'><strong><em>δικαιοσύνην</em></strong></span> <span class='ocrx_word' id='word_1_64' title='bbox 473 614 669 667; x_wconf 68' lang='grc' dir='ltr'><strong><em>ἕκαστον,</em></strong></span> <span class='ocrx_word' id='word_1_65' title='bbox 719 615 859 659; x_wconf 75' lang='grc' dir='ltr'><strong><em>ἱκανὸν</em></strong></span> <span class='ocrx_word' id='word_1_66' title='bbox 893 615 939 658; x_wconf 80' lang='grc' dir='ltr'><strong><em>ὂν</em></strong></span> <span class='ocrx_word' id='word_1_67' title='bbox 969 618 1002 658; x_wconf 83' lang='grc' dir='ltr'><strong><em>εἲ</em></strong></span> <span class='ocrx_word' id='word_1_68' title='bbox 1033 616 1303 665; x_wconf 77' lang='grc' dir='ltr'><strong>διαλυθέντος</strong></span> <span class='ocrx_word' id='word_1_69' title='bbox 1330 620 1403 658; x_wconf 84' lang='grc' dir='ltr'><strong>τοῦ</strong></span> <span class='ocrx_word' id='word_1_70' title='bbox 1434 615 1540 658; x_wconf 78' lang='grc' dir='ltr'><strong><em>κατὰ</em></strong></span> <span class='ocrx_word' id='word_1_71' title='bbox 1575 616 1647 659; x_wconf 85' lang='grc' dir='ltr'><strong><em>τὸν</em></strong></span> 
     </span>
     <span class='ocr_line' id='line_1_8' title="bbox 172 679 1645 729; baseline 0 -3"><span class='ocrx_word' id='word_1_72' title='bbox 172 682 315 726; x_wconf 81' lang='grc' dir='ltr'><strong><em>πάπαν</em></strong></span> <span class='ocrx_word' id='word_1_73' title='bbox 339 681 573 726; x_wconf 76' lang='grc' dir='ltr'><strong><em>σκανδάλου</em></strong></span> <span class='ocrx_word' id='word_1_74' title='bbox 593 686 661 726; x_wconf 83' lang='grc' dir='ltr'><strong>καὶ</strong></span> <span class='ocrx_word' id='word_1_75' title='bbox 680 679 811 727; x_wconf 76' lang='grc' dir='ltr'><strong><em>τᾶλλα</em></strong></span> <span class='ocrx_word' id='word_1_76' title='bbox 844 682 978 727; x_wconf 78' lang='grc' dir='ltr'><strong><em>πάντα</em></strong></span> <span class='ocrx_word' id='word_1_77' title='bbox 1000 682 1299 729; x_wconf 74' lang='grc' dir='ltr'><strong><em>συνδιαλῦοιτο.</em></strong></span> <span class='ocrx_word' id='word_1_78' title='bbox 1368 686 1457 727; x_wconf 77' lang='grc' dir='ltr'><strong><em>νυνὶ</em></strong></span> <span class='ocrx_word' id='word_1_79' title='bbox 1478 685 1522 728; x_wconf 76' lang='grc' dir='ltr'><strong><em>δὲ</em></strong></span> <span class='ocrx_word' id='word_1_80' title='bbox 1546 683 1645 727; x_wconf 77' lang='grc' dir='ltr'><strong><em>ἀλλ’</em></strong></span> 
     </span>
     <span class='ocr_line' id='line_1_9' title="bbox 174 750 1648 808; baseline 0.001 -13"><span class='ocrx_word' id='word_1_81' title='bbox 174 753 346 802; x_wconf 70' lang='grc' dir='ltr'><strong><em>ἕκαστος</em></strong></span> <span class='ocrx_word' id='word_1_82' title='bbox 375 752 451 807; x_wconf 64' lang='grc' dir='ltr'><strong><em>τὴν</em></strong></span> <span class='ocrx_word' id='word_1_83' title='bbox 483 753 590 794; x_wconf 81' lang='grc' dir='ltr'><strong><em>ῗδίαν</em></strong></span> <span class='ocrx_word' id='word_1_84' title='bbox 622 751 882 808; x_wconf 76' lang='grc' dir='ltr'><strong><em>δικαιοσύνην</em></strong></span> <span class='ocrx_word' id='word_1_85' title='bbox 914 756 1067 808; x_wconf 80' lang='grc' dir='ltr'><strong><em>ζητῶν,</em></strong></span> <span class='ocrx_word' id='word_1_86' title='bbox 1115 753 1191 808; x_wconf 73' lang='grc' dir='ltr'><strong><em>τὴν</em></strong></span> <span class='ocrx_word' id='word_1_87' title='bbox 1211 758 1285 795; x_wconf 84' lang='grc' dir='ltr'><strong>τοῦ</strong></span> <span class='ocrx_word' id='word_1_88' title='bbox 1309 757 1413 795; x_wconf 82' lang='grc' dir='ltr'><strong><em>θεοῦ</em></strong></span> <span class='ocrx_word' id='word_1_89' title='bbox 1435 750 1648 796; x_wconf 77' lang='grc' dir='ltr'><strong><em>δικαιοσύ-</em></strong></span> 
     </span>
     <span class='ocr_line' id='line_1_10' title="bbox 173 818 1644 880; baseline 0.001 -16"><span class='ocrx_word' id='word_1_90' title='bbox 173 840 248 876; x_wconf 85' lang='grc' dir='ltr'><strong>νην</strong></span> <span class='ocrx_word' id='word_1_91' title='bbox 278 821 325 864; x_wconf 75' lang='grc' dir='ltr'><strong>οὗ</strong></span> <span class='ocrx_word' id='word_1_92' title='bbox 357 818 532 876; x_wconf 82' lang='grc' dir='ltr'><strong><em>φθάσειε</em></strong></span> <span class='ocrx_word' id='word_1_93' title='bbox 565 819 753 876; x_wconf 83' lang='grc' dir='ltr'><strong><em>πώποτε,</em></strong></span> <span class='ocrx_word' id='word_1_94' title='bbox 786 820 840 872; x_wconf 82' lang='grc' dir='ltr'><strong>ὥς</strong></span> <span class='ocrx_word' id='word_1_95' title='bbox 869 822 1060 866; x_wconf 82' lang='grc' dir='ltr'><strong><em>ε’κεῖνοι.”</em></strong></span> <span class='ocrx_word' id='word_1_96' title='bbox 1130 822 1177 865; x_wconf 84' lang='grc' dir='ltr'><strong>τὸ</strong></span> <span class='ocrx_word' id='word_1_97' title='bbox 1200 822 1243 864; x_wconf 82' lang='grc' dir='ltr'><strong><em>δ’</em></strong></span> <span class='ocrx_word' id='word_1_98' title='bbox 1266 823 1306 872; x_wconf 74' lang='grc' dir='ltr'><strong>ἐς</strong></span> <span class='ocrx_word' id='word_1_99' title='bbox 1336 820 1358 865; x_wconf 81' lang='grc' dir='ltr'>ὅ</span> <span class='ocrx_word' id='word_1_100' title='bbox 1381 839 1419 865; x_wconf 85' lang='grc' dir='ltr'><strong>τι</strong></span> <span class='ocrx_word' id='word_1_101' title='bbox 1441 826 1644 880; x_wconf 77' lang='grc' dir='ltr'><strong><em>προῆλθε,</em></strong></span> 
     </span>
     <span class='ocr_line' id='line_1_11' title="bbox 175 888 1704 947; baseline 0.001 -15"><span class='ocrx_word' id='word_1_102' title='bbox 175 888 387 947; x_wconf 78' lang='grc' dir='ltr'><strong><em>προϊόντες</em></strong></span> <span class='ocrx_word' id='word_1_103' title='bbox 410 890 594 945; x_wconf 70' lang='grc' dir='ltr'><strong><em>ἐροῦμεν.</em></strong></span> <span class='ocrx_word' id='word_1_104' title='bbox 1659 900 1704 934; x_wconf 90' lang='grc'><strong>10</strong></span> 
     </span>
     <span class='ocr_line' id='line_1_12' title="bbox 304 954 1648 1015; baseline 0.002 -16"><span class='ocrx_word' id='word_1_105' title='bbox 304 959 503 1008; x_wconf 81' lang='grc' dir='ltr'><strong><em>Ἔκείνους</em></strong></span> <span class='ocrx_word' id='word_1_106' title='bbox 524 959 599 1012; x_wconf 75' lang='grc' dir='ltr'><strong><em>μὲν</em></strong></span> <span class='ocrx_word' id='word_1_107' title='bbox 620 954 693 1002; x_wconf 71' lang='grc' dir='ltr'><strong><em>οὖν</em></strong></span> <span class='ocrx_word' id='word_1_108' title='bbox 713 956 804 1002; x_wconf 84' lang='grc' dir='ltr'><strong><em>τότε</em></strong></span> <span class='ocrx_word' id='word_1_109' title='bbox 830 964 905 1015; x_wconf 80' lang='grc' dir='ltr'><strong>τῆς</strong></span> <span class='ocrx_word' id='word_1_110' title='bbox 922 956 1100 1002; x_wconf 88' lang='grc' dir='ltr'><strong><em>συνόδου</em></strong></span> <span class='ocrx_word' id='word_1_111' title='bbox 1122 958 1389 1013; x_wconf 74' lang='grc' dir='ltr'><strong>διαλυθείσης</strong></span> <span class='ocrx_word' id='word_1_112' title='bbox 1411 956 1434 1014; x_wconf 81' lang='grc' dir='ltr'><em>ἦ</em></span> <span class='ocrx_word' id='word_1_113' title='bbox 1457 962 1531 1001; x_wconf 88' lang='grc' dir='ltr'><strong><em>τοῦ</em></strong></span> <span class='ocrx_word' id='word_1_114' title='bbox 1560 961 1648 1002; x_wconf 85' lang='grc' dir='ltr'><strong>Κο-</strong></span> 
     </span>
     <span class='ocr_line' id='line_1_13' title="bbox 173 1025 1650 1085; baseline 0 -15"><span class='ocrx_word' id='word_1_115' title='bbox 173 1028 337 1082; x_wconf 87' lang='grc' dir='ltr'><strong><em>σμιδιόυ</em></strong></span> <span class='ocrx_word' id='word_1_116' title='bbox 364 1026 441 1082; x_wconf 66' lang='grc' dir='ltr'><strong><em>εἶχε</em></strong></span> <span class='ocrx_word' id='word_1_117' title='bbox 471 1025 604 1083; x_wconf 84' lang='grc' dir='ltr'><strong><em>μονή,</em></strong></span> <span class='ocrx_word' id='word_1_118' title='bbox 642 1028 748 1082; x_wconf 87' lang='grc' dir='ltr'><strong><em>πλὴν</em></strong></span> <span class='ocrx_word' id='word_1_119' title='bbox 775 1026 856 1071; x_wconf 72' lang='grc' dir='ltr'><strong><em>ὑπὸ</em></strong></span> <span class='ocrx_word' id='word_1_120' title='bbox 886 1035 1084 1085; x_wconf 82' lang='grc' dir='ltr'><strong><em>φρουροῖς</em></strong></span> <span class='ocrx_word' id='word_1_121' title='bbox 1107 1029 1172 1070; x_wconf 82' lang='grc' dir='ltr'><strong>καὶ</strong></span> <span class='ocrx_word' id='word_1_122' title='bbox 1192 1031 1396 1084; x_wconf 84' lang='grc' dir='ltr'><strong><em>φυλακαῖς</em></strong></span> <span class='ocrx_word' id='word_1_123' title='bbox 1414 1025 1650 1083; x_wconf 75' lang='grc' dir='ltr'><strong><em>προσηκού-</em></strong></span> 
     </span>
     <span class='ocr_line' id='line_1_14' title="bbox 172 1094 1649 1151; baseline -0.001 -12"><span class='ocrx_word' id='word_1_124' title='bbox 172 1113 265 1145; x_wconf 89' lang='grc' dir='ltr'><strong><em>σαις</em></strong></span> <span class='ocrx_word' id='word_1_125' title='bbox 278 1111 287 1120; x_wconf 93' lang='grc'><strong><em>·</em></strong></span> <span class='ocrx_word' id='word_1_126' title='bbox 325 1094 398 1146; x_wconf 78' lang='grc' dir='ltr'><strong>οὓς</strong></span> <span class='ocrx_word' id='word_1_127' title='bbox 417 1095 468 1149; x_wconf 77' lang='grc' dir='ltr'><strong><em>δὴ</em></strong></span> <span class='ocrx_word' id='word_1_128' title='bbox 489 1098 554 1138; x_wconf 81' lang='grc' dir='ltr'><strong>καὶ</strong></span> <span class='ocrx_word' id='word_1_129' title='bbox 573 1095 743 1150; x_wconf 71' lang='grc' dir='ltr'><strong><em>πέμπων</em></strong></span> <span class='ocrx_word' id='word_1_130' title='bbox 763 1095 784 1140; x_wconf 81' lang='grc' dir='ltr'>ὅ</span> <span class='ocrx_word' id='word_1_131' title='bbox 803 1097 995 1151; x_wconf 70' lang='grc' dir='ltr'><strong><em>βασιλεὺς</em></strong></span> <span class='ocrx_word' id='word_1_132' title='bbox 1014 1094 1228 1151; x_wconf 81' lang='grc' dir='ltr'><strong><em>εἷρηνεύειν</em></strong></span> <span class='ocrx_word' id='word_1_133' title='bbox 1248 1095 1362 1150; x_wconf 76' lang='grc' dir='ltr'><strong><em>ἠξίου</em></strong></span> <span class='ocrx_word' id='word_1_134' title='bbox 1376 1127 1389 1148; x_wconf 83' lang='grc'><strong><em>,</em></strong></span> <span class='ocrx_word' id='word_1_135' title='bbox 1420 1097 1486 1137; x_wconf 81' lang='grc' dir='ltr'><strong>καὶ</strong></span> <span class='ocrx_word' id='word_1_136' title='bbox 1508 1101 1649 1139; x_wconf 82' lang='grc' dir='ltr'><strong><em>πᾶσαν</em></strong></span> 
     </span>
     <span class='ocr_line' id='line_1_15' title="bbox 121 1162 1648 1221; baseline 0.001 -15"><span class='ocrx_word' id='word_1_137' title='bbox 121 1170 149 1205; x_wconf 81' lang='grc' dir='ltr'><strong><em>Β</em></strong></span> <span class='ocrx_word' id='word_1_138' title='bbox 174 1166 447 1221; x_wconf 83' lang='grc' dir='ltr'><strong><em>δικαιολογίαν</em></strong></span> <span class='ocrx_word' id='word_1_139' title='bbox 470 1164 650 1221; x_wconf 77' lang='grc' dir='ltr'><strong><em>ἀφέντας</em></strong></span> <span class='ocrx_word' id='word_1_140' title='bbox 668 1162 816 1220; x_wconf 78' lang='grc' dir='ltr'><strong><em>διάγειν</em></strong></span> <span class='ocrx_word' id='word_1_141' title='bbox 835 1166 981 1220; x_wconf 66' lang='grc' dir='ltr'><strong><em>ἀνέδην</em></strong></span> <span class='ocrx_word' id='word_1_142' title='bbox 1003 1167 1068 1208; x_wconf 76' lang='grc' dir='ltr'><strong>καὶ</strong></span> <span class='ocrx_word' id='word_1_143' title='bbox 1094 1165 1168 1220; x_wconf 86' lang='grc' dir='ltr'><strong><em>τὴν</em></strong></span> <span class='ocrx_word' id='word_1_144' title='bbox 1198 1164 1271 1207; x_wconf 75' lang='grc' dir='ltr'><strong>ἀπ’</strong></span> <span class='ocrx_word' id='word_1_145' title='bbox 1293 1164 1422 1207; x_wconf 74' lang='grc' dir='ltr'><strong><em>αὐτοῦ</em></strong></span> <span class='ocrx_word' id='word_1_146' title='bbox 1443 1164 1648 1218; x_wconf 77' lang='grc' dir='ltr'><strong><em>εὐμένειαν</em></strong></span> 
     </span>
     <span class='ocr_line' id='line_1_16' title="bbox 171 1230 1702 1289; baseline 0 -13"><span class='ocrx_word' id='word_1_147' title='bbox 171 1233 354 1288; x_wconf 62' lang='grc' dir='ltr'><strong><em>ἔχοντας.</em></strong></span> <span class='ocrx_word' id='word_1_148' title='bbox 427 1235 461 1275; x_wconf 78' lang='grc' dir='ltr'><strong><em>εἴ</em></strong></span> <span class='ocrx_word' id='word_1_149' title='bbox 495 1234 537 1275; x_wconf 76' lang='grc' dir='ltr'><strong><em>δ’</em></strong></span> <span class='ocrx_word' id='word_1_150' title='bbox 571 1230 668 1286; x_wconf 62' lang='grc' dir='ltr'><strong><em>οὖν,</em></strong></span> <span class='ocrx_word' id='word_1_151' title='bbox 717 1234 814 1276; x_wconf 75' lang='grc' dir='ltr'><strong><em>ἀλλ’</em></strong></span> <span class='ocrx_word' id='word_1_152' title='bbox 846 1237 1005 1289; x_wconf 74' lang='grc' dir='ltr'><strong><em>ἐξορίας</em></strong></span> <span class='ocrx_word' id='word_1_153' title='bbox 1038 1234 1297 1289; x_wconf 84' lang='grc' dir='ltr'><strong><em>προσηπείλει</em></strong></span> <span class='ocrx_word' id='word_1_154' title='bbox 1330 1234 1396 1274; x_wconf 87' lang='grc' dir='ltr'><strong>καὶ</strong></span> <span class='ocrx_word' id='word_1_155' title='bbox 1428 1234 1702 1287; x_wconf 84' lang='grc' dir='ltr'><strong><em>κακουχίας15</em></strong></span> 
     </span>
     <span class='ocr_line' id='line_1_17' title="bbox 171 1299 1646 1359; baseline 0 -15"><span class='ocrx_word' id='word_1_156' title='bbox 171 1302 423 1355; x_wconf 73' lang='grc' dir='ltr'><strong><em>ἓπαξομένας</em></strong></span> <span class='ocrx_word' id='word_1_157' title='bbox 447 1319 499 1358; x_wconf 72' lang='grc' dir='ltr'><strong>σᾳ</strong></span> <span class='ocrx_word' id='word_1_158' title='bbox 509 1303 585 1344; x_wconf 92' lang='grc' dir='ltr'><strong><em>ίσι·</em></strong></span> <span class='ocrx_word' id='word_1_159' title='bbox 620 1303 726 1357; x_wconf 75' lang='grc' dir='ltr'><strong><em>μηδὲ</em></strong></span> <span class='ocrx_word' id='word_1_160' title='bbox 747 1303 826 1359; x_wconf 81' lang='grc' dir='ltr'><strong>γὰρ</strong></span> <span class='ocrx_word' id='word_1_161' title='bbox 848 1302 946 1346; x_wconf 77' lang='grc' dir='ltr'><strong><em>εἶναι</em></strong></span> <span class='ocrx_word' id='word_1_162' title='bbox 967 1302 1101 1351; x_wconf 69' lang='grc' dir='ltr'><strong><em>ἄλλως</em></strong></span> <span class='ocrx_word' id='word_1_163' title='bbox 1121 1301 1146 1357; x_wconf 81' lang='grc' dir='ltr'>ἢ</span> <span class='ocrx_word' id='word_1_164' title='bbox 1169 1300 1222 1350; x_wconf 81' lang='grc' dir='ltr'><strong>ὥς</strong></span> <span class='ocrx_word' id='word_1_165' title='bbox 1243 1299 1401 1356; x_wconf 75' lang='grc' dir='ltr'><strong><em>ἐτάχθη</em></strong></span> <span class='ocrx_word' id='word_1_166' title='bbox 1419 1303 1646 1357; x_wconf 79' lang='grc' dir='ltr'><strong><em>γίγνεσθαι,</em></strong></span> 
     </span>
     <span class='ocr_line' id='line_1_18' title="bbox 170 1367 1650 1428; baseline -0.001 -15"><span class='ocrx_word' id='word_1_167' title='bbox 170 1371 324 1419; x_wconf 75' lang='grc' dir='ltr'><strong><em>αὐτοὺς</em></strong></span> <span class='ocrx_word' id='word_1_168' title='bbox 347 1372 391 1413; x_wconf 77' lang='grc' dir='ltr'><strong><em>δὲ</em></strong></span> <span class='ocrx_word' id='word_1_169' title='bbox 412 1369 554 1427; x_wconf 78' lang='grc' dir='ltr'><strong><em>φήμην</em></strong></span> <span class='ocrx_word' id='word_1_170' title='bbox 574 1370 701 1424; x_wconf 79' lang='grc' dir='ltr'><strong><em>κακὴν</em></strong></span> <span class='ocrx_word' id='word_1_171' title='bbox 728 1371 896 1425; x_wconf 63' lang='grc' dir='ltr'><strong><em>ἔχοντας</em></strong></span> <span class='ocrx_word' id='word_1_172' title='bbox 919 1368 1293 1428; x_wconf 87' lang='grc' dir='ltr'><strong><em>παραπόλλυσθαι,</em></strong></span> <span class='ocrx_word' id='word_1_173' title='bbox 1331 1371 1366 1412; x_wconf 77' lang='grc' dir='ltr'><strong><em>εἰ</em></strong></span> <span class='ocrx_word' id='word_1_174' title='bbox 1382 1367 1440 1424; x_wconf 85' lang='grc' dir='ltr'><strong>μή</strong></span> <span class='ocrx_word' id='word_1_175' title='bbox 1459 1386 1501 1425; x_wconf 80' lang='grc' dir='ltr'><strong><em>γε</em></strong></span> <span class='ocrx_word' id='word_1_176' title='bbox 1520 1387 1650 1423; x_wconf 82' lang='grc' dir='ltr'><strong><em>μετα-</em></strong></span> 
     </span>
     <span class='ocr_line' id='line_1_19' title="bbox 168 1436 1651 1496; baseline -0.001 -14"><span class='ocrx_word' id='word_1_177' title='bbox 168 1437 394 1494; x_wconf 81' lang='grc' dir='ltr'><strong><em>νοήσαντες</em></strong></span> <span class='ocrx_word' id='word_1_178' title='bbox 417 1444 492 1493; x_wconf 78' lang='grc' dir='ltr'><strong>τῆς</strong></span> <span class='ocrx_word' id='word_1_179' title='bbox 517 1437 679 1496; x_wconf 71' lang='grc' dir='ltr'><strong><em>εἰρήνης</em></strong></span> <span class='ocrx_word' id='word_1_180' title='bbox 703 1439 910 1496; x_wconf 72' lang='grc' dir='ltr'><strong><em>γένωνται.</em></strong></span> <span class='ocrx_word' id='word_1_181' title='bbox 979 1444 1113 1483; x_wconf 82' lang='grc' dir='ltr'><strong><em>ταῦτα</em></strong></span> <span class='ocrx_word' id='word_1_182' title='bbox 1138 1442 1212 1482; x_wconf 81' lang='grc' dir='ltr'><strong>τοῦ</strong></span> <span class='ocrx_word' id='word_1_183' title='bbox 1235 1438 1437 1493; x_wconf 76' lang='grc' dir='ltr'><strong><em>βασιλέως</em></strong></span> <span class='ocrx_word' id='word_1_184' title='bbox 1457 1436 1651 1493; x_wconf 78' lang='grc' dir='ltr'><strong><em>συχνάκις</em></strong></span> 
     </span>
     <span class='ocr_line' id='line_1_20' title="bbox 170 1506 1648 1565; baseline 0 -16"><span class='ocrx_word' id='word_1_185' title='bbox 170 1507 498 1563; x_wconf 75' lang='grc' dir='ltr'><strong><em>διαμηνυομένου</em></strong></span> <span class='ocrx_word' id='word_1_186' title='bbox 529 1510 596 1551; x_wconf 84' lang='grc' dir='ltr'><strong>καὶ</strong></span> <span class='ocrx_word' id='word_1_187' title='bbox 625 1507 768 1564; x_wconf 80' lang='grc' dir='ltr'><strong><em>ἀγαθὰ</em></strong></span> <span class='ocrx_word' id='word_1_188' title='bbox 794 1511 1098 1565; x_wconf 82' lang='grc' dir='ltr'><strong><em>προτείνοντος,</em></strong></span> <span class='ocrx_word' id='word_1_189' title='bbox 1134 1509 1274 1550; x_wconf 78' lang='grc' dir='ltr'><strong><em>ἐκεῖνοι</em></strong></span> <span class='ocrx_word' id='word_1_190' title='bbox 1303 1506 1527 1563; x_wconf 64' lang='grc' dir='ltr'><strong><em>οὕτεπρὸς</em></strong></span> <span class='ocrx_word' id='word_1_191' title='bbox 1556 1508 1648 1559; x_wconf 74' lang='grc' dir='ltr'><strong><em>δέος</em></strong></span> 
     </span>
     <span class='ocr_line' id='line_1_21' title="bbox 170 1575 1703 1633; baseline -0.001 -14"><span class='ocrx_word' id='word_1_192' title='bbox 170 1581 254 1619; x_wconf 82' lang='grc' dir='ltr'><strong><em>τῶν</em></strong></span> <span class='ocrx_word' id='word_1_193' title='bbox 286 1581 426 1618; x_wconf 79' lang='grc' dir='ltr'><strong><em>λυπῶν</em></strong></span> <span class='ocrx_word' id='word_1_194' title='bbox 457 1575 732 1632; x_wconf 82' lang='grc' dir='ltr'><strong><em>προήχθησαν</em></strong></span> <span class='ocrx_word' id='word_1_195' title='bbox 763 1578 856 1621; x_wconf 68' lang='grc' dir='ltr'><strong><em>οὔτε</em></strong></span> <span class='ocrx_word' id='word_1_196' title='bbox 888 1578 991 1633; x_wconf 86' lang='grc' dir='ltr'><strong><em>πρὸς</em></strong></span> <span class='ocrx_word' id='word_1_197' title='bbox 1015 1578 1090 1626; x_wconf 81' lang='grc' dir='ltr'><strong>τὰς</strong></span> <span class='ocrx_word' id='word_1_198' title='bbox 1110 1581 1191 1619; x_wconf 79' lang='grc' dir='ltr'><strong><em>τῶν</em></strong></span> <span class='ocrx_word' id='word_1_199' title='bbox 1217 1577 1390 1631; x_wconf 82' lang='grc' dir='ltr'><strong><em>ἀγαθῶν</em></strong></span> <span class='ocrx_word' id='word_1_200' title='bbox 1413 1576 1703 1632; x_wconf 73' lang='grc' dir='ltr'><strong><em>ἔπαγγελιάςΞΟ</em></strong></span> 
     </span>
     <span class='ocr_line' id='line_1_22' title="bbox 119 1643 1648 1702; baseline 0 -16"><span class='ocrx_word' id='word_1_201' title='bbox 119 1649 150 1683; x_wconf 87' lang='lat' dir='ltr'>C</span> <span class='ocrx_word' id='word_1_202' title='bbox 176 1646 542 1699; x_wconf 78' lang='grc' dir='ltr'><strong><em>ἓμαλακίσθησαν,</em></strong></span> <span class='ocrx_word' id='word_1_203' title='bbox 581 1648 880 1696; x_wconf 84' lang='grc' dir='ltr'><strong><em>διευτονοῦντες</em></strong></span> <span class='ocrx_word' id='word_1_204' title='bbox 907 1648 951 1689; x_wconf 76' lang='grc' dir='ltr'><strong><em>δὲ</em></strong></span> <span class='ocrx_word' id='word_1_205' title='bbox 980 1646 1082 1702; x_wconf 84' lang='grc' dir='ltr'><strong><em>πρὸς</em></strong></span> <span class='ocrx_word' id='word_1_206' title='bbox 1106 1643 1323 1701; x_wconf 76' lang='grc' dir='ltr'><strong><em>ἀμφότερα</em></strong></span> <span class='ocrx_word' id='word_1_207' title='bbox 1341 1643 1528 1698; x_wconf 70' lang='grc' dir='ltr'><strong><em>ἑτοίμους</em></strong></span> <span class='ocrx_word' id='word_1_208' title='bbox 1548 1643 1648 1686; x_wconf 75' lang='grc' dir='ltr'><strong><em>ἑαυ-</em></strong></span> 
     </span>
     <span class='ocr_line' id='line_1_23' title="bbox 171 1712 1647 1774; baseline -0.001 -17"><span class='ocrx_word' id='word_1_209' title='bbox 171 1714 270 1763; x_wconf 77' lang='grc' dir='ltr'><strong>τούς</strong></span> <span class='ocrx_word' id='word_1_210' title='bbox 291 1720 485 1770; x_wconf 81' lang='grc' dir='ltr'><strong><em>παρεῖχον</em></strong></span> <span class='ocrx_word' id='word_1_211' title='bbox 508 1713 611 1771; x_wconf 82' lang='grc' dir='ltr'><strong><em>πρὸς</em></strong></span> <span class='ocrx_word' id='word_1_212' title='bbox 634 1713 654 1757; x_wconf 85' lang='grc' dir='ltr'>ὅ</span> <span class='ocrx_word' id='word_1_213' title='bbox 675 1731 712 1757; x_wconf 89' lang='grc' dir='ltr'><strong>τι</strong></span> <span class='ocrx_word' id='word_1_214' title='bbox 730 1713 837 1766; x_wconf 77' lang='grc' dir='ltr'><strong><em>δόξει</em></strong></span> <span class='ocrx_word' id='word_1_215' title='bbox 859 1719 917 1774; x_wconf 81' lang='grc' dir='ltr'><strong>τῷ</strong></span> <span class='ocrx_word' id='word_1_216' title='bbox 937 1719 1121 1770; x_wconf 84' lang='grc' dir='ltr'><strong><em>βασιλεῖ,</em></strong></span> <span class='ocrx_word' id='word_1_217' title='bbox 1158 1712 1214 1763; x_wconf 82' lang='grc' dir='ltr'><strong>ὥς</strong></span> <span class='ocrx_word' id='word_1_218' title='bbox 1232 1715 1356 1756; x_wconf 72' lang='grc' dir='ltr'><strong><em>ἐκεῖνο</em></strong></span> <span class='ocrx_word' id='word_1_219' title='bbox 1376 1717 1537 1768; x_wconf 83' lang='grc' dir='ltr'><strong><em>μᾶλλον</em></strong></span> <span class='ocrx_word' id='word_1_220' title='bbox 1559 1730 1647 1756; x_wconf 86' lang='grc' dir='ltr'><strong><em>πει-</em></strong></span> 
     </span>
    </p>
   </div>
   <div class='ocr_carea' id='block_1_3' title="bbox 169 1844 1648 2856">
    <p class='ocr_par' dir='ltr' id='par_1_3' title="bbox 169 1844 1648 2856">
     <span class='ocr_line' id='line_1_24' title="bbox 170 1844 1648 1892; baseline 0.001 -13"><span class='ocrx_word' id='word_1_221' title='bbox 170 1845 326 1888; x_wconf 84' lang='lat' dir='ltr'><strong>invicem,</strong></span> <span class='ocrx_word' id='word_1_222' title='bbox 349 1845 425 1891; x_wconf 86' lang='lat' dir='ltr'><strong>ipsa</strong></span> <span class='ocrx_word' id='word_1_223' title='bbox 449 1850 684 1889; x_wconf 74' lang='lat' dir='ltr'><strong>consumatur,</strong></span> <span class='ocrx_word' id='word_1_224' title='bbox 707 1858 771 1892; x_wconf 86' lang='lat' dir='ltr'><strong>pro</strong></span> <span class='ocrx_word' id='word_1_225' title='bbox 795 1858 864 1892; x_wconf 82' lang='lat' dir='ltr'><strong>qua</strong></span> <span class='ocrx_word' id='word_1_226' title='bbox 895 1846 970 1892; x_wconf 85' lang='lat' dir='ltr'><strong>ipse</strong></span> <span class='ocrx_word' id='word_1_227' title='bbox 993 1846 1152 1881; x_wconf 84' lang='lat' dir='ltr'><strong>Christus</strong></span> <span class='ocrx_word' id='word_1_228' title='bbox 1176 1845 1350 1891; x_wconf 85' lang='lat' dir='ltr'><strong>proprium</strong></span> <span class='ocrx_word' id='word_1_229' title='bbox 1371 1844 1568 1889; x_wconf 77' lang='lat' dir='ltr'><strong>sanguinem</strong></span> <span class='ocrx_word' id='word_1_230' title='bbox 1592 1845 1648 1880; x_wconf 81' lang='lat' dir='ltr'><strong>ef-</strong></span> 
     </span>
     <span class='ocr_line' id='line_1_25' title="bbox 171 1891 1648 1938; baseline 0.001 -13"><span class='ocrx_word' id='word_1_231' title='bbox 171 1891 271 1926; x_wconf 87' lang='lat' dir='ltr'><strong>fudit.</strong></span> <span class='ocrx_word' id='word_1_232' title='bbox 319 1892 405 1926; x_wconf 83' lang='lat' dir='ltr'><strong>haec</strong></span> <span class='ocrx_word' id='word_1_233' title='bbox 427 1899 463 1926; x_wconf 87' lang='lat' dir='ltr'><strong>et</strong></span> <span class='ocrx_word' id='word_1_234' title='bbox 486 1894 584 1938; x_wconf 85' lang='lat' dir='ltr'><strong>plura</strong></span> <span class='ocrx_word' id='word_1_235' title='bbox 608 1894 660 1927; x_wconf 86' lang='lat' dir='ltr'><strong>his</strong></span> <span class='ocrx_word' id='word_1_236' title='bbox 684 1895 857 1937; x_wconf 77' lang='lat' dir='ltr'><strong>Augustus</strong></span> <span class='ocrx_word' id='word_1_237' title='bbox 880 1893 1023 1936; x_wconf 87' lang='lat' dir='ltr'><strong>locutus,</strong></span> <span class='ocrx_word' id='word_1_238' title='bbox 1052 1893 1140 1927; x_wconf 85' lang='lat' dir='ltr'><strong>haud</strong></span> <span class='ocrx_word' id='word_1_239' title='bbox 1165 1894 1308 1927; x_wconf 85' lang='lat' dir='ltr'><strong>obscure</strong></span> <span class='ocrx_word' id='word_1_240' title='bbox 1332 1892 1467 1926; x_wconf 83' lang='lat' dir='ltr'><strong>ferebat</strong></span> <span class='ocrx_word' id='word_1_241' title='bbox 1489 1891 1551 1925; x_wconf 84' lang='lat' dir='ltr'><strong>sibi</strong></span> <span class='ocrx_word' id='word_1_242' title='bbox 1576 1903 1648 1926; x_wconf 80' lang='lat' dir='ltr'><strong>mo-</strong></span> 
     </span>
     <span class='ocr_line' id='line_1_26' title="bbox 171 1930 1645 1984; baseline 0.001 -14"><span class='ocrx_word' id='word_1_243' title='bbox 171 1930 390 1972; x_wconf 75' lang='lat' dir='ltr'><strong>lestissim‘um</strong></span> <span class='ocrx_word' id='word_1_244' title='bbox 414 1939 582 1980; x_wconf 84' lang='lat' dir='ltr'><strong>accidere,</strong></span> <span class='ocrx_word' id='word_1_245' title='bbox 606 1940 695 1984; x_wconf 90' lang='lat' dir='ltr'><strong>quod</strong></span> <span class='ocrx_word' id='word_1_246' title='bbox 721 1940 776 1973; x_wconf 84' lang='lat' dir='ltr'><strong>hic</strong></span> <span class='ocrx_word' id='word_1_247' title='bbox 798 1950 1012 1984; x_wconf 77' lang='lat' dir='ltr'><strong>congressus,</strong></span> <span class='ocrx_word' id='word_1_248' title='bbox 1039 1939 1139 1983; x_wconf 83' lang='lat' dir='ltr'><strong>longe</strong></span> <span class='ocrx_word' id='word_1_249' title='bbox 1162 1945 1284 1972; x_wconf 82' lang='lat' dir='ltr'><strong>contra</strong></span> <span class='ocrx_word' id='word_1_250' title='bbox 1307 1949 1406 1983; x_wconf 79' lang='lat' dir='ltr'><strong>quam</strong></span> <span class='ocrx_word' id='word_1_251' title='bbox 1428 1943 1645 1982; x_wconf 84' lang='lat' dir='ltr'><strong>speraverat,</strong></span> 
     </span>
     <span class='ocr_line' id='line_1_27' title="bbox 171 1982 1647 2031; baseline 0.001 -15"><span class='ocrx_word' id='word_1_252' title='bbox 171 1982 207 2017; x_wconf 85' lang='lat' dir='ltr'><strong>in</strong></span> <span class='ocrx_word' id='word_1_253' title='bbox 229 1983 311 2017; x_wconf 88' lang='lat' dir='ltr'><strong>nihil</strong></span> <span class='ocrx_word' id='word_1_254' title='bbox 342 1995 406 2018; x_wconf 84' lang='lat' dir='ltr'><strong>nec</strong></span> <span class='ocrx_word' id='word_1_255' title='bbox 441 1985 604 2031; x_wconf 83' lang='lat' dir='ltr'><strong>privatim</strong></span> <span class='ocrx_word' id='word_1_256' title='bbox 638 1986 814 2019; x_wconf 87' lang='lat' dir='ltr'><strong>honestum</strong></span> <span class='ocrx_word' id='word_1_257' title='bbox 846 1997 910 2019; x_wconf 89' lang='lat' dir='ltr'><strong>nec</strong></span> <span class='ocrx_word' id='word_1_258' title='bbox 934 1986 1154 2019; x_wconf 79' lang='lat' dir='ltr'><strong>communiter</strong></span> <span class='ocrx_word' id='word_1_259' title='bbox 1186 1985 1270 2018; x_wconf 78' lang='lat' dir='ltr'><strong>utile</strong></span> <span class='ocrx_word' id='word_1_260' title='bbox 1301 1984 1482 2018; x_wconf 70' lang='lat' dir='ltr'>desineret.</span> <span class='ocrx_word' id='word_1_261' title='bbox 1529 1983 1647 2018; x_wconf 79' lang='lat' dir='ltr'><strong>huius·</strong></span> 
     </span>
     <span class='ocr_line' id='line_1_28' title="bbox 171 2029 1647 2077; baseline 0.001 -16"><span class='ocrx_word' id='word_1_262' title='bbox 171 2029 260 2062; x_wconf 84' lang='lat' dir='ltr'><strong>modi</strong></span> <span class='ocrx_word' id='word_1_263' title='bbox 283 2034 353 2063; x_wconf 86' lang='lat' dir='ltr'><strong>tum</strong></span> <span class='ocrx_word' id='word_1_264' title='bbox 377 2037 475 2073; x_wconf 82' lang='lat' dir='ltr'><strong>gesta</strong></span> <span class='ocrx_word' id='word_1_265' title='bbox 507 2032 584 2077; x_wconf 83' lang='lat' dir='ltr'><strong>quis</strong></span> <span class='ocrx_word' id='word_1_266' title='bbox 618 2031 773 2073; x_wconf 80' lang='lat' dir='ltr'><strong>intuens,</strong></span> <span class='ocrx_word' id='word_1_267' title='bbox 804 2031 924 2065; x_wconf 84' lang='lat' dir='ltr'><strong>merito</strong></span> <span class='ocrx_word' id='word_1_268' title='bbox 954 2030 1188 2065; x_wconf 80' lang='lat' dir='ltr'><strong>insusurraret</strong></span> <span class='ocrx_word' id='word_1_269' title='bbox 1219 2032 1254 2063; x_wconf 91' lang='lat' dir='ltr'><strong>in</strong></span> <span class='ocrx_word' id='word_1_270' title='bbox 1289 2042 1404 2064; x_wconf 85' lang='lat' dir='ltr'><strong>aurem</strong></span> <span class='ocrx_word' id='word_1_271' title='bbox 1435 2029 1547 2064; x_wconf 86' lang='lat' dir='ltr'><strong>socio:</strong></span> <span class='ocrx_word' id='word_1_272' title='bbox 1579 2030 1647 2064; x_wconf 77' lang='lat' dir='ltr'><strong>heu</strong></span> 
     </span>
     <span class='ocr_line' id='line_1_29' title="bbox 172 2075 1647 2123; baseline 0.002 -16"><span class='ocrx_word' id='word_1_273' title='bbox 172 2075 244 2108; x_wconf 87' lang='lat' dir='ltr'><strong>me!</strong></span> <span class='ocrx_word' id='word_1_274' title='bbox 277 2086 319 2108; x_wconf 86' lang='lat' dir='ltr'><strong>an</strong></span> <span class='ocrx_word' id='word_1_275' title='bbox 352 2087 506 2120; x_wconf 85' lang='lat' dir='ltr'><strong>magnum</strong></span> <span class='ocrx_word' id='word_1_276' title='bbox 538 2078 602 2111; x_wconf 90' lang='lat' dir='ltr'><strong>hoc</strong></span> <span class='ocrx_word' id='word_1_277' title='bbox 624 2078 818 2123; x_wconf 82' lang='lat' dir='ltr'><strong>quidpiam,</strong></span> <span class='ocrx_word' id='word_1_278' title='bbox 841 2088 979 2111; x_wconf 89' lang='lat' dir='ltr'><strong>movere</strong></span> <span class='ocrx_word' id='word_1_279' title='bbox 1001 2078 1093 2119; x_wconf 82' lang='lat' dir='ltr'><strong>ista,</strong></span> <span class='ocrx_word' id='word_1_280' title='bbox 1117 2080 1152 2111; x_wconf 79' lang='lat' dir='ltr'><strong>et</strong></span> <span class='ocrx_word' id='word_1_281' title='bbox 1175 2088 1342 2122; x_wconf 83' lang='lat' dir='ltr'><strong>quaerere</strong></span> <span class='ocrx_word' id='word_1_282' title='bbox 1359 2087 1454 2110; x_wconf 87' lang='lat' dir='ltr'><strong>suam</strong></span> <span class='ocrx_word' id='word_1_283' title='bbox 1479 2087 1647 2120; x_wconf 81' lang='lat' dir='ltr'>quemque</span> 
     </span>
     <span class='ocr_line' id='line_1_30' title="bbox 172 2121 1648 2169; baseline 0.001 -16"><span class='ocrx_word' id='word_1_284' title='bbox 172 2123 325 2154; x_wconf 78' lang='lat' dir='ltr'><strong>statuere</strong></span> <span class='ocrx_word' id='word_1_285' title='bbox 348 2121 522 2164; x_wconf 83' lang='lat' dir='ltr'><strong>iustitiam,</strong></span> <span class='ocrx_word' id='word_1_286' title='bbox 547 2134 622 2156; x_wconf 89' lang='lat' dir='ltr'><strong>cum</strong></span> <span class='ocrx_word' id='word_1_287' title='bbox 645 2135 790 2169; x_wconf 84' lang='lat' dir='ltr'><strong>aequum</strong></span> <span class='ocrx_word' id='word_1_288' title='bbox 814 2126 918 2166; x_wconf 88' lang='lat' dir='ltr'><strong>esset,</strong></span> <span class='ocrx_word' id='word_1_289' title='bbox 944 2124 1077 2157; x_wconf 82' lang='lat' dir='ltr'><strong>sublato</strong></span> <span class='ocrx_word' id='word_1_290' title='bbox 1100 2123 1167 2156; x_wconf 84' lang='lat' dir='ltr'><strong>iam</strong></span> <span class='ocrx_word' id='word_1_291' title='bbox 1191 2123 1234 2156; x_wconf 87' lang='lat' dir='ltr'><strong>de</strong></span> <span class='ocrx_word' id='word_1_292' title='bbox 1255 2134 1347 2167; x_wconf 86' lang='lat' dir='ltr'><strong>papa</strong></span> <span class='ocrx_word' id='word_1_293' title='bbox 1367 2121 1540 2162; x_wconf 78' lang='lat' dir='ltr'><strong>scandalo,</strong></span> <span class='ocrx_word' id='word_1_294' title='bbox 1563 2132 1648 2155; x_wconf 89' lang='lat' dir='ltr'><strong>cun-</strong></span> 
     </span>
     <span class='ocr_line' id='line_1_31' title="bbox 172 2166 1646 2214; baseline 0.001 -15"><span class='ocrx_word' id='word_1_295' title='bbox 172 2171 246 2199; x_wconf 87' lang='lat' dir='ltr'><strong>ctas</strong></span> <span class='ocrx_word' id='word_1_296' title='bbox 269 2166 402 2211; x_wconf 79' lang='lat' dir='ltr'><strong>pariter</strong></span> <span class='ocrx_word' id='word_1_297' title='bbox 428 2169 576 2214; x_wconf 72' lang='lat' dir='ltr'><strong>reliquas</strong></span> <span class='ocrx_word' id='word_1_298' title='bbox 600 2170 850 2204; x_wconf 82' lang='lat' dir='ltr'><strong>controversias</strong></span> <span class='ocrx_word' id='word_1_299' title='bbox 883 2169 1066 2214; x_wconf 68' lang='lat' dir='ltr'><strong>componi?</strong></span> <span class='ocrx_word' id='word_1_300' title='bbox 1099 2180 1188 2203; x_wconf 88' lang='lat' dir='ltr'><strong>nunc</strong></span> <span class='ocrx_word' id='word_1_301' title='bbox 1212 2175 1325 2202; x_wconf 85' lang='lat' dir='ltr'><strong>autern</strong></span> <span class='ocrx_word' id='word_1_302' title='bbox 1345 2179 1439 2203; x_wconf 88' lang='lat' dir='ltr'><strong>suam</strong></span> <span class='ocrx_word' id='word_1_303' title='bbox 1462 2166 1646 2212; x_wconf 84' lang='lat' dir='ltr'><strong>unusquis-</strong></span> 
     </span>
     <span class='ocr_line' id='line_1_32' title="bbox 171 2211 1646 2260; baseline 0.002 -17"><span class='ocrx_word' id='word_1_304' title='bbox 171 2223 238 2256; x_wconf 89' lang='lat' dir='ltr'><strong>que</strong></span> <span class='ocrx_word' id='word_1_305' title='bbox 261 2211 424 2246; x_wconf 81' lang='lat' dir='ltr'><strong>iustitiam</strong></span> <span class='ocrx_word' id='word_1_306' title='bbox 448 2225 636 2258; x_wconf 83' lang='lat' dir='ltr'><strong>quaerens,</strong></span> <span class='ocrx_word' id='word_1_307' title='bbox 670 2217 712 2249; x_wconf 86' lang='lat' dir='ltr'><strong>ad</strong></span> <span class='ocrx_word' id='word_1_308' title='bbox 744 2216 799 2249; x_wconf 90' lang='lat' dir='ltr'><strong>dei</strong></span> <span class='ocrx_word' id='word_1_309' title='bbox 833 2216 996 2250; x_wconf 83' lang='lat' dir='ltr'><strong>iustitiam</strong></span> <span class='ocrx_word' id='word_1_310' title='bbox 1021 2227 1086 2249; x_wconf 87' lang='lat' dir='ltr'><strong>uon</strong></span> <span class='ocrx_word' id='word_1_311' title='bbox 1109 2215 1289 2260; x_wconf 84' lang='lat' dir='ltr'><strong>perveniet</strong></span> <span class='ocrx_word' id='word_1_312' title='bbox 1311 2225 1478 2259; x_wconf 83' lang='lat' dir='ltr'><strong>umquam.</strong></span> <span class='ocrx_word' id='word_1_313' title='bbox 1524 2213 1575 2247; x_wconf 70' lang='lat' dir='ltr'><strong>in</strong></span> <span class='ocrx_word' id='word_1_314' title='bbox 1595 2211 1646 2246; x_wconf 83' lang='lat' dir='ltr'><strong>illi</strong></span> 
     </span>
     <span class='ocr_line' id='line_1_33' title="bbox 171 2257 1518 2307; baseline 0.001 -16"><span class='ocrx_word' id='word_1_315' title='bbox 171 2257 406 2291; x_wconf 81' lang='lat' dir='ltr'><strong>mussitabant.</strong></span> <span class='ocrx_word' id='word_1_316' title='bbox 453 2271 520 2304; x_wconf 86' lang='lat' dir='ltr'><strong>quo</strong></span> <span class='ocrx_word' id='word_1_317' title='bbox 543 2272 626 2294; x_wconf 89' lang='lat' dir='ltr'><strong>vero</strong></span> <span class='ocrx_word' id='word_1_318' title='bbox 648 2273 704 2295; x_wconf 85' lang='lat' dir='ltr'><strong>res</strong></span> <span class='ocrx_word' id='word_1_319' title='bbox 726 2261 861 2296; x_wconf 85' lang='lat' dir='ltr'><strong>tandem</strong></span> <span class='ocrx_word' id='word_1_320' title='bbox 885 2261 1034 2307; x_wconf 82' lang='lat' dir='ltr'><strong>eruperit</strong></span> <span class='ocrx_word' id='word_1_321' title='bbox 1057 2261 1092 2294; x_wconf 88' lang='lat' dir='ltr'><strong>in</strong></span> <span class='ocrx_word' id='word_1_322' title='bbox 1117 2272 1299 2306; x_wconf 76' lang='lat' dir='ltr'><strong>progressu</strong></span> <span class='ocrx_word' id='word_1_323' title='bbox 1322 2262 1518 2294; x_wconf 83' lang='lat' dir='ltr'><strong>referemus.</strong></span> 
     </span>
     <span class='ocr_line' id='line_1_34' title="bbox 265 2302 1644 2349; baseline 0.001 -14"><span class='ocrx_word' id='word_1_324' title='bbox 265 2302 413 2337; x_wconf 88' lang='lat' dir='ltr'><strong>Veccum</strong></span> <span class='ocrx_word' id='word_1_325' title='bbox 446 2315 547 2349; x_wconf 80' lang='lat' dir='ltr'><strong>porro</strong></span> <span class='ocrx_word' id='word_1_326' title='bbox 573 2310 608 2339; x_wconf 82' lang='lat' dir='ltr'><strong>et</strong></span> <span class='ocrx_word' id='word_1_327' title='bbox 631 2307 743 2341; x_wconf 85' lang='lat' dir='ltr'><strong>socios</strong></span> <span class='ocrx_word' id='word_1_328' title='bbox 765 2307 874 2341; x_wconf 87' lang='lat' dir='ltr'><strong>soluto</strong></span> <span class='ocrx_word' id='word_1_329' title='bbox 898 2310 1064 2341; x_wconf 86' lang='lat' dir='ltr'><strong>conventu</strong></span> <span class='ocrx_word' id='word_1_330' title='bbox 1090 2306 1258 2341; x_wconf 88' lang='lat' dir='ltr'><strong>Cosmidii</strong></span> <span class='ocrx_word' id='word_1_331' title='bbox 1280 2304 1517 2340; x_wconf 84' lang='lat' dir='ltr'><strong>monasterium</strong></span> <span class='ocrx_word' id='word_1_332' title='bbox 1541 2314 1644 2338; x_wconf 87' lang='lat' dir='ltr'><strong>exce-</strong></span> 
     </span>
     <span class='ocr_line' id='line_1_35' title="bbox 174 2347 1644 2398; baseline 0.001 -17"><span class='ocrx_word' id='word_1_333' title='bbox 174 2347 248 2393; x_wconf 83' lang='lat' dir='ltr'><strong>pit,</strong></span> <span class='ocrx_word' id='word_1_334' title='bbox 283 2352 454 2383; x_wconf 83' lang='lat' dir='ltr'><strong>caeterum</strong></span> <span class='ocrx_word' id='word_1_335' title='bbox 486 2351 553 2384; x_wconf 83' lang='lat' dir='ltr'><strong>illic</strong></span> <span class='ocrx_word' id='word_1_336' title='bbox 586 2353 647 2385; x_wconf 89' lang='lat' dir='ltr'><strong>sub</strong></span> <span class='ocrx_word' id='word_1_337' title='bbox 671 2353 741 2386; x_wconf 87' lang='lat' dir='ltr'><strong>fida</strong></span> <span class='ocrx_word' id='word_1_338' title='bbox 764 2353 899 2388; x_wconf 85' lang='lat' dir='ltr'><strong>habitos</strong></span> <span class='ocrx_word' id='word_1_339' title='bbox 923 2353 1097 2388; x_wconf 78' lang='lat' dir='ltr'><strong>custodiaz</strong></span> <span class='ocrx_word' id='word_1_340' title='bbox 1131 2363 1217 2398; x_wconf 88' lang='lat' dir='ltr'><strong>quos</strong></span> <span class='ocrx_word' id='word_1_341' title='bbox 1240 2356 1277 2385; x_wconf 88' lang='lat' dir='ltr'><strong>et</strong></span> <span class='ocrx_word' id='word_1_342' title='bbox 1299 2351 1472 2384; x_wconf 83' lang='lat' dir='ltr'><strong>dimittens</strong></span> <span class='ocrx_word' id='word_1_343' title='bbox 1495 2349 1644 2394; x_wconf 78' lang='lat' dir='ltr'><strong>impera-</strong></span> 
     </span>
     <span class='ocr_line' id='line_1_36' title="bbox 173 2395 1644 2442; baseline 0.001 -16"><span class='ocrx_word' id='word_1_344' title='bbox 173 2399 250 2436; x_wconf 88' lang='lat' dir='ltr'><strong>tor,</strong></span> <span class='ocrx_word' id='word_1_345' title='bbox 273 2396 312 2427; x_wconf 89' lang='lat' dir='ltr'><strong>ut</strong></span> <span class='ocrx_word' id='word_1_346' title='bbox 337 2405 375 2428; x_wconf 91' lang='lat' dir='ltr'><strong>se</strong></span> <span class='ocrx_word' id='word_1_347' title='bbox 397 2395 440 2429; x_wconf 82' lang='lat' dir='ltr'><strong>ad</strong></span> <span class='ocrx_word' id='word_1_348' title='bbox 465 2407 582 2441; x_wconf 84' lang='lat' dir='ltr'><strong>pacem</strong></span> <span class='ocrx_word' id='word_1_349' title='bbox 604 2398 826 2441; x_wconf 75' lang='lat' dir='ltr'><strong>inclinarent,</strong></span> <span class='ocrx_word' id='word_1_350' title='bbox 850 2400 991 2442; x_wconf 80' lang='lat' dir='ltr'><strong>orabat,</strong></span> <span class='ocrx_word' id='word_1_351' title='bbox 1017 2403 1053 2432; x_wconf 86' lang='lat' dir='ltr'><strong>et</strong></span> <span class='ocrx_word' id='word_1_352' title='bbox 1076 2399 1200 2432; x_wconf 80' lang='lat' dir='ltr'><strong>omissa</strong></span> <span class='ocrx_word' id='word_1_353' title='bbox 1222 2395 1441 2442; x_wconf 79' lang='lat' dir='ltr'><strong>pugnacitate</strong></span> <span class='ocrx_word' id='word_1_354' title='bbox 1462 2395 1538 2428; x_wconf 82' lang='lat' dir='ltr'><strong>iura</strong></span> <span class='ocrx_word' id='word_1_355' title='bbox 1561 2406 1644 2440; x_wconf 88' lang='lat' dir='ltr'><strong>pro-</strong></span> 
     </span>
     <span class='ocr_line' id='line_1_37' title="bbox 173 2439 1644 2489; baseline 0.001 -17"><span class='ocrx_word' id='word_1_356' title='bbox 173 2439 250 2484; x_wconf 81' lang='lat' dir='ltr'><strong>pria</strong></span> <span class='ocrx_word' id='word_1_357' title='bbox 279 2440 396 2474; x_wconf 87' lang='lat' dir='ltr'><strong>tuendi</strong></span> <span class='ocrx_word' id='word_1_358' title='bbox 433 2442 571 2477; x_wconf 80' lang='lat' dir='ltr'><strong>manent</strong></span> <span class='ocrx_word' id='word_1_359' title='bbox 605 2444 730 2486; x_wconf 83' lang='lat' dir='ltr'><strong>degere</strong></span> <span class='ocrx_word' id='word_1_360' title='bbox 753 2455 873 2478; x_wconf 76' lang='lat' dir='ltr'><strong>secure</strong></span> <span class='ocrx_word' id='word_1_361' title='bbox 895 2445 1009 2489; x_wconf 81' lang='lat' dir='ltr'><strong>gratia</strong></span> <span class='ocrx_word' id='word_1_362' title='bbox 1032 2446 1184 2478; x_wconf 78' lang='lat' dir='ltr'><strong>fruentes</strong></span> <span class='ocrx_word' id='word_1_363' title='bbox 1215 2443 1340 2487; x_wconf 81' lang='lat' dir='ltr'><strong>ipsius,</strong></span> <span class='ocrx_word' id='word_1_364' title='bbox 1371 2441 1424 2476; x_wconf 86' lang='lat' dir='ltr'><strong>sin</strong></span> <span class='ocrx_word' id='word_1_365' title='bbox 1446 2440 1483 2474; x_wconf 90' lang='lat' dir='ltr'><strong>id</strong></span> <span class='ocrx_word' id='word_1_366' title='bbox 1507 2440 1644 2483; x_wconf 78' lang='lat' dir='ltr'><strong>nollent,</strong></span> 
     </span>
     <span class='ocr_line' id='line_1_38' title="bbox 174 2485 1643 2533; baseline 0.001 -15"><span class='ocrx_word' id='word_1_367' title='bbox 174 2485 279 2520; x_wconf 82' lang='lat' dir='ltr'><strong>exilia</strong></span> <span class='ocrx_word' id='word_1_368' title='bbox 302 2490 339 2520; x_wconf 89' lang='lat' dir='ltr'><strong>et</strong></span> <span class='ocrx_word' id='word_1_369' title='bbox 362 2498 538 2522; x_wconf 77' lang='lat' dir='ltr'><strong>aerumnas</strong></span> <span class='ocrx_word' id='word_1_370' title='bbox 560 2488 646 2533; x_wconf 83' lang='lat' dir='ltr'><strong>ipsis</strong></span> <span class='ocrx_word' id='word_1_371' title='bbox 668 2489 874 2533; x_wconf 83' lang='lat' dir='ltr'><strong>infligendas</strong></span> <span class='ocrx_word' id='word_1_372' title='bbox 909 2490 1134 2524; x_wconf 83' lang='lat' dir='ltr'><strong>comminans:</strong></span> <span class='ocrx_word' id='word_1_373' title='bbox 1170 2499 1237 2522; x_wconf 86' lang='lat' dir='ltr'><strong>non</strong></span> <span class='ocrx_word' id='word_1_374' title='bbox 1268 2487 1355 2522; x_wconf 85' lang='lat' dir='ltr'><strong>enim</strong></span> <span class='ocrx_word' id='word_1_375' title='bbox 1392 2498 1430 2521; x_wconf 86' lang='lat' dir='ltr'><strong>se</strong></span> <span class='ocrx_word' id='word_1_376' title='bbox 1464 2497 1643 2532; x_wconf 86' lang='lat' dir='ltr'><strong>passurum</strong></span> 
     </span>
     <span class='ocr_line' id='line_1_39' title="bbox 174 2531 1644 2579; baseline 0.001 -15"><span class='ocrx_word' id='word_1_377' title='bbox 174 2531 277 2565; x_wconf 82' lang='lat' dir='ltr'><strong>aliter</strong></span> <span class='ocrx_word' id='word_1_378' title='bbox 311 2543 411 2576; x_wconf 86' lang='lat' dir='ltr'><strong>quam</strong></span> <span class='ocrx_word' id='word_1_379' title='bbox 448 2539 550 2578; x_wconf 88' lang='lat' dir='ltr'><strong>prout</strong></span> <span class='ocrx_word' id='word_1_380' title='bbox 571 2535 693 2568; x_wconf 85' lang='lat' dir='ltr'><strong>fuisset</strong></span> <span class='ocrx_word' id='word_1_381' title='bbox 715 2535 905 2569; x_wconf 85' lang='lat' dir='ltr'><strong>ordinatum</strong></span> <span class='ocrx_word' id='word_1_382' title='bbox 928 2535 1016 2568; x_wconf 86' lang='lat' dir='ltr'><strong>fieri.</strong></span> <span class='ocrx_word' id='word_1_383' title='bbox 1063 2545 1165 2579; x_wconf 83' lang='lat' dir='ltr'><strong>porro</strong></span> <span class='ocrx_word' id='word_1_384' title='bbox 1190 2534 1281 2578; x_wconf 85' lang='lat' dir='ltr'><strong>ipsos</strong></span> <span class='ocrx_word' id='word_1_385' title='bbox 1305 2536 1484 2577; x_wconf 82' lang='lat' dir='ltr'><strong>coopertos</strong></span> <span class='ocrx_word' id='word_1_386' title='bbox 1505 2531 1644 2566; x_wconf 74' lang='lat' dir='ltr'><strong>infamia</strong></span> 
     </span>
     <span class='ocr_line' id='line_1_40' title="bbox 173 2577 1645 2625; baseline 0.001 -15"><span class='ocrx_word' id='word_1_387' title='bbox 173 2577 262 2612; x_wconf 84' lang='lat' dir='ltr'><strong>male</strong></span> <span class='ocrx_word' id='word_1_388' title='bbox 290 2578 482 2622; x_wconf 83' lang='lat' dir='ltr'><strong>perituros,</strong></span> <span class='ocrx_word' id='word_1_389' title='bbox 526 2579 591 2614; x_wconf 84' lang='lat' dir='ltr'><strong>nisi</strong></span> <span class='ocrx_word' id='word_1_390' title='bbox 630 2580 793 2614; x_wconf 81' lang='lat' dir='ltr'><strong>hactenus</strong></span> <span class='ocrx_word' id='word_1_391' title='bbox 824 2586 976 2614; x_wconf 85' lang='lat' dir='ltr'><strong>actorum</strong></span> <span class='ocrx_word' id='word_1_392' title='bbox 1007 2579 1216 2625; x_wconf 81' lang='lat' dir='ltr'><strong>poenitentia</strong></span> <span class='ocrx_word' id='word_1_393' title='bbox 1249 2584 1416 2624; x_wconf 82' lang='lat' dir='ltr'><strong>concepta</strong></span> <span class='ocrx_word' id='word_1_394' title='bbox 1449 2579 1645 2612; x_wconf 77' lang='lat' dir='ltr'><strong>conferrent</strong></span> 
     </span>
     <span class='ocr_line' id='line_1_41' title="bbox 174 2622 1642 2671; baseline 0 -15"><span class='ocrx_word' id='word_1_395' title='bbox 174 2622 322 2658; x_wconf 84' lang='lat' dir='ltr'><strong>animum</strong></span> <span class='ocrx_word' id='word_1_396' title='bbox 345 2623 388 2658; x_wconf 80' lang='lat' dir='ltr'><strong>ad</strong></span> <span class='ocrx_word' id='word_1_397' title='bbox 412 2635 541 2670; x_wconf 81' lang='lat' dir='ltr'><strong>pacem.</strong></span> <span class='ocrx_word' id='word_1_398' title='bbox 588 2625 672 2660; x_wconf 79' lang='lat' dir='ltr'><strong>talia</strong></span> <span class='ocrx_word' id='word_1_399' title='bbox 695 2638 770 2660; x_wconf 92' lang='lat' dir='ltr'><strong>cum</strong></span> <span class='ocrx_word' id='word_1_400' title='bbox 794 2637 899 2671; x_wconf 80' lang='lat' dir='ltr'><strong>saepe</strong></span> <span class='ocrx_word' id='word_1_401' title='bbox 921 2626 1150 2670; x_wconf 83' lang='lat' dir='ltr'><strong>significasset</strong></span> <span class='ocrx_word' id='word_1_402' title='bbox 1172 2625 1375 2670; x_wconf 83' lang='lat' dir='ltr'><strong>imperator,</strong></span> <span class='ocrx_word' id='word_1_403' title='bbox 1411 2629 1448 2658; x_wconf 83' lang='lat' dir='ltr'><strong>et</strong></span> <span class='ocrx_word' id='word_1_404' title='bbox 1469 2624 1500 2658; x_wconf 85' lang='lat' dir='ltr'><strong>si</strong></span> <span class='ocrx_word' id='word_1_405' title='bbox 1523 2623 1642 2658; x_wconf 84' lang='lat' dir='ltr'><strong>audire</strong></span> 
     </span>
     <span class='ocr_line' id='line_1_42' title="bbox 170 2668 1643 2723; baseline 0.001 -21"><span class='ocrx_word' id='word_1_406' title='bbox 170 2669 319 2712; x_wconf 81' lang='lat' dir='ltr'><strong>vellent,</strong></span> <span class='ocrx_word' id='word_1_407' title='bbox 351 2681 514 2723; x_wconf 83' lang='lat' dir='ltr'><strong>prospera</strong></span> <span class='ocrx_word' id='word_1_408' title='bbox 547 2677 640 2705; x_wconf 83' lang='lat' dir='ltr'><strong>esset</strong></span> <span class='ocrx_word' id='word_1_409' title='bbox 670 2677 793 2706; x_wconf 81' lang='lat' dir='ltr'><strong>cuncta</strong></span> <span class='ocrx_word' id='word_1_410' title='bbox 826 2671 1021 2717; x_wconf 79' lang='lat' dir='ltr'><strong>pollicitus,</strong></span> <span class='ocrx_word' id='word_1_411' title='bbox 1058 2671 1106 2705; x_wconf 83' lang='lat' dir='ltr'><strong>illi</strong></span> <span class='ocrx_word' id='word_1_412' title='bbox 1129 2682 1192 2704; x_wconf 90' lang='lat' dir='ltr'><strong>nec</strong></span> <span class='ocrx_word' id='word_1_413' title='bbox 1215 2675 1307 2704; x_wconf 78' lang='lat' dir='ltr'><strong>metu</strong></span> <span class='ocrx_word' id='word_1_414' title='bbox 1330 2669 1480 2704; x_wconf 78' lang='lat' dir='ltr'><strong>tristium</strong></span> <span class='ocrx_word' id='word_1_415' title='bbox 1502 2668 1643 2704; x_wconf 76' lang='lat' dir='ltr'><strong>adducti</strong></span> 
     </span>
     <span class='ocr_line' id='line_1_43' title="bbox 169 2716 1643 2761; baseline 0.001 -14"><span class='ocrx_word' id='word_1_416' title='bbox 169 2725 234 2748; x_wconf 89' lang='lat' dir='ltr'><strong>nec</strong></span> <span class='ocrx_word' id='word_1_417' title='bbox 256 2716 428 2760; x_wconf 69' lang='lat' dir='ltr'><strong>promissis</strong></span> <span class='ocrx_word' id='word_1_418' title='bbox 451 2716 616 2751; x_wconf 79' lang='lat' dir='ltr'><strong>laetorum</strong></span> <span class='ocrx_word' id='word_1_419' title='bbox 639 2717 780 2752; x_wconf 82' lang='lat' dir='ltr'><strong>emolliti</strong></span> <span class='ocrx_word' id='word_1_420' title='bbox 802 2722 900 2760; x_wconf 87' lang='lat' dir='ltr'><strong>sunt,</strong></span> <span class='ocrx_word' id='word_1_421' title='bbox 922 2717 1130 2752; x_wconf 83' lang='lat' dir='ltr'><strong>obdurantes</strong></span> <span class='ocrx_word' id='word_1_422' title='bbox 1152 2728 1190 2750; x_wconf 83' lang='lat' dir='ltr'><strong>se</strong></span> <span class='ocrx_word' id='word_1_423' title='bbox 1213 2717 1378 2750; x_wconf 82' lang='lat' dir='ltr'><strong>adversus</strong></span> <span class='ocrx_word' id='word_1_424' title='bbox 1393 2720 1560 2761; x_wconf 82' lang='lat' dir='ltr'><strong>utraque,</strong></span> <span class='ocrx_word' id='word_1_425' title='bbox 1585 2726 1643 2749; x_wconf 85' lang='lat' dir='ltr'><strong>se-</strong></span> 
     </span>
     <span class='ocr_line' id='line_1_44' title="bbox 169 2760 1643 2808; baseline 0.002 -16"><span class='ocrx_word' id='word_1_426' title='bbox 169 2771 237 2804; x_wconf 89' lang='lat' dir='ltr'><strong>que</strong></span> <span class='ocrx_word' id='word_1_427' title='bbox 270 2766 410 2805; x_wconf 81' lang='lat' dir='ltr'><strong>paratos</strong></span> <span class='ocrx_word' id='word_1_428' title='bbox 440 2763 637 2797; x_wconf 80' lang='lat' dir='ltr'><strong>exhibentes</strong></span> <span class='ocrx_word' id='word_1_429' title='bbox 671 2764 715 2798; x_wconf 84' lang='lat' dir='ltr'><strong>ad</strong></span> <span class='ocrx_word' id='word_1_430' title='bbox 749 2763 884 2808; x_wconf 84' lang='lat' dir='ltr'><strong>quidvis</strong></span> <span class='ocrx_word' id='word_1_431' title='bbox 914 2763 990 2797; x_wconf 84' lang='lat' dir='ltr'><strong>mali</strong></span> <span class='ocrx_word' id='word_1_432' title='bbox 1023 2762 1232 2796; x_wconf 85' lang='lat' dir='ltr'><strong>subeundum</strong></span> <span class='ocrx_word' id='word_1_433' title='bbox 1263 2762 1355 2807; x_wconf 88' lang='lat' dir='ltr'><strong>quod</strong></span> <span class='ocrx_word' id='word_1_434' title='bbox 1378 2761 1536 2805; x_wconf 85' lang='lat' dir='ltr'><strong>infligere</strong></span> <span class='ocrx_word' id='word_1_435' title='bbox 1557 2760 1643 2806; x_wconf 82' lang='lat' dir='ltr'><strong>ipsis</strong></span> 
     </span>
     <span class='ocr_line' id='line_1_45' title="bbox 169 2805 1645 2856; baseline 0.003 -18"><span class='ocrx_word' id='word_1_436' title='bbox 169 2805 333 2842; x_wconf 81' lang='lat' dir='ltr'><strong>voluisset</strong></span> <span class='ocrx_word' id='word_1_437' title='bbox 364 2807 570 2854; x_wconf 79' lang='lat' dir='ltr'><strong>imperator,</strong></span> <span class='ocrx_word' id='word_1_438' title='bbox 604 2813 644 2843; x_wconf 90' lang='lat' dir='ltr'><strong>ut</strong></span> <span class='ocrx_word' id='word_1_439' title='bbox 677 2810 738 2856; x_wconf 86' lang='lat' dir='ltr'><strong>qui</strong></span> <span class='ocrx_word' id='word_1_440' title='bbox 761 2809 894 2844; x_wconf 90' lang='lat' dir='ltr'><strong>omnino</strong></span> <span class='ocrx_word' id='word_1_441' title='bbox 917 2809 1172 2844; x_wconf 81' lang='lat' dir='ltr'><strong>constituissent</strong></span> <span class='ocrx_word' id='word_1_442' title='bbox 1194 2808 1381 2854; x_wconf 82' lang='lat' dir='ltr'><strong>quamlibet</strong></span> <span class='ocrx_word' id='word_1_443' title='bbox 1402 2807 1517 2853; x_wconf 77' lang='lat' dir='ltr'><strong>potius</strong></span> <span class='ocrx_word' id='word_1_444' title='bbox 1543 2817 1645 2842; x_wconf 59' lang='lat' dir='ltr'><strong>acer—</strong></span> 
     </span>
    </p>
   </div>
  </div>
 </body>
</html>
