1858 3126
335 170 410 214 DE
443 166 768 212 ANDRONICO
797 160 1166 207 PALAEOLOGO
1198 160 1246 203 L.
1264 158 1360 203 Vll.
1466 156 1564 203 569

139 283 218 327 ὅσα
233 278 472 338 ἧλονηκὸτες
488 285 570 323 τῶν
587 281 642 328 εἵς
654 277 877 332 Ῥωμαίους
892 275 1076 317 σπονδῶν
1094 273 1161 315 καὶ
1178 274 1396 326 συνθηκῶν
1412 269 1567 326 ἠνδρα-

138 351 390 394 ποδίσασθε·
426 348 521 390 ἀλλ’
544 346 717 395 ὁπόσους
742 343 859 398 ἡμῶν
888 340 1081 384 διδόντων
1102 340 1129 395 ἢ
1154 342 1220 382 καὶ
1240 336 1567 394 ἕκκεχωρηκότων

138 414 357 471 λαμβάνειν
385 413 620 458 ἀπώνασθε.
686 412 732 455 τὸ
762 411 840 467 γὰρ
868 414 950 452 τῶν
978 406 1201 461 συμμάχων
1229 411 1391 460 σχῆμα,
1427 407 1492 448 καὶ
1518 405 1566 448 τὸ

138 483 196 527 ἔτι
223 487 353 526 δοκεῖν
379 487 461 525 τῶν
488 481 691 535 ἡμετέρων
720 477 977 533 ὑπερπονεῖν,
1014 473 1069 524 ὥς
1100 473 1383 527 λαμβάνοντας
1404 475 1569 516 διετίθει

105 551 236 601 ὁτοὺς
257 551 372 593 οὐδὲν
389 544 511 603 ἦττον
537 547 746 598 διδόντας,
781 545 855 588 κίίν
873 561 934 594 τις
953 545 1019 586 καὶ
1040 542 1149 584 ἄκων
1167 541 1264 584 εἶναι
1286 543 1419 583 ἐδίδου
1439 557 1570 595 προσ-

139 615 449 674 αφαιρούμενος.
516 614 671 658 τούτων
695 611 928 667 μνήσθητε,
965 612 1030 652 καὶ
1055 609 1130 659 τὰς
1147 610 1189 659 ἐξ
1205 609 1333 662 ἀρχῆς
1360 606 1572 663 ὁμολογίας

139 685 395 732 αἰδεσθέντες
412 681 475 731 αἶς
499 683 782 735 ε’μπεπέδωσθε
794 712 806 732 ,
844 680 1036 732 Καίσαρα
1057 678 1131 731 μὲν
1151 675 1356 731 πρόφασιν
1381 676 1569 718 τοῦντεῦ-
1590 681 1621 716 Β

138 756 216 794 θεν
247 749 481 803 ἀπόθεσθε,
516 750 646 792 ἔννοια
673 750 717 791 δὲ
743 749 875 790 εἰσίτω
905 746 982 802 ὅπῃ
1003 750 1076 801 γῆς
1096 742 1424 800 προσκαθήμενοι
1445 743 1567 786 ταῦτ’

3 828 13 841 “
37 831 73 851 *ν-
139 817 355 874 ’ἐργάζεσθε
365 850 378 870 ,
422 820 487 859 καὶ
528 819 563 860 εἰ
596 817 787 858 ἀκίνδυνα
816 817 952 870 σφίσιν
980 813 1118 861 αὐτοῖς
1148 811 1196 854 τὸ
1224 812 1264 861 ἒς
1289 812 1418 853 νέωτα
1445 811 1569 854 ἔσται.

86 884 236 940 1οῆμῒν
260 886 334 939 μὲν
360 885 438 940 γὰρ
465 887 530 926 καὶ
562 885 602 933 ἐς
626 882 718 926 τόδε
739 880 902 936 δόκησιν
922 878 1312 935 παρασπονδήσεως,
1351 877 1406 928 ὥς
1426 878 1570 933 ἥκισθ’

140 951 236 1006 ἡμῖν
257 953 512 1005 πρέπουσαν,
539 952 795 993 ἀποκλίνουσι
816 946 1103 1003 μαλακώτερον
1123 946 1175 989 τὰ
1195 951 1268 1000 τῆς
1286 944 1419 1000 μα’χης
1443 947 1573 990 ἐπικε-

137 1021 340 1075 χείρηται·
375 1019 483 1061 δεινὰ
509 1019 586 1074 γὰρ
614 1019 666 1061 τὰ
692 1020 919 1073 ξυγκείμενα
952 1015 1168 1070 ἀπρακτεῖν
1186 1016 1315 1057 πείθει
1337 1014 1469 1056 καὶτὰ
1490 1016 1572 1057 δει-

139 1085 291 1130 νότατα
317 1084 569 1140 πάσχοντας,
605 1087 671 1128 καὶ
698 1084 920 1140 πάσχουσίν
940 1085 1023 1125 ἔστι
1041 1082 1252 1138 καταφυγὴ
1271 1079 1297 1136 ἦ
1316 1086 1397 1123 τῶν
1420 1084 1572 1135 διομω-

139 1155 350 1208 μοσμένων
377 1152 523 1204 αἰδώς,
554 1153 604 1208 ἤν
631 1170 691 1203 τις
714 1155 779 1195 καὶ
806 1153 1020 1207 με’μᾳοιτο.
1085 1148 1180 1202 ὑμῖν
1206 1151 1250 1191 δὲ
1271 1149 1362 1191 ὅποι
1379 1147 1567 1205 περιστή-
1592 1157 1623 1192 C

88 1228 132 1264 15
142 1237 254 1264 σεται
267 1220 321 1263 τὰ
338 1226 412 1275 τῆς
431 1219 595 1276 τόλμης,
631 1220 706 1264 οὐκ
726 1222 780 1269 εἷς
796 1217 972 1276 μακράν,
1006 1219 1040 1261 εἰ
1054 1217 1112 1273 μὴ
1133 1215 1363 1271 παύσησθε,
1400 1217 1571 1264 εἴσεσθε.

231 1328 266 1362 2.
289 1324 468 1363 ἆῖδόντων
489 1327 528 1361 Ρ.
666 1327 719 1362 12.
742 1327 911 1362 πείθεινΡ

142 1416 275 1452 ratione
295 1416 411 1451 habita
432 1415 604 1450 societatis
625 1427 698 1449 cum
721 1416 879 1450 Romanis
901 1415 1025 1449 initae:
1059 1415 1120 1448 illa
1149 1414 1253 1449 solum
1283 1426 1371 1449 nunc
1401 1415 1575 1452 recordari

143 1473 206 1496 vos
233 1461 354 1504 velim,
385 1473 472 1506 quae
505 1461 599 1494 nobis
630 1461 881 1495 conniventibus
905 1463 963 1494 aut
983 1460 1254 1505 permittentibus
1283 1461 1471 1506 accepistis.
1518 1462 1576 1496 diu

142 1507 230 1542 enim
258 1517 320 1541 nos
351 1506 555 1540 verecundia
584 1506 727 1540 foederis
761 1511 797 1540 et
830 1517 947 1540 nomen
981 1505 1149 1539 amicitiae
1179 1505 1348 1540 vobiscum
1371 1506 1577 1541 dissimulare

142 1551 274 1596 coegit,
296 1552 372 1585 dum
395 1551 534 1596 rapinae
557 1554 693 1585 vestrae
715 1557 951 1592 narrarentur,
974 1551 1127 1585 iudicium
1143 1550 1353 1596 doloremque
1375 1551 1418 1585 de
1441 1552 1492 1586 his
1515 1564 1578 1586 no-

142 1601 270 1639 mmm,
293 1607 421 1641 nosque
442 1598 492 1630 ita
514 1607 656 1640 gerere,
680 1597 778 1641 quasi
801 1597 1008 1630 crederemus
1030 1596 1105 1629 iure
1126 1596 1278 1641 acquiri,
1309 1597 1471 1631 sociorum
1496 1602 1576 1632 tunc

141 1642 252 1676 adhuc
274 1653 390 1675 nomen
412 1642 605 1686 gerentibus
627 1646 663 1687 et
685 1643 828 1677 militare
851 1646 963 1676 nostro
987 1641 1127 1686 imperio
1149 1642 1251 1684 visis,
1285 1654 1373 1687 quae
1394 1643 1443 1676 illi
1467 1655 1530 1676 non
1553 1654 1575 1677 a

142 1687 287 1721 libenter
307 1687 461 1721 dantibus
483 1686 710 1730 accipiebant,
742 1688 801 1721 sed
823 1687 859 1722 vi
882 1692 939 1721 aut
961 1687 1058 1721 minis
1081 1688 1326 1732 extorquebant
1348 1689 1392 1722 ab
1415 1688 1582 1722 invitissi-

142 1732 205 1766 mis
233 1731 490 1776 miserrimisque
519 1732 685 1766 Romanis.
730 1733 819 1772 ista,
850 1733 1006 1778 inquam,
1037 1732 1108 1766 sola
1138 1732 1320 1777 computari
1346 1744 1367 1766 a
1396 1733 1492 1766 vobis
1514 1744 1581 1778 po-

142 1776 250 1818 stulo,
281 1788 370 1821 quae
400 1777 497 1820 longo
526 1777 582 1810 illo
612 1778 717 1811 nostri
747 1778 867 1811 silentii
897 1782 1030 1811 vestrae
1053 1778 1206 1810 licentiae
1228 1777 1470 1822 patrocinantis
1492 1781 1583 1811 tem-

143 1832 248 1866 pore,
278 1821 588 1866 depraedationibus
616 1833 747 1864 rerum,
778 1823 1027 1867 captivitatibus
1060 1822 1244 1862 hominum,
1275 1822 1310 1855 in
1340 1822 1433 1855 lucra
1461 1829 1575 1857 vestra

145 1867 372 1909 congessistis.
416 1878 458 1900 ex
482 1868 532 1900 bis
555 1868 732 1911 reperietis
753 1868 786 1901 iu
809 1879 882 1901 eam
904 1879 964 1901 vos
987 1873 1102 1901 auctos
1118 1866 1331 1912 opulentiam,
1352 1872 1391 1899 ut
1413 1871 1449 1900 et
1470 1879 1579 1912 quae-

145 1910 384 1944 annosissimam
406 1911 499 1944 vobis
521 1912 623 1944 fuisse
644 1914 762 1945 foedus
783 1913 951 1946 nobiscum
982 1913 1083 1945 ictum
1113 1912 1214 1945 fateri
1247 1911 1417 1952 debeatis,
1450 1916 1486 1945 et
1516 1924 1578 1946 no-

145 1957 238 1989 strae
252 1955 408 1988 admirari
424 1957 640 1989 constantiam
654 1957 731 1990 fidei
746 1957 780 1989 in
795 1957 851 1990 illo
865 1957 956 1990 inter
971 1962 1024 1990 tot
1039 1968 1079 1990 ac
1094 1961 1162 1990 tam
1178 1956 1390 1989 vehementes
1404 1957 1576 2002 rumpendi

146 2009 268 2032 causas
288 2004 357 2032 tam
379 2006 634 2044 perseveranter
655 2002 871 2034 observando.
918 2002 1004 2034 unde
1022 2002 1155 2046 patebit
1176 2001 1350 2034 manifesto
1372 2012 1468 2035 unam
1492 2003 1577 2037 alle-

145 2043 221 2087 gari
243 2054 375 2077 causam
397 2055 496 2088 posse
518 2055 578 2077 cur
600 2045 719 2078 deinde
739 2048 848 2089 palam
872 2046 1063 2079 defeceritis
1089 2057 1110 2079 a
1132 2045 1236 2084 nobis,
1263 2046 1352 2089 quod
1374 2046 1454 2080 nihil
1475 2058 1575 2082 reve-

145 2088 222 2122 ritis
243 2088 397 2132 antiquas
419 2088 585 2122 nobiscum
610 2090 846 2123 conventiones
858 2096 987 2124 vestras
1005 2091 1093 2123 ultro
1117 2101 1157 2124 ac
1177 2090 1358 2124 ludibunde
1379 2092 1472 2126 vobis
1494 2105 1575 2137 pro-

146 2133 239 2168 silire
261 2133 446 2168 collibuerit
468 2133 503 2165 in
526 2138 676 2177 apertum
699 2145 813 2168 earum
836 2138 872 2168 et
893 2135 1131 2179 iniquissimum
1155 2140 1386 2180 contemptum.
1430 2138 1575 2173 desinite

145 2177 252 2220 igitur
277 2178 424 2222 allegare
445 2189 559 2211 necem
582 2178 750 2212 Caesaris.
797 2184 992 2223 praetextus
1022 2180 1075 2212 hic
1108 2190 1217 2213 merus
1238 2184 1273 2214 et
1294 2182 1489 2216 vanissimus
1512 2188 1575 2220 est.

145 2222 228 2256 illud
251 2223 399 2267 cogitate
418 2224 543 2268 potius,
567 2223 600 2256 in
625 2235 763 2268 eamque
785 2229 900 2258 vestra
923 2235 1024 2257 causa
1047 2235 1159 2258 curam
1181 2225 1398 2269 ingredimini,
1421 2229 1476 2262 ubi
1497 2233 1575 2263 tan-

146 2267 223 2301 dem
251 2272 416 2301 terrarum
447 2268 654 2302 considentes
683 2269 763 2302 talia
793 2280 858 2302 non
879 2269 1038 2302 dubitetis
1060 2281 1180 2313 agere,
1212 2275 1247 2304 et
1268 2282 1342 2304 num
1365 2283 1427 2306 vos
1450 2274 1573 2318 putetis

146 2311 278 2356 impune
308 2313 351 2346 ad
387 2318 568 2346 extremum
601 2318 668 2347 tam
699 2313 837 2347 infanda
866 2314 992 2347 scelera
1023 2314 1160 2348 laturos.
1206 2326 1268 2348 nec
1290 2321 1433 2352 vestram
1455 2319 1488 2352 in
1511 2319 1575 2353 hoc

147 2367 272 2400 genere
293 2357 523 2391 confidentiam
547 2358 616 2391 alat
637 2358 843 2402 experientia
865 2370 1074 2392 successuum
1095 2370 1210 2403 parum
1227 2361 1338 2403 vobis,
1359 2373 1400 2396 ex
1423 2374 1489 2408 quo
1514 2375 1575 2398 uos

148 2403 347 2445 oppugnatis
361 2427 371 2445 ‚
407 2404 630 2436 adversorum.
679 2404 818 2437 nondum
842 2403 927 2436 enini
951 2404 985 2437 in
1007 2416 1067 2437 vos
1090 2404 1140 2438 uti
1167 2405 1248 2439 totis
1271 2407 1392 2441 nostris
1413 2409 1575 2444 voluimus

146 2446 295 2487 viribus,
334 2447 492 2491 religione
528 2449 635 2482 adhuc
667 2450 807 2493 quadam
839 2448 970 2482 iuratae
999 2449 1095 2482 vobis
1124 2450 1202 2483 olim
1233 2451 1397 2486 amicitiae
1429 2455 1574 2489 cohibiti.

148 2501 254 2533 grave
276 2491 400 2536 quippe
420 2504 460 2526 ac
482 2498 581 2538 turpe
604 2494 688 2527 adeo
709 2493 916 2537 foedifragae
940 2493 1101 2539 perfidiae
1123 2496 1244 2529 crimen
1267 2497 1506 2541 existimamus,
1537 2505 1575 2533 ut

149 2545 211 2578 pro
244 2535 316 2569 eius
346 2548 366 2570 a
395 2537 491 2571 nobis
520 2539 705 2573 amolienda
735 2539 789 2573 vel
822 2538 887 2572 levi
911 2543 946 2572 et
968 2550 1053 2572 vana
1076 2540 1188 2584 specie
1209 2551 1252 2574 ne
1273 2543 1412 2577 maxima
1442 2544 1576 2588 quidem

150 2579 269 2613 danna
290 2584 548 2616 recusaverimus
569 2584 707 2627 pacisci.
751 2583 919 2617 remissius
942 2595 1022 2628 ergo
1046 2585 1204 2618 hactenus
1228 2586 1380 2621 bellando
1403 2589 1578 2622 adversum

150 2633 212 2656 vos
233 2625 379 2678 egimus,
411 2627 517 2660 minus
539 2633 733 2673 reputantes
756 2629 836 2674 quid
860 2640 919 2662 vos
943 2629 1148 2662 mereremini
1171 2641 1268 2684 quam
1292 2633 1372 2677 quid
1397 2645 1455 2667 nos
1479 2634 1577 2667 dece-

150 2672 213 2700 ret.
257 2669 414 2715 deinceps
443 2672 540 2706 vobis
572 2675 662 2707 clare
693 2674 871 2714 denuntio,
906 2674 996 2707 nulla
1024 2685 1085 2708 nos
1119 2674 1213 2709 nimis
1237 2675 1302 2711 iam
1325 2689 1346 2711 a
1368 2679 1463 2711 vobis
1485 2678 1577 2722 rupti

150 2711 322 2747 manifeste
343 2715 488 2768 foederis
507 2719 707 2753 verecundia
729 2718 899 2760 tardabit3
932 2724 1034 2763 atque
1057 2719 1140 2753 adeo
1162 2727 1319 2765 quautam
1341 2723 1375 2756 in
1399 2723 1578 2767 perniciem

149 2764 259 2790 terum
280 2768 321 2792 ac
341 2766 487 2804 capitum
507 2767 692 2797 vestrorum
709 2767 824 2798 vestra
845 2764 924 2806 ista,
946 2764 1011 2798 nisi
1033 2764 1106 2799 eius
1127 2770 1252 2802 temere
1270 2767 1397 2802 ruentis
1419 2767 1575 2813 impetum
