1858 3126
277 157 374 206 748
414 139 416 141 ’
678 157 986 200 OBSERVAT.
1017 157 1326 205 PACHYMER.

135 274 164 310 Ρ
185 275 252 312 535
278 270 428 320 busque
444 267 615 305 maxime
631 268 934 319 nummorum,
963 270 1099 320 ipsum
1114 282 1200 307 una
1217 283 1306 308 cum
1325 279 1433 309 scuto
1445 278 1641 326 quantum
1651 274 1720 310 al-

272 327 425 365 tissime
441 331 614 376 possunt
635 325 834 362 elevantes
850 324 1188 376 inaugurandum
1207 327 1482 378 imperatorem
1499 329 1720 378 circumfu-

270 397 340 419 sae
360 379 539 432 undique
552 379 814 418 multitudini
832 388 1042 420 ostentant.
1091 381 1148 420 ita
1176 383 1483 422 Cantacuzenus.
1530 390 1570 421 at
1587 389 1721 422 noster

269 438 313 477 in
334 438 552 476 elevatione
575 437 679 475 scuti
704 437 854 475 nullam
880 437 1125 489 imperatoris
1155 438 1319 477 senioris
1341 452 1498 491 operam
1518 446 1719 490 memorat,

273 500 477 545 totumque
494 494 538 532 id
558 495 705 532 factum
722 493 763 532 in
778 493 949 532 solidum
974 494 1163 532 adscribit
1186 499 1268 543 τοῖς
1286 494 1330 536 ἐν
1347 494 1445 536 τέλει
1464 496 1721 546 magistrata·-

271 550 372 599 bus,
401 563 482 588 non
512 550 749 598 omissurus,
779 555 822 588 ut
850 557 1039 602 apparet,
1073 551 1288 589 Andronici
1317 552 1439 603 patris
1468 550 1720 601 mentionem,

273 607 308 645 ei
338 620 415 658 qua
443 606 485 644 in
511 606 586 644 ista
615 606 818 645 functione
854 620 946 658 pars
977 607 1059 644 eius
1087 607 1303 656 extitisset;
1333 607 1438 645 sicut
1465 607 1585 659 paulo
1615 606 1722 645 infru

271 662 366 702 dum
395 661 573 701 meminit
600 662 807 714 impositae
833 662 954 715 capiti
978 661 1181 701 Michaelis
1200 669 1290 715 post
1305 662 1576 702 inunctionem
1604 676 1722 701 coro·
1754 710 1758 714 .

271 732 360 769 nae,
388 718 574 757 distinete
594 719 777 757 admonet
796 725 947 769 patrem
965 719 1048 757 eius
1069 721 1259 758 seniorem
1278 719 1497 770 Augustum
1511 732 1721 758 coronasse

271 775 352 814 iam
379 775 591 813 inunctum
620 775 872 824 Michaeam,
915 774 1136 813 adiuvante
1167 776 1429 827 patriarcha,
1474 788 1525 813 ac
1553 788 1721 814 coronae

273 830 370 869 dum
388 832 608 883 imponitur
621 838 778 882 partem
802 838 961 872 tenente.
1019 832 1116 883 quid
1133 831 1200 870 hic
1218 832 1421 870 dicemus?
1449 845 1500 869 an
1517 832 1721 882 negligen-

273 888 352 926 tiae
369 888 586 926 taxandum
607 887 916 939 Pachymerem'?
946 901 996 925 an
1022 888 1265 939 exquisitiori
1293 887 1512 927 ceremonia
1536 900 1655 925 usum
1676 887 1720 925 in

274 943 503 983 Andronico
530 951 674 996 nepote
703 944 976 994 inaugurando
997 944 1269 983 Andronicum
1294 957 1413 982 avum
1433 957 1551 997 quam
1565 949 1719 996 patrem

275 1000 447 1040 eundem
466 1000 507 1037 in
529 1000 718 1038 Michaele
734 1000 819 1038 filio
838 1001 954 1050 longe
972 1001 1198 1039 carissimo?
1228 1000 1328 1038 nihil
1346 1000 1489 1038 horum
1505 999 1721 1038 verisimile

273 1055 519 1109 putaverim:
549 1057 618 1095 sed
642 1056 822 1094 existimo
845 1063 884 1094 et
901 1070 1020 1094 unam
1043 1057 1250 1108 utrobique
1269 1057 1515 1095 observatam
1538 1056 1719 1106 formam,

274 1118 316 1151 et
340 1113 473 1151 ambos
493 1112 705 1151 historicos
731 1114 838 1164 quod
859 1113 1033 1151 viderint
1055 1113 1133 1151 fide
1156 1113 1305 1165 optima
1322 1124 1508 1151 narrasse.
1564 1117 1719 1150 tantum

274 1169 682 1218 animadvertendum,
713 1169 810 1207 duas
829 1169 1049 1207 functiones
1065 1183 1143 1208 una
1163 1175 1203 1208 et
1226 1169 1288 1208 die
1305 1175 1343 1208 et
1361 1181 1479 1221 opera
1498 1168 1541 1206 in
1558 1167 1720 1206 Andro·-

273 1225 367 1264 nico
386 1225 542 1264 iuniore
560 1226 774 1275 exercitas,
804 1225 1080 1278 assumptionis
1098 1226 1139 1264 in
1158 1226 1363 1278 imperium
1382 1230 1422 1263 et
1441 1222 1720 1274 coronationis,

273 1281 318 1320 in
346 1281 538 1321 Michaele
569 1282 673 1320 dicta
696 1281 852 1333 quidem
873 1282 936 1320 die
954 1282 1042 1320 Maii
1061 1286 1110 1324 21
1135 1282 1296 1320 alteram
1326 1281 1550 1329 dumtaxat,
1578 1292 1720 1331 nempe

274 1338 592 1384 coronationem,
623 1351 711 1376 cum
737 1338 814 1375 iam
842 1338 1056 1390 assumptio
1081 1352 1184 1376 anno
1206 1337 1402 1390 superiori
1424 1335 1719 1389 praecessisset5

270 1394 315 1433 id
342 1395 449 1446 quod
481 1394 665 1433 distincte
695 1395 853 1445 quidem
885 1394 950 1432 hic
978 1408 1059 1432 non
1087 1394 1274 1446 exprimit
1305 1393 1582 1444 pachymeres,
1623 1390 1719 1429 alibi

269 1456 404 1488 tamen
424 1450 620 1499 insinuat,
652 1451 718 1489 vel
746 1451 787 1488 in
816 1450 934 1489 titulo
961 1465 993 1490 c.
1010 1450 1085 1492 41.
1105 1454 1150 1500 8,
1180 1451 1249 1489 ubi
1270 1449 1497 1488 Michaelem
1525 1449 1602 1486 iam
1629 1453 1716 1486 tum

269 1506 428 1556 quando
450 1520 593 1558 sponsa
615 1506 649 1544 ei
672 1507 804 1557 quaeri
827 1512 885 1544 est
905 1513 1042 1559 coepta
1071 1504 1204 1560 (quod
1224 1508 1340 1557 longe
1359 1512 1448 1544 ante
1466 1504 1543 1543 hoc
1558 1511 1716 1554 tempus

271 1561 468 1611 contigit)
499 1562 720 1612 Augustum
748 1562 943 1601 iuniorem
970 1569 1114 1611 vocat,
1145 1563 1211 1602 vel
1240 1577 1272 1601 c.
1295 1567 1315 1605 1
1339 1562 1366 1600 l.
1384 1564 1433 1611 7,
1460 1560 1529 1599 ubi
1561 1559 1718 1598 Andro-

267 1616 350 1655 nici
367 1630 515 1655 annum
533 1618 763 1655 vicesimum
789 1619 950 1656 tertium
968 1632 1058 1657 cum
1079 1618 1279 1657 Michai'ssis
1298 1617 1530 1656 duodecimo
1547 1628 1716 1654 concur-

267 1673 367 1712 risse
384 1673 463 1723 ait,
492 1679 610 1725 prout
627 1673 719 1711 alibi
739 1674 865 1712 fusius
886 1674 1194 1725 explicabimus,⁴
1223 1674 1387 1712 Observ.
1407 1673 1436 1710 l.
1457 1675 1482 1714 3
1501 1684 1538 1710 c.
1557 1673 1595 1712 3.
1633 1684 1714 1709 non

271 1729 393 1768 fuisse
426 1736 556 1768 autem
587 1729 664 1768 rite
697 1736 940 1781 assumptum
967 1731 1014 1768 ab
1039 1730 1268 1768 Andronico
1296 1742 1370 1768 avo
1398 1727 1442 1766 in
1472 1727 1715 1766 consortium

271 1785 428 1838 imperii
464 1785 732 1824 Andronicum
751 1785 972 1835 iuniorem,
1004 1786 1072 1823 sed
1100 1792 1253 1824 tantum
1285 1783 1551 1835 designatione
1581 1783 1715 1832 tacita,

272 1842 369 1881 dum
391 1842 497 1880 vixit
517 1842 601 1880 eius
620 1848 732 1894 pater
750 1841 938 1891 Michael,
968 1848 1014 1880 ut
1037 1841 1241 1880 haeredem
1264 1840 1422 1893 imperii
1439 1854 1460 1878 a
1477 1839 1629 1892 populo
1646 1852 1715 1878 re-

271 1897 464 1948 veritum,
502 1912 585 1937 non
613 1898 779 1936 obscure
807 1911 847 1935 se
873 1898 1102 1936 arbitratum
1120 1898 1252 1936 innuit
1269 1896 1521 1936 Andronicus
1540 1896 1627 1948 ipse
1648 1908 1715 1933 se-

271 1955 384 2004 nior,
426 1955 542 2004 dum,
571 1960 692 2006 prout
719 1959 856 1993 narrat
883 1955 1175 1993 Cantacuzenus
1200 1955 1226 1993 l.
1256 1957 1277 1995 1
1309 1967 1343 1993 c.
1370 1957 1419 2003 2,
1451 1958 1608 1991 mortuo
1634 1951 1715 1990 Mi-

274 2010 409 2049 chaele
433 2011 651 2050 Andronici
674 2010 840 2049 iunioris
871 2017 1004 2062 patre,
1033 2011 1159 2049 vetuit
1178 2024 1228 2049 ne
1246 2010 1446 2048 iuraretur
1467 2008 1653 2060 deinceps
1669 2008 1714 2045 in

271 2066 387 2105 huius
405 2081 562 2116 nomen,
590 2068 710 2106 talem
734 2067 768 2106 ei
788 2072 898 2118 patre
915 2068 1009 2105 vivo
1029 2066 1207 2105 habitum
1222 2066 1412 2104 honorem
1426 2063 1612 2104 videlicet
1631 2063 1715 2101 exi-

270 2122 436 2161 stimans
448 2153 459 2171 ,
487 2137 568 2161 non
587 2130 633 2162 ut
652 2123 728 2161 iam
749 2124 925 2173 Augusto
944 2123 1011 2161 sed
1030 2129 1183 2161 tantum
1203 2129 1249 2161 ut
1268 2121 1436 2173 Augusti
1463 2121 1566 2168 filio,
1595 2132 1714 2171 quam

271 2179 578 2229 appellationem
600 2180 726 2231 patris
747 2186 875 2218 morte
891 2179 1135 2231 perdidisset,
1179 2185 1295 2230 atque
1314 2178 1410 2216 haec
1428 2177 1577 2229 primae
1594 2188 1712 2213 avum

270 2234 376 2272 inter
393 2241 432 2272 et
454 2242 637 2287 nepotem
663 2235 880 2273 discordiae
902 2249 1014 2273 causa
1032 2235 1183 2284 extitit,
1214 2248 1287 2286 qua
1307 2233 1472 2284 denique
1493 2230 1711 2282 composita

270 2290 391 2328 simul
423 2297 647 2342 assumptus
677 2291 902 2330 solemniter
919 2292 961 2330 in
981 2292 1168 2342 collegam
1187 2290 1342 2342 imperii
1361 2289 1478 2327 simul
1498 2292 1711 2325 coronatus

268 2346 403 2383 iunior
429 2347 679 2384 Andronicus
713 2354 792 2395 est,
824 2347 931 2397 quod
961 2362 982 2384 a
1003 2348 1277 2385 Cantacuzeno
1301 2347 1328 2384 l.
1354 2349 1374 2386 1
1402 2358 1433 2382 c.
1452 2344 1502 2384 41
1527 2343 1711 2380 refertur.

268 2401 390 2453 idque
407 2408 703 2453 praestructum,
733 2404 936 2453 utriusque
951 2403 1028 2441 iam
1047 2402 1254 2441 concordis
1275 2400 1439 2439 consilio
1457 2398 1638 2436 innuitur
1658 2398 1709 2436 ad

268 2464 500 2510 apparatum
535 2459 783 2511 nuptiarum,
813 2459 1073 2510 quasviunior
1102 2459 1367 2497 celebraturus
1393 2459 1477 2493 erat
1502 2466 1593 2492 cum
1625 2453 1710 2491 filia

269 2514 421 2552 comitis
451 2513 684 2562 sabaudiae,
715 2527 832 2565 quam
862 2515 950 2553 ideo
979 2515 1101 2553 frater
1125 2514 1208 2552 eius
1235 2514 1374 2564 (pater
1404 2510 1506 2549 enim
1531 2509 1708 2560 obierat)

269 2569 340 2608 ubi
361 2570 437 2608 rite
458 2569 686 2608 Andronico
706 2569 853 2607 iuniori
874 2571 972 2619 iam,
1002 2576 1048 2608 ut
1062 2585 1084 2608 a
1104 2569 1237 2620 legatis
1254 2567 1453 2613 audiebat,
1480 2565 1710 2617 imperatori

270 2627 505 2677 inaugurato
524 2626 735 2677 despondit
746 2656 756 2672 ,
784 2639 866 2663 non
882 2626 942 2664 uti
960 2631 1072 2663 antea
1089 2625 1198 2676 quasi
1214 2637 1385 2662 sororem
1403 2627 1500 2660 natu
1516 2622 1708 2670 minorem

271 2689 312 2721 et
343 2682 419 2721 sibi
449 2682 643 2721 subditam
668 2681 874 2730 tractavit,
916 2681 985 2720 sed
1011 2681 1047 2718 ei
1076 2681 1260 2732 deinceps
1281 2679 1386 2717 ultro
1413 2677 1601 2728 decessit,
1629 2676 1707 2716 sibi

276 2739 516 2790 superiorem
543 2738 653 2776 illam
681 2750 894 2788 agnoscens
919 2743 957 2776 et
987 2737 1184 2775 dominam
1208 2736 1421 2788 appellans.
1477 2734 1534 2771 ita
1565 2733 1709 2781 diserte

276 2802 469 2835 memorat
488 2795 784 2835 Cantacuzenus
802 2808 838 2835 c.
846 2795 911 2838 40.
943 2806 1037 2832 sane
1053 2799 1143 2833 ante
1157 2792 1234 2831 hoc
1250 2798 1403 2845 tempus
1419 2790 1577 2830 nomine
1593 2789 1706 2828 dum-
