1820 3112
185 165 279 212 160
602 163 838 208 GEORGII
875 161 1231 206 PACHYMERIS

179 298 261 337 γειν
291 296 334 322 τε
365 278 430 321 καὶ
456 283 620 334 φρονεῖν
649 277 798 319 ε’κεΐνον
839 273 1005 328 συνάμα
1038 271 1379 330 πρωτοστράτορι
1410 278 1653 330 Στρατηγο-

181 346 321 405 πούλῳ
364 343 717 401 διανυκτερεύοντί
752 345 790 387 οἱ
820 343 1095 400 προσήγγελον
1115 377 1128 397 ,
1178 344 1248 386 καί
1273 343 1315 399 γ’
1347 344 1515 398 ἕλε’γχειν
1542 347 1655 399 σφᾶς

184 416 372 469 ἑτοίμους
396 413 567 464 ἑαυτοὺς
597 420 789 469 παρεῖχον
814 413 1116 467 ἀναδεχομένου
1147 417 1222 455 τοῦ
1243 413 1456 464 βασιλέως.
1527 411 1652 455 ταῦτ’

185 487 322 528 ἐκεῖνοι
349 485 422 538 μὲν
450 484 609 539 ἔλεγον,
655 481 821 525 ἐδόκουν
845 483 890 525 δὲ
918 480 1079 531 πάντως
1101 483 1143 524 ἔκ
1176 485 1258 523 τῶν
1277 481 1495 537 γινομένων
1517 483 1584 523 καὶ
1604 480 1658 523 τὰ

184 558 258 609 τῆς
287 555 533 609 κατηγορίας
563 551 723 594 πιθανὰ
765 559 850 601 τοῖς
882 549 1092 596 ἀκούουσι.
1174 550 1243 592 διὰ
1273 554 1405 592 ταῦτα
1435 549 1485 604 δὴ
1506 549 1690 604 πολλὴνό

134 633 168 668 E
193 624 261 665 καὶ
290 623 482 678 μεγίστην
513 619 709 674 πρόνοιαν
735 618 755 663 ὃ
791 625 953 675 κρατῶν
973 618 1214 674 ποιούμενος
1233 623 1307 662 τοῦ
1329 635 1371 662 τε
1394 622 1540 661 λαθεῖν
1560 619 1661 661 ἐκεῖ·

188 709 260 735 νον
291 690 361 747 ἐφ’
395 684 427 749 ᾧ
455 694 730 747 προσκαλοῖτο
765 694 839 731 τοῦ
872 688 925 732 θ’
956 687 1135 740 ἁλῶναι,
1185 690 1251 730 καὶ
1279 685 1338 743 μή
1369 705 1409 730 τι
1428 689 1495 730 καὶ
1517 703 1661 730 νεωτε-

191 761 354 816 ρισθείη
385 759 487 814 παρ’
523 759 702 810 ἐκείνου,
749 756 805 808 ὥς
829 757 950 816 ᾤετο,
990 757 1160 811 πέμψας
1193 756 1276 812 ἄγει
1306 755 1410 812 παρ’
1431 754 1565 814 ἑαυτῷ
1587 755 1662 805 τὰς

193 827 408 882 δυνάμεις,
447 829 514 869 καὶ
541 834 628 877 τοῖς
664 828 824 876 οἰκείοις
853 831 977 869 πᾶσιν
1010 824 1094 868 ὑπ’
1119 826 1247 882 αὐγὰς
1267 826 1320 868 ἕω
1349 823 1535 881 ε’πήγγελε
1555 823 1662 867 κατὰ

194 897 241 941 τό
269 895 469 940 παλάτιον
488 897 854 951 συναθροίζεσθαι.
925 897 991 937 καὶ
1013 893 1105 938 τότε
1131 897 1221 950 περὶ
1241 892 1487 950 πλήθουσαν
1507 892 1662 950 ἀγορὰν
1674 901 1718 935 10

196 967 365 1020 πέμψας
394 970 685 1020 προσκαλεΐται
716 964 787 1007 τὸν
820 972 909 1014 ταῖς
941 965 1202 1020 κατηγορίαις
1238 960 1494 1017 ἐνεχόμενον,
1536 963 1664 1018 μηδὲν

55 1046 84 1083 P
109 1046 174 1083 107
199 1035 379 1089 ἀκριβῶς
409 1032 558 1077 εῗδότα.
631 1032 677 1076 ὃν
700 1035 767 1076 καὶ
795 1033 862 1075 διὰ
891 1033 1046 1087 ταχέων
1067 1030 1390 1088 παραγενόμενον
1411 1030 1432 1075 ὃ
1450 1032 1523 1086 μὲν
1540 1036 1664 1085 βασι-

195 1104 288 1154 λειῖς
307 1100 458 1155 εὐθύς,
487 1103 545 1157 μὴ
567 1100 652 1152 οἷός
678 1102 722 1144 τ’
751 1101 807 1144 ὢν
826 1102 1003 1156 κατέχειν
1023 1102 1097 1151 τὰς
1119 1100 1214 1144 κατ’
1235 1102 1385 1143 ἐκείνου
1404 1099 1550 1157 ὀργάς,
1577 1098 1665 1154 ἅμα

195 1174 269 1228 μὲν
296 1174 444 1214 ἐκεῖνον
475 1170 561 1225 ἅμα
592 1172 723 1214 δὲκαὶ
752 1170 824 1214 τὸν
850 1168 1242 1226 Στρατηγόπουλον,
1277 1168 1369 1224 μετ’
1402 1169 1451 1212 οὗ
1475 1169 1578 1212 πολὺ
1597 1169 1664 1211 καὶ

193 1246 343 1285 τοῦτον
365 1247 449 1290 τοῖς
470 1239 609 1290 αὐτοῖς
634 1240 844 1294 ἐνέχεσθαι
872 1239 1242 1295 καταγνωσθέντα,
1271 1239 1513 1292 ὀνειδισμοῖς
1534 1255 1578 1281 τε
1597 1238 1663 1280 καὶ
1677 1239 1720 1277 15

195 1314 550 1367 προπηλακισμοῖς
569 1309 740 1361 ἔβαλλε,
779 1310 845 1350 καὶ
880 1310 952 1350 “τί
970 1306 1198 1361 παθόντες,
1239 1302 1272 1350 ὦ
1294 1301 1466 1360 οὗτοι,”
1504 1304 1666 1364 παρού-

198 1397 275 1435 σης
295 1380 361 1421 καὶ
383 1375 517 1433 πάσης
541 1382 615 1433 τῆς
641 1375 870 1433 συγκλήτου
903 1374 1027 1430 ἐβόα,
1069 1379 1163 1419 ἰκαὶ
1187 1380 1321 1420 κακῶν
1341 1373 1551 1429 κάκιστοι,
1587 1375 1666 1418 αὗ-

197 1451 260 1491 τοὶ
282 1447 458 1490 τοσαῦτ’
481 1447 638 1502 ἔχοντες
659 1446 803 1503 ἀγαθὰ
823 1446 927 1502 παρ’
951 1448 1051 1500 ἐμοῦ
1063 1479 1077 1499 ,
1100 1445 1146 1488 τὸ
1173 1447 1228 1495 εἷς
1251 1445 1460 1498 ἀναβολὰς
1480 1445 1666 1502 ὀφθῆναι

198 1517 303 1574 πρὸς
323 1517 393 1559 τὸν
418 1516 624 1571 εὐεργέτην
643 1517 758 1558 κακοὶ
779 1514 976 1569 οὔμενουν
996 1515 1154 1558 θέσθαι
1179 1512 1505 1570 προεθυμήθητε
1516 1546 1529 1566 ,
1568 1512 1665 1556 ἀλλ’

200 1587 242 1637 ἐξ
271 1584 398 1640 αὐτῆς
431 1582 452 1627 ὅ
481 1585 555 1639 μὲν
589 1582 788 1628 δεσπότου
821 1585 887 1627 καὶ
917 1583 1203 1641 αὗταδέλφου,
1249 1581 1271 1626 ὁ
1305 1584 1350 1626 δὲ
1375 1581 1574 1640 πρότερον
1593 1582 1723 1638 μέν20

296 1729 351 1764 11.
374 1727 620 1774 προσκαλοῖτο
644 1726 684 1760 Ρ.

205 1853 398 1901 spectantia
418 1852 511 1898 loqui
542 1855 578 1886 et
609 1851 794 1886 machinari
825 1864 898 1886 cum
930 1854 1176 1898 protostratore
1201 1852 1463 1899 Strategopu103
1494 1862 1536 1886 ac
1557 1850 1587 1886 si
1609 1862 1672 1885 an-

206 1904 326 1937 nueret
348 1900 550 1944 imperator,
575 1904 715 1944 paratos
737 1910 814 1932 sese
837 1899 880 1933 ad
904 1910 962 1933 eos
986 1900 1230 1934 convincendos
1253 1900 1467 1933 exhibebant.
1513 1897 1600 1932 haec
1620 1896 1674 1931 illi

207 1947 345 1994 quidem
381 1946 556 1979 dixerunt:
600 1956 754 1989 magnam
786 1950 898 1979 autem
929 1945 1229 1980 verisimilitudinis
1269 1945 1415 1991 speciem
1453 1956 1497 1979 ex
1527 1943 1674 1978 caeteris

207 2005 296 2039 quae
319 1992 430 2037 palam
452 1991 526 2036 geri
549 1991 794 2032 cernebantur,
827 2002 939 2025 eorum
969 1992 1143 2026 accusatio
1167 1993 1257 2037 apud
1290 1992 1465 2026 audientes
1487 1989 1675 2024 obtinebat.

206 2044 348 2086 propter
379 2042 445 2071 ista
479 2044 603 2071 cuncta
636 2037 788 2071 decrevit
817 2037 1000 2082 imperator
1031 2039 1356 2084 porphyrogenitum
1390 2035 1676 2083 comprehendere

207 2086 353 2119 accitum
378 2084 421 2117 ad
452 2096 490 2117 se
512 2083 689 2129 postridie.
734 2083 779 2117 ad
811 2083 901 2128 quod
931 2085 997 2118 duo
1031 2085 1196 2130 quaedam
1226 2085 1260 2119 in
1295 2084 1414 2130 primis
1437 2082 1587 2118 curanda
1608 2079 1676 2115 sibi

208 2130 364 2176 putavit,
398 2129 492 2174 prius
515 2130 565 2164 sic
590 2130 708 2163 haberi
730 2141 798 2163 rem
823 2141 979 2164 arcanam
1003 2134 1042 2164 ut
1064 2131 1156 2164 nuua
1177 2131 1309 2165 ratione
1331 2129 1498 2176 suspicari
1519 2127 1677 2173 Porphy-

209 2178 383 2222 rogenitus
407 2180 522 2220 posset
543 2187 651 2220 quare
674 2179 876 2218 vocaretur,
910 2177 1051 2210 alterum
1083 2177 1209 2211 habere
1232 2178 1277 2211 ad
1299 2188 1432 2211 manum
1455 2186 1514 2209 eas
1546 2172 1677 2219 copim,

210 2224 332 2267 quibus
355 2221 429 2263 ille,
462 2222 490 2256 si
513 2223 602 2255 forte
627 2233 817 2266 repugnare
839 2223 1078 2267 prensantibus
1102 2229 1303 2264 conaretur,
1333 2222 1498 2256 resistere
1518 2217 1676 2264 nequiret

211 2280 275 2303 nec
297 2268 381 2301 liber
406 2267 568 2313 effugere.
615 2267 718 2301 iussis
752 2279 834 2310 ergo
867 2269 1048 2303 convenire
1082 2270 1124 2303 ad
1157 2282 1195 2304 se
1217 2267 1446 2314 praetorianis
1466 2264 1676 2306 cohortibus,

212 2319 249 2348 et
271 2313 381 2347 edicto
404 2313 596 2348 domesticis
626 2314 755 2347 cunctis
779 2319 818 2347 ut
845 2315 888 2348 ad
926 2315 1090 2360 palatium
1114 2318 1249 2361 praesto
1272 2318 1386 2349 essent
1407 2313 1470 2347 sub
1493 2321 1678 2356 crepuscu-

211 2360 280 2394 lum
313 2371 473 2400 aurorae,
510 2361 618 2393 forum
649 2359 839 2393 universum
873 2366 1077 2395 armatorum
1114 2361 1322 2396 multitudine
1363 2356 1552 2403 complevit.
1596 2361 1679 2392 tunc

213 2405 306 2440 :nisit
330 2405 388 2450 qui
411 2405 475 2439 sibi
497 2405 659 2439 sisterent
681 2416 756 2439 eum
780 2406 839 2450 qui
863 2414 1043 2440 accusatus
1066 2409 1199 2448 fuerat,
1230 2405 1312 2440 nihil
1333 2410 1428 2438 certo
1449 2404 1612 2437 scientem
1634 2401 1678 2436 de

214 2462 319 2485 causa
341 2452 384 2484 ob
408 2463 509 2497 quam
530 2457 724 2485 vocaretur.
769 2463 836 2496 quo
858 2453 1017 2486 celeriter
1039 2454 1197 2496 adducto,
1220 2452 1274 2486 uti
1293 2456 1328 2484 et
1348 2450 1449 2494 paulo
1474 2454 1553 2494 post
1576 2449 1680 2482 Stra-

213 2497 393 2541 tegopulo,
426 2498 460 2531 in
496 2498 610 2531 ambos
641 2502 680 2530 ut
701 2496 770 2530 iam
793 2498 1052 2542 praedamnatos
1077 2499 1162 2532 iram
1187 2510 1253 2531 non
1276 2497 1450 2531 continens
1471 2494 1680 2529 stomachum

213 2543 345 2587 erupit,
378 2543 568 2588 opprobriis
591 2547 773 2588 utrumque
796 2554 837 2577 ac
860 2543 1020 2577 conviciis
1050 2544 1286 2588 proscindens,
1322 2542 1374 2576 his
1396 2552 1454 2575 eos
1477 2540 1680 2585 compellans

214 2589 330 2623 verbis
350 2600 435 2623 voce
458 2593 628 2631 contenta,
652 2595 772 2623 senatu
795 2590 952 2623 adstante
974 2590 1140 2623 universo.
1187 2591 1324 2634 “quae,
1348 2587 1487 2628 malum,
1512 2587 1596 2620 heus
1618 2595 1680 2619 vos

214 2635 249 2670 in
273 2641 501 2669 transversum
526 2635 677 2680 abripuit
706 2635 887 2676 vecordia,
933 2635 1090 2668 malorum
1125 2635 1283 2680 pessimi,
1318 2639 1356 2669 ut
1385 2639 1439 2667 tot
1461 2644 1482 2666 a
1505 2643 1559 2666 me
1582 2630 1681 2666 bonis

215 2682 365 2726 acceptis
388 2693 453 2715 non
477 2681 561 2714 satis
585 2682 770 2725 habentes,
798 2682 888 2726 quod
911 2681 1020 2726 ipsum
1043 2684 1119 2714 erat
1141 2681 1377 2726 vituperabile,
1397 2677 1488 2713 tardi
1513 2687 1682 2724 apparere

213 2727 250 2761 in
274 2727 453 2761 reserenda
476 2727 628 2769 largitori
651 2728 774 2770 gratia,
799 2727 899 2761 etiam
924 2727 1134 2761 affectaretis
1157 2727 1324 2761 maleficia
1346 2724 1536 2760 benefactis
1557 2734 1682 2768 repen-

215 2774 319 2814 dere,
345 2777 415 2808 tam
439 2773 570 2807 atrocia
593 2774 739 2808 convicti
762 2774 867 2808 fuisse
890 2773 1087 2815 machinati,
1116 2773 1172 2807 hic
1195 2774 1329 2819 quidem
1351 2772 1385 2806 in
1409 2770 1575 2805 dominum
1598 2780 1683 2803 eun-

212 2818 355 2865 demque
377 2830 571 2865 germanum
592 2821 745 2863 fratrem,
768 2820 828 2855 ille
849 2823 961 2855 autem
983 2819 1019 2854 in
1041 2830 1117 2854 eum
1141 2820 1195 2855 cui
1217 2819 1359 2866 primum
1381 2818 1486 2853 debet
1507 2816 1599 2863 quod
1620 2814 1684 2851 ad-
