1820 3112
196 159 261 205 26
619 155 854 206 GEoRGn
883 138 1236 200 PAGHYMERIS

198 274 333 323 καλῶς
353 270 393 315 οἳ
409 267 634 328 γράφοντες
652 268 758 323 εἶχον
782 273 856 326 τῆς
877 267 1021 324 δόξης,
1054 268 1128 323 οὔχ
1145 266 1256 317 ὅπως
1275 266 1431 325 ἔκρινον
1450 263 1660 322 ἐξετάζειν,

199 340 305 383 ἀλλὰ
324 337 450 396 μόνον
474 338 536 382 ὅτι
556 340 623 382 καὶ
642 337 828 395 δόγματα
850 336 1114 393 ἔλαλήθησαν
1137 338 1202 380 καὶ
1220 338 1377 392 γραφαὶ
1395 332 1659 391 ἂνεπτῦχθη-

81 413 112 448 Ρ
135 412 179 449 14
201 425 278 453 σαν
317 409 383 451 καὶ
413 405 524 463 λόγοι
562 407 749 463 πατέρων
786 409 842 457 εἷς
868 406 995 460 ἀκοὴν
1026 405 1148 449 ὠτίου
1184 405 1388 459 ἐτέθησαν
1405 437 1420 458 ,
1465 406 1660 461 μεγίστην

196 481 327 521 ταῦτα
344 476 608 532 παραβασίαν
627 473 840 532 ἡγούμενοι
852 507 865 527 ‚
901 475 999 524 τοὺς
1016 473 1120 530 μηδ’
1146 471 1169 517 ὅ
1191 490 1230 516 τι
1249 474 1318 516 καὶ
1337 474 1491 529 αἵρεσις
1513 473 1574 527 εἴη
1593 490 1658 529 γι-

195 543 429 594 νώσκοντας
450 541 506 593 ὥς
528 544 581 587 τὰ
601 544 770 599 μέγιστα
793 541 1063 599 παραβάντας
1081 542 1249 598 ἔκρινον,
1285 542 1352 584 καὶ
1370 542 1499 597 μηδὲν
1522 540 1690 598 ὄρθοῦὸ

194 613 303 663 ὅλως
322 616 583 669 παρεκκλῒναι
613 612 934 667 διατεινομένους
958 611 1169 665 λιβέλλους
1194 607 1360 665 ἐζήτουν
1381 611 1567 660 πίστεως.
1623 611 1659 653 εἰ

194 681 238 725 δ’
263 680 406 738 ἴγρυξέ
421 697 481 730 τις
504 682 594 736 περὶ
622 678 836 737 δογμάτων
866 678 1057 737 γράψας,
1093 679 1142 723 οὗ
1166 679 1214 722 τὸ
1243 677 1421 736 γραφέν,
1456 677 1531 722 τὸν
1554 674 1659 734 γρά-

192 762 337 805 ψαντα
355 752 380 792 δ
385 749 397 766 ’
421 747 651 803 αἰτιώμενοι
671 751 908 798 καταδίκαις
928 746 1083 804 ὑπῆγον
1105 745 1306 802 ἐσχάταις.
1364 748 1432 790 καὶ
1451 763 1659 804 προηγου-

193 818 325 874 μένως
343 817 467 867 αὐτὸς
489 817 538 871 δὴ
573 815 594 860 ὅ
626 821 709 861 τῶν
737 821 971 873 λογοθετῶν
993 817 1142 872 μέγας,
1172 814 1193 859 ὁ
1213 817 1280 858 καὶ
1298 819 1380 872 πῦρ
1404 815 1536 859 πνέων
1553 812 1657 873 ὑπὲρ

195 884 433 943 δογμάτων,
469 883 525 935 ὥς
549 883 684 944 ἐῴκει,
719 891 883 942 παρεῖχε
904 885 952 928 τὸ
973 883 1219 941 σύγγραμμα
1244 885 1460 935 καίεσθαι,
1498 883 1576 939 οὐχ
1593 883 1657 926 ὅτι
1668 897 1713 933 10

142 958 173 993 B
197 954 402 1012 ξ’σφαλταί
421 954 483 1007 οἳ,
521 954 636 997 καθὰ
657 953 706 1010 δὴ
735 956 804 997 καὶ
831 953 957 1003 αὐτὸς
977 953 1142 1011 ἔνορκος
1162 954 1225 995 ἐπὶ
1246 957 1298 1010 τῇ
1314 949 1477 1012 συνόδῳ
1502 954 1659 1006 διωμο-

193 1020 322 1080 λόγει,
359 1020 540 1066 αὐτόθεν
566 1026 892 1080 λογογραφοῦντι
919 1024 1009 1079 περὶ
1041 1019 1284 1077 δογμάτων,
1331 1020 1427 1064 ἀλλ’
1462 1019 1526 1064 ὅτι
1551 1018 1657 1077 γρά-

194 1109 285 1149 φειν
307 1090 416 1149 ε’πῄει
449 1092 516 1134 καὶ
540 1089 775 1134 συντάττειν
805 1090 993 1146 πατέρων
1023 1090 1128 1147 ῥητοὶ
1143 1086 1327 1146 χρήσιμά
1345 1106 1432 1139 πως
1453 1086 1659 1133 δοκοῦντά

195 1160 236 1205 οἱ
254 1159 357 1216 πρὸς
383 1160 435 1202 τὰ
463 1157 555 1202 τότε
582 1157 802 1214 τελούμενα
813 1192 826 1213 ,
861 1164 996 1202 ταῦτα
1013 1161 1080 1202 καὶ
1100 1163 1263 1202 πολλῶν
1281 1156 1481 1215 πρότερον
1499 1159 1566 1200 καὶ
1580 1175 1656 1212 με·-

193 1225 330 1286 γάλων
361 1227 501 1278 αὐτοῖς
529 1227 578 1284 δὴ
610 1228 955 1286 συγχρησαμὲνων
984 1227 1054 1286 ἐφ’
1085 1225 1247 1284 ὁμοίαις
1271 1234 1362 1279 ταῖς
1382 1224 1651 1270 ὑποθέσεσιν·
1668 1230 1711 1267 15

286 1338 320 1375 8.
340 1335 477 1383 ἐπῆγον
499 1337 541 1374 Ρ.
677 1337 732 1377 14.
754 1336 803 1374 τὰ
827 1338 959 1373 deerat.

192 1428 326 1475 pestlva
355 1428 576 1463 ventilatione
606 1430 840 1474 quaestionum
870 1440 956 1476 quas
986 1428 1217 1475 inexploratae
1246 1427 1394 1474 relinqui
1421 1426 1656 1474 praestiterat,

189 1475 438 1509 contendebant
467 1486 534 1509 non
566 1486 642 1509 esse
661 1476 894 1521 inquirendum
916 1479 1053 1509 rectene
1076 1487 1119 1509 an
1141 1485 1240 1509 secus
1269 1474 1326 1518 qui
1350 1473 1394 1507 de
1417 1472 1658 1508 controversiis

192 1531 302 1564 nuper
327 1521 427 1555 motis
450 1531 529 1554 suas
551 1521 728 1555 ediderant
760 1521 946 1555 sententias
977 1521 1212 1566 scripsissent,
1244 1530 1360 1554 verum
1393 1530 1452 1554 eos
1482 1520 1548 1553 hoc
1577 1519 1656 1564 ipso

193 1565 284 1610 quod
307 1566 464 1610 dogmata
487 1566 694 1609 movissent,
726 1567 817 1612 quod
839 1567 875 1602 in
907 1566 1171 1612 disputationem
1194 1566 1290 1611 prius
1310 1566 1346 1598 in
1367 1577 1431 1599 usu
1453 1565 1571 1599 habita
1591 1575 1656 1599 vo·-
1703 1609 1705 1611 ι

194 1617 349 1652 cassent;
385 1612 474 1656 quod
502 1611 690 1656 scripturas
722 1613 962 1658 replicassent,
994 1613 1084 1658 quod
1107 1623 1169 1658 per
1191 1612 1266 1645 illos
1289 1609 1391 1645 fando
1415 1610 1554 1644 auditae
1577 1609 1656 1644 dum

194 1656 421 1690 recitarentur
446 1664 580 1702 patrum
597 1658 819 1692 auctoritates
841 1662 967 1701 essent,
993 1662 1155 1703 tanquam
1174 1658 1430 1702 perturbatores
1447 1656 1572 1701 quietis
1591 1666 1656 1701 pu·

191 1701 302 1735 blicae
326 1714 366 1736 ac
388 1702 579 1748 gravissimi
612 1714 688 1737 reos
719 1704 867 1737 criminis
890 1704 1103 1737 condemnari
1126 1704 1348 1747 satagebant3
1379 1705 1414 1735 et
1437 1701 1658 1745 obsequenti-

190 1747 256 1781 bus
280 1759 366 1793 quos
390 1754 671 1789 convocaverant,
697 1760 735 1783 re
758 1761 839 1783 vera
861 1750 1130 1783 condemnandos
1150 1752 1366 1789 curaverunt,
1389 1758 1431 1781 ac
1453 1747 1657 1791 gravissima

192 1804 348 1838 quaeque
373 1794 668 1828 animadversionis
690 1794 943 1829 ecclesiasticae
963 1797 1114 1839 exempla
1138 1796 1171 1828 in
1195 1806 1254 1828 eos
1278 1793 1472 1831 ediderunt,
1508 1803 1594 1838 quos
1616 1803 1656 1827 se

190 1849 236 1872 ne
267 1839 400 1873 minima
430 1839 565 1885 quidem
595 1851 754 1884 aspersos
786 1840 992 1875 conscientia
1022 1841 1222 1883 haereseos,
1258 1842 1294 1873 et
1319 1849 1483 1883 nusquam
1514 1850 1536 1872 a
1558 1843 1656 1873 recta

189 1884 273 1918 fidei
307 1885 493 1919 declinasse
523 1886 642 1929 regula
672 1889 708 1919 et
739 1886 947 1920 affirmantes
976 1889 1013 1919 et
1040 1890 1178 1931 paratos
1201 1887 1435 1919 demonstrare
1457 1883 1655 1926 offerentes,

190 1933 230 1964 ut
253 1931 417 1969 atrocium
440 1930 612 1966 convictos
643 1931 842 1966 delictorum
873 1932 1118 1966 damnaverunt
1145 1931 1333 1976 poenisque
1354 1929 1560 1963 addixerunt
1582 1941 1656 1964 ma-

190 1975 300 2010 ximis.
353 1976 386 2010 in
420 1988 486 2022 quo
517 1981 594 2010 erat
624 1977 711 2011 haec
742 1978 826 2012 mira
857 1977 1059 2022 procedendi
1089 1978 1188 2011 ratio.
1233 1976 1363 2010 libellos
1386 1977 1430 2010 ab
1452 1986 1656 2020 unoquoque

191 2021 394 2064 flagitabant
416 2023 536 2067 quibus
559 2030 766 2067 exponerent
787 2023 868 2069 quid
898 2024 1086 2057 crederent.
1131 2023 1274 2068 prolatis
1296 2023 1357 2063 iis,
1390 2022 1422 2056 si
1451 2021 1532 2066 quid
1555 2020 1654 2066 quis-

189 2066 280 2110 piam
305 2067 347 2100 de
370 2067 581 2110 dogmatibus
603 2069 797 2103 mussitasse
819 2069 1011 2112 videretur,
1041 2069 1281 2110 damnabatur,
1311 2078 1377 2101 uon
1397 2068 1580 2112 scriptum,
1611 2069 1654 2101 ut

191 2111 349 2153 aiebant,
382 2113 440 2146 sed
473 2114 640 2158 scriptor3
673 2115 771 2160 isque
799 2114 928 2149 idcirco
957 2116 1063 2149 solum
1093 2115 1183 2160 quod
1216 2126 1258 2148 ea
1289 2113 1521 2158 consignasset
1542 2111 1654 2147 literis

192 2168 281 2202 quae
304 2169 414 2203 prava
435 2164 572 2192 rectane
594 2164 708 2193 essent
730 2162 764 2193 in
787 2161 897 2195 medio
918 2161 1189 2205 relinquebatur,
1214 2159 1376 2194 extremis
1397 2158 1653 2193 ecclesiasticae

193 2214 356 2237 censurae
387 2204 476 2237 notis
506 2205 651 2238 affectus
683 2206 931 2240 declarabatur.
985 2207 1114 2250 primus
1146 2207 1191 2240 ad
1221 2211 1434 2240 caeterorum
1463 2204 1653 2248 exemplum

190 2247 252 2281 isti
277 2260 314 2281 se
336 2249 479 2282 subiecit
502 2250 723 2293 ignominiae,
745 2252 842 2296 quasi
861 2252 1042 2286 remedium
1075 2252 1258 2286 canonicae
1287 2249 1510 2285 absolutionis
1531 2248 1652 2293 poeni-

192 2293 322 2327 tentiae
344 2295 552 2338 profession-2
576 2296 736 2337 ambiens,
762 2309 900 2341 magnus
922 2299 1096 2343 logotheta
1114 2299 1271 2337 Muza103
1297 2296 1356 2342 qui
1378 2295 1538 2329 simulans
1553 2305 1592 2328 se
1607 2294 1652 2329 de

191 2338 348 2373 doctrina
369 2340 448 2373 nihil
470 2341 715 2385 praeiudicare,
736 2343 865 2377 frustra
885 2350 974 2378 erat.
1020 2344 1188 2378 eminebat
1210 2343 1296 2384 enim
1317 2343 1391 2376 eius
1412 2339 1564 2384 flagrans
1577 2343 1654 2374 stu-

191 2383 282 2418 dium
305 2385 338 2418 in
362 2390 477 2430 partes
499 2387 747 2430 processionem
778 2399 821 2421 ex
855 2389 925 2422 filio
947 2390 1086 2433 spiritus
1108 2388 1323 2432 negantium3
1359 2385 1453 2420 cuius
1483 2384 1653 2428 dogmatis

191 2433 287 2464 tauto
311 2430 482 2475 flagrabat
505 2431 577 2465 zelo
600 2437 637 2465 ut
661 2433 830 2466 flammam
853 2434 984 2478 spirare
1007 2435 1195 2468 videretur.
1239 2437 1352 2467 tamen
1377 2431 1436 2464 ille
1458 2431 1606 2464 libellum
1629 2441 1652 2465 a

190 2485 230 2509 se
261 2475 355 2519 prius
385 2476 571 2521 imperante
594 2478 761 2512 Michaele
792 2479 903 2523 palam
926 2480 1058 2521 datum,
1093 2490 1160 2524 quo
1191 2490 1230 2513 se
1261 2479 1433 2522 professus
1464 2483 1541 2510 erat
1562 2476 1651 2511 idem

190 2531 265 2554 cum
278 2521 410 2556 Latinis
434 2524 589 2564 credere,
611 2523 699 2557 ultro
722 2523 788 2557 iam
811 2535 977 2558 execrans
1001 2530 1037 2558 et
1060 2524 1317 2558 comburendum
1340 2523 1502 2564 offerens,
1524 2521 1652 2555 iureiu-

188 2566 296 2601 tando
323 2567 425 2601 etiam
448 2567 650 2613 interposito
673 2573 727 2603 est
749 2580 861 2603 coram
891 2570 1019 2614 synodo
1042 2571 1219 2614 professus
1241 2581 1316 2602 sese
1337 2568 1427 2602 haud
1450 2567 1529 2601 ideo
1551 2566 1651 2601 flam-

187 2611 252 2646 mis
282 2612 346 2646 hoc
368 2613 532 2658 scriptum
555 2613 701 2655 donare,
735 2614 825 2660 quod
856 2615 922 2649 sibi
955 2619 1045 2649 esset
1075 2615 1230 2649 conscius
1261 2625 1402 2660 pravum
1425 2613 1460 2647 in
1483 2624 1522 2647 eo
1547 2615 1606 2647 aut
1628 2624 1650 2648 a

187 2668 271 2691 sana
294 2658 448 2692 doctrina
471 2670 631 2694 exerrans
654 2659 824 2706 quidpiam
849 2660 1006 2706 positum,
1028 2661 1088 2694 sed
1111 2661 1265 2705 quoniam
1289 2662 1491 2705 agnosceret
1512 2670 1553 2692 eo
1576 2658 1650 2703 ipso

188 2714 226 2735 se
248 2703 400 2747 graviter
423 2715 594 2748 peccasse,
617 2706 707 2750 quod
730 2705 860 2740 omnino
883 2706 1036 2740 scribere
1059 2707 1102 2740 de
1125 2707 1282 2750 dogmate
1305 2716 1408 2740 ausus
1431 2707 1534 2746 esset,
1559 2704 1650 2749 quod

188 2747 231 2780 de
253 2749 376 2783 talibus
400 2750 591 2791 disserere,
616 2751 703 2796 quod
728 2755 863 2796 patrum
886 2752 1079 2786 testimonia
1102 2751 1146 2785 dc
1172 2752 1225 2785 his
1246 2751 1430 2796 inquirere,
1454 2761 1652 2794 congerere,

189 2795 440 2831 accommodata
463 2800 499 2831 et
522 2796 617 2832 utilia
639 2803 719 2831 tunc
741 2797 816 2833 visa
839 2798 884 2833 ad
908 2809 1043 2833 causam
1066 2809 1155 2844 quae
1177 2803 1348 2842 ageretur,
1369 2796 1452 2832 licet
1467 2807 1533 2832 nou
1555 2795 1651 2841 igno·
