1858 3126
289 182 387 229 656
687 180 996 225 OBSERVAT.
1027 181 1336 228 PACHYMER.

289 299 376 343 ἀλλ’
398 297 492 342 οὐδὲ
507 295 668 353 μεγάλα,
691 296 780 341 ἄλλ’
801 298 896 342 ὅσον
915 298 1190 350 ἀκοντίζεσθαι
1205 298 1309 344 ’ὅπου
1323 298 1471 355 δεήσοι.
1499 304 1568 343 sed
1578 318 1735 352 vanum,

290 359 443 411 opinor,
473 357 523 395 sit
545 370 730 408 quaerere
748 357 934 408 originem
952 358 1138 397 vocabuli
1159 358 1339 397 Francici
1362 359 1404 397 in
1422 359 1554 410 lingua
1573 361 1734 400 Graeca.

398 420 489 478 ἆγρ
503 424 620 464 ωτίδ
634 438 682 472 ες
709 438 747 476 p.
767 428 849 467 269
868 438 905 463 v.
926 427 966 466 7.
1024 438 1130 462 casas
1153 426 1316 464 rusticas
1346 439 1392 463 ac
1415 427 1569 476 tuguria
1590 429 1735 467 aestiva

288 494 507 519 messorum
535 480 756 532 manipulos
774 481 816 519 in
835 481 932 519 areis
958 482 1190 531 terentium,
1224 483 1380 533 opinor,
1409 481 1613 534 intelligit3
1642 497 1735 535 quas

287 552 308 574 a
342 536 607 575 fundamentis
633 537 790 575 avulsas
818 537 967 586 eluvie,
1002 543 1040 575 et
1071 538 1177 587 quod
1209 538 1288 576 sere
1316 538 1462 576 tabulis
1493 553 1539 576 ac
1574 540 1736 579 materia

288 599 535 642 constarent,
566 599 740 631 torrente
766 593 946 644 abreptas
973 593 1167 643 significat
1192 594 1414 632 innatantes
1441 595 1571 645 aquis,
1606 596 1736 646 quoad

287 651 480 701 impactae
502 649 705 687 moenibus
725 650 832 687 urbis
859 650 974 687 allisu
994 649 1289 700 dissiparentur.
1346 650 1406 701 agi
1427 657 1556 688 autem
1578 651 1737 703 potissi-

287 719 397 744 mum
431 706 479 743 de
514 706 764 757 temporariis
792 706 1055 744 tabernaculis
1085 707 1232 744 circum
1263 719 1371 744 areae
1399 707 1572 757 frugibus
1599 708 1735 760 plenas

287 762 427 813 positis
449 761 499 800 ad
528 762 744 799 custodiam
767 769 1038 813 congestarum
1059 762 1145 800 illic
1168 762 1211 800 in
1239 763 1360 800 moles
1389 762 1576 801 frumenti
1600 765 1736 815 spica-

287 831 392 866 rum,
421 831 516 869 quas
534 818 667 856 excuti
686 825 724 856 et
745 831 792 856 ex
813 819 860 856 iis
879 832 1044 869 granum
1061 820 1229 867 secerni,
1260 833 1377 871 opera
1395 819 1612 858 multorum
1632 834 1735 858 con-

286 874 458 912 tinenter
483 874 635 912 dierum
665 874 841 913 laborem
869 875 1074 925 exigente,
1114 875 1337 926 oportebat,
1380 875 1519 913 suadet
1546 876 1734 927 temporis

287 931 477 968 articulus
498 931 568 968 sub
587 936 802 968 extremum
825 932 1041 980 Augustum
1073 937 1111 968 et
1138 932 1322 970 adiuncta
1352 931 1498 969 mentio
1516 930 1652 986 ἔργων
1674 933 1734 973 αἰ-

287 988 391 1038 ζηων
415 983 574 1037 ἄνδρων
598 1001 689 1037 ope1
691 1002 758 1024 um
787 989 980 1024 iuvenum
1003 988 1195 1036 virorum,
1223 987 1300 1025 hoc
1321 994 1379 1025 est
1397 988 1611 1026 valentium
1636 1001 1733 1027 mes-

286 1056 433 1081 sorum.
495 1042 586 1095 ἔργα
611 1043 713 1081 enim
744 1044 955 1082 universim
985 1057 1102 1093 opera
1126 1043 1272 1082 rustica
1301 1044 1404 1082 circa
1429 1044 1558 1094 fruges
1581 1058 1733 1082 vocan-

283 1105 363 1147 tur,
393 1105 553 1136 extenso
575 1099 690 1137 etiam
708 1099 790 1137 eius
815 1099 925 1137 vocis
946 1099 1167 1149 significatu
1191 1101 1239 1137 ad
1259 1101 1412 1137 tructus
1435 1099 1542 1150 ipsos
1558 1100 1643 1138 istis
1670 1100 1731 1138 la·-

283 1154 445 1192 boribus
468 1162 647 1207 paratos;
679 1170 754 1207 quo
779 1169 895 1194 sensu
917 1156 1032 1193 etiam
1053 1156 1195 1195 Psalm.
1219 1159 1299 1197 127
1325 1160 1352 1197 2
1379 1156 1530 1194 labores
1548 1169 1731 1194 manuum

284 1224 443 1248 suarum
464 1212 701 1250 manducare
720 1211 910 1262 homines,
939 1225 1080 1263 nempe
1104 1212 1306 1261 agricolae,
1337 1211 1538 1249 dicuntur.
1596 1225 1733 1250 corro-

285 1266 358 1304 bol
361 1274 399 1304 at
425 1273 551 1305 autem
571 1268 833 1306 coniecturam
847 1297 857 1316 ‚
888 1268 992 1319 quod
1015 1281 1110 1306 mox
1130 1268 1261 1318 Pachy
1264 1281 1386 1305 menes
1404 1267 1447 1304 in
1465 1267 1640 1306 membro
1659 1281 1731 1335 pe-

283 1323 389 1361 riodi
407 1325 668 1375 iespondente
695 1324 756 1362 his
787 1325 939 1373 verbis,
971 1324 1119 1375 αἰζηων
1142 1321 1302 1375 ἀνδρῶν
1329 1323 1439 1376 ἔργα,
1468 1324 1666 1375 subiungit
1683 1338 1732 1363 τα

284 1375 327 1419 δ’
355 1375 620 1429 ἀφανίζεσθαι
648 1384 734 1428 ταῖς
761 1392 999 1432 προχωσεσι,
1030 1380 1190 1418 disiecta
1218 1387 1254 1418 et
1282 1379 1495 1432 disperdita
1521 1380 1594 1418 ista
1613 1393 1730 1432 opera

283 1435 418 1473 dicens
441 1450 531 1474 cum
560 1437 728 1474 molibus
747 1444 814 1474 aut
832 1437 943 1474 metis
968 1436 1245 1484 frumentariis,
1273 1443 1329 1474 sti
1332 1436 1446 1474 uibus
1467 1436 1648 1474 videlicet
1667 1449 1732 1486 ag-

283 1491 398 1540 gestis
421 1493 715 1543 manipulorum
735 1493 855 1530 tritici
877 1506 923 1530 ac
942 1494 1098 1542 frugum
1119 1498 1372 1541 caeterarum,
1402 1505 1498 1542 quae
1515 1493 1643 1530 solent
1659 1505 1730 1544 per

284 1553 466 1584 aestatem
489 1547 529 1584 in
557 1549 654 1586 areis
683 1555 829 1587 extare.
886 1549 992 1586 favet
1018 1548 1077 1586 his
1107 1548 1342 1586 coniecturis
1367 1548 1536 1599 epitome
1561 1548 1602 1586 in
1621 1547 1729 1585 hunc

281 1602 415 1639 locum
434 1602 632 1650 Vaticana,
651 1617 765 1654 quam
789 1603 879 1642 vide
898 1605 1098 1642 recitatam
1116 1605 1158 1642 in
1179 1604 1255 1641 hoc
1277 1604 1464 1653 glossario
1486 1604 1589 1641 infra
1608 1603 1727 1642 verbo

282 1654 512 1709 προχώσεις.
570 1661 676 1709 quod
699 1659 775 1697 huc
797 1660 987 1710 pertinet,
1019 1660 1209 1698 admoneo
1232 1660 1326 1696 satis
1357 1672 1486 1696 rarum
1509 1659 1634 1698 videri
1653 1673 1727 1698 vo-

283 1713 464 1751 cabulum
484 1711 694 1768 ἄγρώτιδες
715 1729 804 1753 cum
823 1731 853 1755 ω
879 1715 1084 1766 scriptum:
1113 1729 1201 1752 nam
1221 1715 1338 1765 vulgo
1360 1710 1531 1767 οἷγρότης
1549 1717 1727 1753 rusticus

282 1769 483 1808 scribitur.
552 1772 622 1810 sed
654 1772 816 1809 fortasse
848 1778 982 1809 noster
1009 1785 1057 1809 ex
1089 1772 1229 1809 usitato
1260 1771 1392 1808 eadem
1419 1773 1579 1809 notione
1605 1771 1727 1810 verbo

285 1822 515 1878 ἄγροιαίτης,
546 1828 646 1866 crasi
669 1828 854 1878 quadam,
884 1827 987 1865 hanc
1007 1840 1145 1865 vocem
1170 1827 1423 1875 formaverit3
1452 1833 1521 1865 aut
1545 1827 1659 1866 etiam
1683 1828 1728 1866 in

283 1888 413 1920 mente
436 1882 621 1922 habuerit
644 1890 682 1922 et
709 1884 916 1934 scriptioni
938 1897 1055 1932 suae,
1084 1890 1129 1921 ut
1152 1883 1351 1920 interdum
1371 1882 1493 1931 solet,
1521 1883 1730 1923 inseruerit

283 1938 416 1977 locum
447 1943 587 2006 ppetae
624 1941 840 1978 cuiusdam.
908 1946 1012 1978 certe
1043 1939 1140 1977 haec
1173 1945 1337 1986 cuncta,
1375 1939 1602 1990 praesertim
1632 1953 1727 1979 vero

285 1994 432 2046 αἰζηων
458 1991 653 2049 ἀνδρῶν’
640 1996 754 2050 ἔργα,
786 1996 931 2048 poetici
954 1996 1047 2048 styli
1072 2009 1248 2048 saporem
1271 1994 1428 2034 habent.

395 2058 637 2115 ἀδήριτον
665 2078 703 2116 p.
726 2064 804 2106 152
831 2077 870 2102 v.
893 2067 933 2105 2.
990 2077 1129 2101 vocem
1157 2059 1345 2131 αδήριτον
1372 2062 1439 2100 hic
1466 2042 1629 2114 usurpat
1654 2074 1728 2100 au-

143 2121 171 2154 P
194 2119 261 2154 459
286 2121 371 2154 ctor
397 2117 439 2155 in
469 2119 628 2158 notione
652 2121 698 2157 ab
720 2119 917 2171 Hesychio
938 2119 1160 2167 observata,
1190 2120 1282 2157 dum
1311 2114 1482 2173 οἷδηρίτῳ
1510 2130 1585 2170 pro
1607 2131 1728 2170 syno—

284 2172 412 2222 nymis
453 2176 612 2224 copulat
656 2175 828 2228 ἄμαχον,
873 2172 1193 2228 ἆκαταμαχητον,
1235 2176 1429 2213 invictum
1464 2174 1725 2212 ineluctabile.

284 2242 404 2278 quare
429 2231 593 2269 verbum
616 2231 820 2284 διέφερον,
851 2233 956 2283 quod
981 2245 1078 2270 mox
1095 2232 1295 2278 subditur,
1323 2231 1477 2268 nullum
1498 2243 1630 2268 eorum
1650 2229 1726 2266 ele.

282 2285 458 2332 gantium
477 2286 762 2336 significatuum
786 2288 852 2326 hic
879 2289 1041 2336 obtinet,
1071 2288 1213 2338 quibus
1235 2286 1444 2336 insignitur
1462 2285 1504 2322 in
1529 2283 1726 2336 plerisque

285 2339 522 2379 disertorum
546 2356 708 2394 operum
729 2344 861 2393 libris,
889 2345 959 2382 sed
977 2344 1207 2394 simpliciter
1225 2348 1337 2380 sonat
1351 2342 1422 2392 fi'
1423 2341 1550 2377 ebant

397 2402 614 2476 ἆλλαγαί
642 2423 680 2460 p
702 2410 783 2452 496
802 2423 841 2448 v.
865 2414 903 2452 2.
960 2413 1102 2451 τοῦτον
1122 2406 1304 2462 βασιλεῦς
1325 2403 1411 2460 μετ’
1437 2401 1639 2456 ευμενείας
1664 2403 1724 2446 δέ·

284 2475 390 2514 χεται
413 2462 479 2502 καὶ
509 2460 691 2515 ἀλλαγαῖς
715 2461 884 2516 αγάλλει.
941 2480 980 2517 p.
1005 2479 1099 2503 vero
1119 2466 1200 2507 498
1223 2478 1262 2503 v
1285 2463 1312 2504 4
1338 2463 1386 2500 de
1407 2462 1500 2513 Mpy
1502 2460 1644 2531 rigerip
1668 2461 1724 2500 sic

283 2517 439 2556 scribit.
478 2519 545 2559 καὶ
572 2519 784 2559 ἐκυδνοῦτο
811 2525 896 2568 ταῖς
921 2525 1081 2572 συχναῖς
1108 2516 1301 2572 ἀλλαγαῖς.
1357 2516 1574 2568 Hesychius
1605 2513 1727 2558 ἄλλα·

285 2571 360 2626 γήν
390 2577 553 2626 exponit
581 2570 767 2626 ἀμοιβήν.
824 2577 892 2613 sed
918 2590 1000 2614 eam
1031 2575 1248 2626 generalem
1279 2573 1478 2611 notionem
1506 2571 1569 2610 his
1596 2573 1724 2611 nostri

284 2630 383 2669 locis
414 2630 520 2669 haud
547 2631 737 2682 quadrare
771 2644 885 2669 nemo
915 2645 996 2668 non
1021 2632 1141 2669 videt.
1209 2630 1334 2667 multo
1360 2629 1486 2666 minus
1515 2635 1722 2668 contentus

286 2686 477 2737 quispiam
501 2700 583 2725 esse
605 2686 727 2738 possit
751 2700 793 2724 ea
820 2700 935 2737 quam
958 2686 1184 2724 Eustathius
1209 2686 1472 2736 παοεκβολαῖς
1491 2684 1540 2722 ad
1570 2685 1682 2726 Iliad.
1705 2699 1724 2725 ε

285 2755 323 2792 p.
351 2743 430 2785 531
468 2743 528 2782 ed.
558 2744 668 2780 Rom.
703 2748 863 2780 annotat
890 2742 951 2780 his
984 2743 1136 2781 verbis:
1181 2742 1225 2780 αἱ
1251 2739 1293 2781 δὲ
1323 2741 1491 2794 ἱστορίαι
1519 2737 1722 2791 σταθμους

284 2797 414 2838 οἴδασι
436 2798 561 2852 λέγειν
590 2799 656 2841 καὶ
683 2795 753 2847 τὰς
779 2797 1015 2853 ὡρισμένας,
1056 2794 1130 2839 εἴτ’
1157 2792 1231 2838 ουν
1258 2796 1505 2851 τεταγμένας,
1541 2796 1721 2844 ἐνοδίους
