1820 3112
368 144 444 187 DE
476 142 807 187 ANDRONICO
841 138 1214 186 PALAEOLOGO
1248 140 1297 183 L.
1322 138 1358 182 Ι.
1524 135 1592 183 47

125 261 278 313 χεσθαι
304 261 365 317 τῷ
393 256 494 316 ἀξίῳ
517 261 594 313 τῆς
612 261 695 301 τῶν
713 253 1012 312 συμπαρόντων
1031 251 1296 309 ἆναξιότητος
1312 247 1436 309 χάριν
1457 249 1515 294 δι’
1539 249 1593 293 ἇ-

127 323 344 382 γαθότητα
363 323 606 380 πνεύματος.
676 326 758 368 ἐπεὶ
773 327 818 368 δὲ
834 327 901 367 καὶ
920 324 972 367 τὰ
992 328 1066 378 τῆς
1085 327 1247 377 τελετῆς
1269 320 1487 376 διήνυστο,
1523 320 1594 362 καὶ

127 395 236 451 τρισὶ
263 394 600 449 προηγιασμένοις
625 392 788 449 ἄρτοις,
825 391 881 442 ὥς
908 399 999 442 ταῖς
1026 393 1156 446 τρισὶν
1178 388 1350 446 ἡμέραις
1370 393 1443 444 τῆς
1464 385 1592 444 μεγά-

127 466 202 517 λης
233 459 464 516 ἑβδομάδος
496 461 737 518 ἀρκέσουσι,
774 461 821 504 τὸ
851 465 926 515 τῆς
954 460 1167 515 ἐκκλησίας
1185 461 1326 509 πυξίον
1343 459 1590 509 ε’νικανοῦτσ,

93 527 150 575 55
170 528 424 585 πατριάρχης
445 531 545 587 πρός
564 531 736 583 βασιλέα
758 527 938 572 αὐτόθεν
954 526 1116 583 ἀπήντα
1135 527 1352 570 ἓκτελέσων
1370 525 1465 580 μετ’
1489 526 1592 568 ε’κεί-

124 615 198 640 νου
227 598 303 654 τὴν
331 597 475 654 ἑορτὴν
506 598 610 641 κατὰ
638 598 686 641 τὸ
720 596 922 650 σύνηθες,
960 597 999 639 οἶ
1028 597 1074 639 δὲ
1101 597 1169 638 καὶ
1206 590 1332 644 αὖθις
1361 599 1443 636 τῶν
1467 594 1585 650 ἱερῶν
1608 598 1642 634 1>

123 663 329 716 σ-υνᾶξεων
349 667 603 718 ἕξεκλείοντο,
626 665 730 721 παρ’
754 665 872 708 οὐδὲν
894 664 1078 718 θεμένων
1100 664 1175 713 τὰς
1195 667 1268 706 τοῦ
1286 662 1439 718 Ἰωσὴφ
1459 678 1591 716 προσ-

122 731 318 789 τιμήσεις.
388 734 620 791 ἐπέφωσκεν
651 733 675 788 ἦ
708 734 899 788 δευτέρα,
935 735 1002 775 καὶ
1034 740 1120 783 τοῖς
1136 733 1212 787 μὲν
1234 736 1307 774 τοῦ
1332 728 1589 786 πατριάρχου

123 800 146 845 ὃ
165 802 263 852 ναὸς
284 803 416 846 ἀνεῖτο
428 835 442 856 ,
479 810 566 852 τοῖς
584 804 630 845 δέ
647 820 688 858 γε
710 807 911 858 κληρικοῖς
933 801 1089 854 ἄβατον
1110 801 1157 843 τὸ
1179 801 1343 852 τέμενος
1359 795 1422 855 ἦν.
1494 798 1589 840 ἐπέ-

69 880 113 915 10
124 887 200 924 στη
220 868 246 926 ἦ
268 871 410 927 τρίτη,
447 873 514 912 καὶ
536 870 588 913 τὰ
609 871 715 913 αὐτὰ
736 869 1009 926 διεπράττετο.
1059 868 1115 918 ὥς
1136 868 1182 910 δ’
1203 866 1230 923 ἦ
1254 866 1429 924 τετάρτη
1451 871 1588 923 παρῆν

121 940 190 981 καὶ
210 938 289 994 ἤδη
310 946 528 995 συγχωρεῖν
550 939 717 992 ἔμελλον
738 941 901 995 σφίσιν,
939 938 1022 980 ἐπεὶ
1051 937 1127 980 οὐκ
1154 932 1205 992 ἦν
1229 943 1462 993 συμφωνεῖν
1485 936 1588 978 ἐκεί-

121 1023 218 1056 νους
248 1007 312 1049 ἐπὶ
342 1014 428 1056 τοῖς
456 1005 622 1057 δόξασιν
654 1007 748 1049 ἀλλ’
783 1003 1129 1063 ἇμφεγνωμόνουν
1155 1007 1220 1048 ε’πὶ
1250 1002 1384 1056 πολύ,
1432 1002 1488 1053 ὥς
1517 1005 1588 1046 καὶ

119 1079 343 1130 παρελθεῖν
364 1074 438 1129 τὴν
458 1079 531 1130 τῆς
550 1074 876 1130 προηγιασμένης
901 1079 1064 1128 τελετῆς
1089 1073 1201 1129 ὥραν
1211 1106 1226 1126 ,
1262 1071 1381 1127 μόλις
1402 1070 1585 1127 στήσαν-

119 1159 186 1192 τες
214 1142 285 1199 ἔφ’
317 1141 487 1198 ἑκάτερα
519 1143 638 1197 ὄχλον
669 1143 804 1193 ἄλλως
833 1145 899 1185 καὶ
930 1147 1092 1196 πλῆθος
1124 1145 1271 1185 δοκοῦν
1305 1142 1346 1184 ἓν
1383 1143 1580 1196 ζηλωταῖς
1601 1145 1635 1179 Ε

66 1217 109 1253 15
121 1209 416 1268 ἀριθμεῖσθαι,
445 1211 570 1266 με’σον
596 1213 754 1254 ἐκείνων
780 1212 893 1267 παρὰ
914 1209 1074 1267 θάτερα
1096 1215 1179 1253 τῶν
1201 1208 1364 1265 ὡραίων
1383 1207 1583 1252 πυλώνων

118 1285 311 1335 παρεῖχον
334 1279 432 1329 τοῦς
458 1284 532 1335 τῆς
559 1281 769 1335 ἐκκλησίας
798 1279 1080 1334 διερχομένους
1100 1280 1366 1333 προσπίπτειν
1389 1279 1456 1320 καὶ
1481 1295 1581 1334 συγ-

117 1345 282 1404 γνώμην
302 1349 427 1391 αἰτεῖν
448 1350 516 1390 καὶ
537 1346 667 1399 οὕτως
688 1347 827 1400 ἀξίους
844 1350 1083 1402 νομίζεσθαι
1100 1352 1174 1402 τῆς
1192 1344 1579 1402 συνεκκλησιάσεως.

210 1456 264 1492 13.
285 1452 354 1502 τήν
374 1455 505 1494 deerat.

118 1546 300 1582 demittere
322 1548 437 1582 oeulos
458 1546 492 1581 in
515 1546 694 1582 ecclesiam
722 1546 893 1589 sinente„
922 1549 962 1582 ut
984 1557 1069 1593 quos
1090 1546 1253 1582 videlicet
1272 1545 1307 1581 in
1329 1545 1446 1582 officio
1471 1557 1582 1591 spon-

118 1595 240 1626 taneae
261 1604 284 1627 a
305 1593 433 1634 sacris,
456 1593 577 1638 quibus
602 1598 699 1628 erant
721 1592 860 1637 indigni,
883 1593 1060 1628 absentiae
1081 1605 1147 1628 non
1171 1592 1360 1627 contineret
1382 1604 1464 1627 suae
1485 1593 1582 1638 ipso-

115 1648 190 1672 rum
211 1637 365 1673 modesta
386 1639 556 1684 reputatio
580 1639 665 1673 labis
688 1644 724 1673 et
749 1639 951 1673 verecundia
973 1639 1187 1684 poenitentes
1210 1639 1354 1681 decens,
1376 1650 1435 1672 eos
1451 1638 1583 1672 denun-

114 1683 215 1718 tiatio
237 1684 434 1727 custodum,
468 1689 504 1718 et
526 1684 591 1718 nisi
613 1685 791 1728 audirent,
815 1684 868 1719 vis
892 1684 1011 1730 utique
1033 1685 1188 1719 addenda
1210 1685 1410 1730 prohiberet
1431 1695 1453 1718 a
1474 1686 1581 1718 teme-

113 1729 230 1763 randis
260 1729 400 1775 procaci
431 1734 574 1775 aspectu
603 1731 732 1772 sacris;
764 1730 799 1764 in
828 1742 969 1775 quorum
1000 1731 1254 1776 usurpationem
1274 1730 1467 1775 irrumpere
1488 1727 1581 1763 haud

113 1786 180 1820 par
200 1776 299 1809 rusve
322 1781 414 1810 esset
434 1787 544 1810 noxae
566 1776 759 1822 inexpiatae
781 1776 848 1811 sibi
868 1777 1036 1819 conscios,
1060 1777 1261 1822 praesertim
1284 1775 1438 1820 exemplo
1461 1775 1579 1809 admo-

113 1820 205 1855 nitos
227 1820 370 1855 aliorum
394 1821 486 1867 paris
507 1822 659 1855 affinium
681 1821 830 1867 piaculi,
854 1833 938 1867 quos
963 1822 1120 1856 viderent
1140 1833 1249 1867 aequo
1274 1822 1383 1855 animo
1408 1821 1500 1854 serre
1522 1819 1579 1854 sui

113 1867 156 1899 ab
180 1865 225 1900 iis
247 1867 485 1901 exclusionem.
531 1867 588 1901 ubi
619 1879 700 1901 vero
724 1871 899 1911 peractum
921 1868 1119 1912 mysterium
1139 1871 1193 1902 est
1215 1872 1251 1901 et
1273 1877 1373 1900 sacra
1397 1866 1496 1911 pyxis
1518 1877 1578 1899 ec-

113 1910 239 1946 clesiae
255 1911 363 1946 tribus
386 1917 440 1947 est
463 1913 756 1958 prae'consecratis
786 1913 955 1947 instructa
978 1915 1122 1959 panibus
1135 1939 1146 1957 ,
1178 1918 1262 1958 quot
1284 1912 1328 1946 ad
1351 1915 1423 1945 tres
1445 1911 1579 1945 hebdo-

113 1957 234 1991 madae
255 1958 392 1992 maioris
416 1958 499 2000 dies,
522 1957 644 2004 quibus
667 1958 800 1993 nonnisi
821 1970 864 1992 ex
886 1959 1194 2004 praesanctificatis
1216 1969 1317 1992 sacra
1339 1956 1417 1990 fieri
1439 1958 1493 1991 sas
1509 1962 1576 2000 est,

113 2006 215 2036 erant
234 2014 278 2037 ex
303 2008 442 2048 recepto
463 2015 528 2038 usu
550 2002 747 2044 necessarii,
769 2004 967 2049 patriarcha
988 2005 1123 2049 quidem
1148 2004 1192 2037 ad
1213 2003 1455 2048 imperatorem
1476 2008 1575 2037 recta

110 2047 191 2082 inde
211 2058 250 2081 se
272 2049 430 2090 contulit,
463 2050 696 2083 celebraturus
722 2061 796 2084 cum
819 2061 861 2084 eo
884 2050 927 2083 de
950 2061 1044 2084 more
1066 2048 1200 2083 festum.
1248 2051 1285 2083 at
1307 2046 1420 2082 elerici
1451 2046 1574 2082 nihilo-

110 2092 219 2127 minus
240 2093 348 2127 sacris
368 2095 551 2137 synaxibus
573 2095 837 2129 excludebantur
858 2107 881 2129 a
902 2093 996 2129 nihili
1011 2093 1212 2128 ducentibus
1227 2092 1421 2128 sanctiones
1435 2093 1573 2139 Iosephi

110 2137 328 2184 patriarchae
360 2140 502 2184 nuperi,
535 2143 706 2185 utcunque
736 2144 773 2174 et
803 2140 896 2185 ipsas
920 2151 1105 2185 poenarum
1128 2139 1436 2174 ecclesiasticarum
1458 2139 1571 2174 iniun-

111 2183 223 2218 ctione
244 2184 409 2218 firmatas.
455 2183 567 2218 illuxit
588 2185 737 2219 secunda
758 2185 988 2219 hebdomadae
1010 2185 1102 2228 dies,
1133 2197 1204 2231 qua
1235 2185 1319 2219 item
1347 2183 1571 2220 familiaribus

110 2228 189 2263 novi
213 2230 429 2275 patriarchae
450 2230 635 2275 permissus
655 2231 827 2275 ingressus
849 2231 883 2264 in
906 2231 1066 2276 templum
1088 2236 1164 2275 est,
1188 2229 1322 2266 clericis
1343 2242 1427 2265 vero
1450 2230 1571 2276 prohi-

109 2274 212 2309 bitus.
258 2278 454 2321 supervenit
482 2281 518 2310 et
547 2274 671 2318 tertia,
709 2287 777 2321 qua
810 2279 847 2310 et
876 2276 953 2321 ipsa
984 2274 1138 2310 similiter
1168 2281 1223 2311 est
1250 2281 1379 2310 actum.
1424 2281 1464 2311 ut
1485 2287 1569 2311 vero

109 2323 234 2365 quarta
262 2321 334 2354 dies
364 2321 492 2363 adfuit,
525 2332 595 2367 qua
625 2321 819 2355 decrevisse
849 2321 1053 2356 videbantur
1074 2322 1248 2357 remittere
1269 2320 1336 2356 iam
1358 2322 1493 2356 clericis
1514 2322 1571 2356 in-

109 2365 248 2400 terdicti
267 2377 412 2420 poenam
433 2378 496 2401 nec
518 2378 579 2401 eos
601 2366 645 2401 de
667 2372 803 2401 caetero
826 2368 934 2402 sacris
955 2378 1094 2402 arcere:
1117 2379 1234 2402 verum
1257 2368 1301 2402 ad
1322 2367 1387 2402 hoc
1410 2367 1505 2413 prius
1523 2368 1568 2402 ab

90 2410 193 2456 ,ipsis
223 2412 407 2456 exigebant
437 2416 569 2447 certum
602 2423 775 2447 assensum
803 2411 848 2446 ad
877 2412 1044 2457 quaedam
1074 2413 1159 2458 ipsis
1189 2413 1335 2459 placita,
1368 2425 1468 2459 quem
1492 2424 1569 2447 cnm

108 2456 263 2501 plerique
285 2457 483 2492 clericorum
506 2469 572 2493 non
593 2458 708 2493 statim
731 2457 950 2503 expedirent,
981 2457 1042 2493 sed
1067 2459 1320 2493 deliberabundi
1341 2465 1570 2504 verentesque

108 2502 359 2545 consultarent,
386 2503 521 2548 quidam
542 2503 645 2538 etiam
668 2504 760 2538 clare
783 2504 990 2547 abnuerent,
1025 2505 1059 2538 in
1087 2505 1140 2539 his
1173 2505 1450 2540 altercationibus
1481 2506 1569 2538 hora.

107 2547 258 2591 legitima
280 2547 371 2582 sacri
392 2559 435 2582 ex
456 2549 763 2594 praesanctificatis
785 2550 849 2584 tali
871 2549 927 2584 die
949 2549 1118 2584 celebrari
1139 2549 1229 2584 soliti
1252 2550 1442 2595 praeteriit.
1488 2559 1567 2583 sero

109 2592 264 2635 tandem,
285 2604 326 2627 re
346 2593 381 2626 in
404 2595 655 2629 conventionem
677 2595 827 2630 adducta
847 2595 1145 2641 qualemcumque,
1167 2595 1343 2640 dispositis
1366 2606 1488 2640 magno
1504 2605 1567 2627 nu-

107 2648 201 2671 mero
222 2638 256 2672 in
280 2638 446 2683 duplicem
468 2639 590 2674 seriem
612 2640 813 2675 altrinsecus
834 2652 856 2675 a
879 2641 1008 2675 dextris
1031 2646 1068 2675 et
1090 2641 1236 2675 sinistris
1257 2646 1379 2686 portae
1391 2639 1566 2685 speciosae

106 2682 149 2715 iis
171 2693 191 2715 e
215 2684 340 2728 populo
364 2683 427 2718 sibi
450 2684 616 2725 obnoxio,
650 2684 711 2731 qui
733 2686 806 2720 zelo
828 2686 946 2720 maiori
968 2698 1069 2721 sensa
1090 2687 1298 2731 decretaque
1320 2686 1468 2731 ipsorum
1493 2695 1566 2717 am-

105 2726 211 2772 plecti
231 2729 459 2773 putabantur,
488 2732 672 2775 patefactis
702 2731 834 2766 foribus
856 2733 1089 2777 praebuerunt
1110 2732 1236 2766 aditum
1260 2735 1357 2766 extra
1379 2729 1561 2771 stantibus,

106 2784 181 2807 cum
204 2784 245 2808 eo
270 2777 309 2807 ut
329 2774 364 2808 iu
386 2774 498 2810 limine
518 2777 732 2822 procidentes
762 2777 896 2813 veniam
918 2781 1119 2823 poscerent,
1147 2777 1265 2823 sicque
1286 2775 1379 2822 digni
1400 2775 1560 2821 deinceps
