1820 3112
205 116 302 163 248
628 112 865 158 GEORGII
898 113 1252 159 PACHYMERIS

205 230 428 286 δαίμονας,
467 226 524 276 ὥς
549 226 600 270 ἂν
619 226 662 269 ἐκ
682 230 758 281 τῆς
774 227 906 282 αὐτῆς
927 229 995 270 καὶ
1013 232 1113 282 μιᾶς
1131 229 1266 278 αἰτίας
1295 227 1349 288 (ἦ
1377 229 1420 273 δ’
1441 229 1576 284 ἔστιν,
1614 229 1676 275 οἶ.

203 318 304 355 μαι,
347 296 369 352 ἦ
403 300 478 339 τοῦ
508 299 611 338 θεοῦ
643 293 882 352 ἀγαθότης,
922 294 1029 353 ἀρχή
1059 313 1121 346 τις
1153 297 1346 354 γενομένη
1365 305 1454 349 τοῖς
1477 298 1536 355 μὴ
1560 294 1677 344 οὖσιν

206 369 262 418 εἷς
296 365 498 419 ὅντωσιν)
541 361 716 414 τούτους
754 381 798 408 τε
839 364 1047 415 κάκείνους
1087 363 1143 416 ὥς
1174 365 1219 408 ἐκ
1251 370 1326 410 τοῦ
1357 365 1490 411 αὐτοῦ
1517 369 1676 427 πατρὸς

205 439 417 493 προῆχθαι
447 434 514 477 καὶ
543 438 729 488 ποιητοῦ.
801 437 926 478 τοῦτο
963 434 1064 484 ἴσως
1095 435 1162 477 καὶ
1189 434 1296 478 κατὰ
1323 435 1370 479 τὸ
1397 434 1523 492 τυχὸν
1539 441 1599 497 τῷ
1617 439 1674 482 εἰ-

156 508 186 542 C
210 502 328 548 πόντι
356 501 652 559 παρέρριπται,
679 503 721 553 ἐξ
746 500 912 547 εἲκότων
934 504 979 546 δὲ
1001 502 1136 560 γέγονε
1159 502 1264 560 μέγα
1282 505 1351 547 καὶ
1370 505 1428 555 εἰς
1441 503 1709 561 σκανδάλουό

204 571 412 629 πρόφασιν
432 568 588 614 ἱκανόν.
658 569 680 614 ὅ
699 571 778 629 γὰρ
799 574 1041 629 Δυρραχίου
1059 570 1246 628 Νικήτας
1265 573 1337 617 τὸν
1355 571 1476 631 λόγον
1497 571 1678 626 ἀκούσας

201 641 277 685 οὐκ
295 639 464 684 ἀνεκτὸν
485 639 627 689 ἇκοαΐς
649 640 855 696 εὐσεβέων
875 639 1058 698 ἡγήσατο
1082 639 1280 696 πάμπαν,
1317 643 1353 686 εἲ
1373 640 1581 698 δαιμόνων
1600 643 1678 688 ἇν-

200 709 431 764 τικειμένων
451 712 540 768 θεῷ
561 708 780 767 ἅνθρωποι
805 708 981 766 ὑπήκοοι
999 714 1059 770 τῷ
1081 713 1256 770 Χριστῷ
1274 712 1342 754 καὶ
1358 711 1677 769 υἷοθετηθέντες

201 782 290 837 θεῷ
321 778 390 821 διὰ
420 781 496 820 τοῦ
526 780 816 834 βαπτίσματος
835 779 1007 836 ἀδελφοὶ
1026 779 1223 836 λέγοιντο.
1289 780 1469 837 γνησίοις
1484 784 1584 839 γοῦν
1605 782 1676 826 διὰ

201 851 336 891 ταῦτα
363 847 437 890 τὸν
462 844 630 890 εἰπόντα
647 847 809 902 βλέπειν
828 847 1010 904 ὄμμασιν
1031 848 1106 892 οὐκ
1123 849 1336 904 ἠνέσχετο,
1374 849 1483 893 ἀλλὰ
1509 854 1676 902 πολλοῖς
1687 859 1730 895 10

202 913 377 960 διελάλει
407 914 480 959 τὸν
511 912 631 972 λόγον
661 918 727 959 καὶ
756 918 1028 975 βλασφημίαν
1058 922 1207 961 τοῦτον
1243 918 1291 961 οὗ
1330 919 1501 976 μετρίαν
1532 918 1674 978 ἔκρινε.

151 987 183 1021 D
206 988 340 1028 ταῦτα
366 988 536 1034 πολλοῖς
552 985 627 1039 μὲν
645 983 757 1044 ἐπῄει
772 985 980 1042 χλευάζειν
1009 988 1077 1030 καὶ
1103 986 1175 1030 τὸν
1194 984 1315 1043 λόγον
1336 988 1517 1038 ἐπιεικῶς
1537 986 1595 1039 ὥς
1613 989 1677 1034 ῖὸν

200 1054 363 1111 πικρίας
400 1055 468 1096 καὶ
500 1052 635 1112 ὄφεων
666 1055 1026 1113 ἀποστρέφεσθαι·
1073 1054 1275 1099 ἐπέπυστο
1312 1057 1358 1099 δὲ
1386 1058 1455 1099 καὶ
1481 1057 1678 1112 standale,-

199 1122 508 1177 πλατυνομὲνου
527 1127 602 1166 τοῦ
620 1121 758 1180 λόγου,
797 1126 865 1168 καὶ
886 1123 943 1175 ὥς
961 1124 1065 1174 εἰκὸς
1084 1121 1358 1181 περιαλγήσας
1375 1126 1444 1168 καὶ
1463 1129 1546 1169 τῶν
1564 1144 1674 1184 πρα-

199 1189 366 1248 γμάτων
397 1190 726 1246 καταστενάξας,
772 1195 807 1236 εἰ
834 1193 894 1249 μὴ
920 1191 1048 1248 μόνον
1071 1200 1158 1243 τοῖς
1183 1193 1433 1248 σχιζομένοις
1463 1193 1570 1238 ἀλλὰ
1606 1197 1728 1239 καὶ15

202 1261 344 1311 αὐτοῖς
374 1260 426 1316 δὴ
457 1267 542 1311 τοῖς
572 1259 794 1317 ἦνωμένοις
824 1263 877 1306 τὰ
906 1266 990 1306 τῶν
1023 1263 1138 1306 ἲὸίων
1162 1259 1453 1318 χλευάζονται,
1500 1261 1676 1308 σύνοδον

202 1336 426 1386 συγκροτεῖ,
466 1331 534 1372 καὶ
555 1332 742 1374 ὁιαλαλεῖ
759 1335 862 1375 πᾶσι
883 1331 936 1375 τὰ
955 1331 1054 1381 τέως
1076 1331 1294 1385 λεχθέντα,
1328 1332 1396 1374 καὶ
1416 1329 1472 1382 ὥς
1490 1326 1541 1387 ἦν
1568 1332 1676 1377 κατὰ

200 1399 247 1442 τὸ
282 1398 386 1448 εἰκὸς
417 1398 514 1449 τούς
548 1397 694 1456 λόγους
723 1402 944 1454 διευθετεῖ,
983 1397 1195 1455 ἐκβάλλων
1216 1398 1406 1455 ὑποψίαν
1427 1402 1610 1456 ματαίαν
1630 1402 1676 1446 ἐκ

150 1479 180 1514 Ε
206 1469 385 1525 καρδιῶν
418 1464 651 1512 ἀκουόντων
681 1470 1017 1527 ἔνσκιρρουμένην
1044 1468 1124 1525 ἤδη
1155 1473 1213 1529 τῷ
1236 1465 1477 1530 Θεολῆπτῳ.
1549 1469 1677 1522 αὗτδς

293 1554 325 1589 5.
351 1551 573 1599 παρέῤῥιπτε
597 1554 635 1589 Ρ.

200 1623 410 1668 interprete,
442 1633 464 1657 a
486 1623 584 1657 malis
608 1623 847 1666 daemonibus,
877 1624 937 1670 qni
960 1623 1079 1658 matris
1100 1623 1208 1670 ipsius
1231 1624 1294 1659 filii
1314 1623 1492 1668 dicantur,
1513 1626 1673 1671 quoniam

200 1675 271 1704 tam
304 1669 451 1704 ecclesia
485 1680 587 1714 quam
619 1669 800 1704 daemones
823 1674 864 1704 ek
889 1670 1007 1704 eadem
1041 1681 1145 1704 causa
1165 1676 1200 1704 et
1222 1670 1388 1715 principio
1409 1671 1478 1705 sint
1499 1673 1588 1714 orti,
1619 1673 1674 1707 di·-

204 1715 286 1749 vina
309 1715 465 1750 nimirum
487 1715 643 1750 bonitate
666 1716 836 1750 creatrice
857 1717 1113 1758 universorum,
1136 1727 1198 1761 per
1222 1716 1318 1751 cuius
1339 1717 1519 1752 fecundam
1541 1718 1674 1753 benefi-

202 1761 346 1796 centiam
369 1766 493 1796 cuncta
517 1773 561 1796 ex
583 1761 687 1795 nihilo
710 1761 747 1796 in
769 1762 954 1797 extantiam
977 1766 1155 1808 protracta
1180 1766 1271 1796 sunt.
1318 1762 1405 1797 haec
1427 1774 1544 1806 omnes
1565 1764 1674 1800 bonos

201 1807 300 1842 iuxta
322 1808 494 1853 malosque
516 1808 655 1852 angelos
677 1812 738 1842 aut
758 1808 909 1843 homines
931 1819 998 1842 uno
1021 1807 1152 1854 pariter
1179 1812 1376 1843 cunctorum
1399 1812 1500 1853 patre
1525 1821 1568 1844 ac
1589 1821 1675 1845 con-

205 1853 318 1888 ditore
347 1854 475 1899 genuit.
484 1853 505 1869 ’'
553 1853 636 1889 talia
676 1854 784 1888 minus
813 1856 905 1889 forte
935 1854 1203 1900 praemeditatus
1234 1854 1334 1899 quasi
1366 1855 1673 1900 philadelphiensi-

205 1899 351 1944 proiecit
375 1901 411 1934 in
435 1899 600 1942 medium;
622 1911 711 1946 quae
733 1901 850 1945 gravis
872 1901 989 1935 statim
1012 1901 1166 1935 scandali
1188 1905 1224 1934 et
1244 1899 1397 1935 invidiae
1418 1900 1455 1935 in
1473 1913 1549 1936 eum
1571 1914 1674 1938 now

204 1945 331 1980 sionem
365 1951 445 1981 sunt
476 1946 552 1982 visa
582 1946 779 1992 praebuisse
809 1946 1033 1993 plausibilem.
1079 1947 1143 1981 hoc
1167 1946 1253 1981 enim
1272 1947 1390 1982 audito
1410 1946 1674 1992 Dyrrachiensis

204 1991 350 2026 Nicetes
383 1993 475 2027 haud
505 1992 716 2027 tolerabilem
746 1993 812 2038 piis
841 1994 982 2029 auribus
1012 1993 1199 2028 orationem
1221 1993 1375 2035 censuit,
1407 2005 1477 2039 qna
1496 1994 1674 2030 rebellium

203 2036 267 2071 deo
299 2037 499 2073 daemonum
533 2038 672 2073 Christo
703 2039 849 2075 subiecti
881 2039 1048 2082 homines,
1082 2051 1104 2074 a
1127 2039 1192 2074 deo
1215 2051 1278 2085 per
1295 2039 1503 2085 baptismum
1521 2039 1560 2074 in
1581 2041 1673 2076 filios

203 2083 370 2128 adoptati,
393 2086 519 2119 fratres
543 2085 750 2120 dicerentur.
779 2085 900 2132 aequis
920 2085 1028 2131 igitur
1050 2085 1158 2120 oculis
1180 2090 1340 2132 spectare
1360 2085 1412 2120 sic
1431 2086 1580 2121 locutum
1602 2098 1671 2122 non

202 2129 380 2164 sustinuit:
412 2131 473 2165 sed
498 2136 534 2166 et
555 2131 672 2166 verbis
698 2132 858 2167 continuo
880 2131 1034 2178 plurimis
1055 2131 1206 2177 impiam,
1229 2135 1269 2166 ut
1290 2132 1449 2177 putabat,
1469 2132 1672 2167 mentionem

202 2180 404 2217 aversatus,
426 2176 458 2211 ei
489 2189 549 2212 suo
572 2178 698 2213 iudicio
722 2178 949 2224 blasphemiae
970 2190 1037 2213 non
1059 2178 1242 2212 mediocris
1263 2182 1378 2212 notam
1400 2177 1532 2213 inussit.
1576 2178 1673 2212 ducti

202 2232 268 2254 non
303 2224 404 2266 pauci
434 2224 639 2258 auctoritate
673 2224 821 2259 Nicetae
855 2224 980 2260 amaris
1011 2224 1226 2260 irrisionibus
1250 2223 1478 2268 Theoleptum
1507 2223 1672 2258 traduce-

202 2266 308 2309 bant,
340 2267 480 2313 eiusque
502 2270 707 2305 sententiam
729 2271 832 2306 nihilo
863 2271 1073 2306 moderatius
1096 2282 1198 2317 quam
1219 2275 1350 2316 pestem
1372 2272 1409 2302 et
1429 2279 1596 2303 venenum
1615 2269 1672 2305 vi-
1729 2313 1731 2318 Α

202 2312 356 2356 porinum
380 2316 638 2351 aversabantur.
684 2322 855 2351 caeterum
878 2319 1070 2362 Augustus,
1103 2316 1164 2362 qni
1185 2316 1359 2351 orationes
1384 2313 1564 2360 utriusque
1586 2327 1670 2350 con-

201 2357 329 2392 trarias
351 2370 514 2404 praesens
537 2362 636 2407 plene
658 2363 797 2397 auribus
819 2364 999 2404 hauserat,
1032 2363 1093 2397 ubi
1120 2362 1214 2408 quod
1245 2361 1324 2395 inde
1355 2371 1418 2405 per
1449 2361 1608 2406 populum
1629 2361 1667 2396 in

200 2403 525 2450 philadelphiensem
548 2419 698 2442 murmur
729 2409 891 2453 glisceret
913 2413 1034 2454 postea
1055 2407 1237 2452 cognovit,
1271 2417 1395 2451 aegre,
1429 2410 1469 2440 nt
1492 2418 1556 2452 par
1571 2411 1668 2450 erat,

201 2460 310 2484 novae
332 2462 436 2495 super
457 2455 511 2486 tot
533 2454 617 2488 alias
640 2454 837 2490 offensionis
859 2459 1013 2489 exortum
1035 2454 1137 2496 tulit;
1161 2457 1197 2487 et
1216 2452 1396 2487 miseratus
1411 2455 1540 2487 sortem
1555 2453 1669 2498 publi-

203 2506 289 2537 cam,
311 2497 401 2542 quod
423 2497 491 2531 iam
514 2509 580 2532 non
603 2500 709 2534 solum
732 2500 915 2535 schismate
927 2500 1066 2545 abrupti
1089 2510 1164 2534 cum
1187 2497 1420 2544 perstantibus
1441 2497 1478 2532 in
1501 2498 1669 2534 ecclesiae

202 2541 336 2576 unitate
370 2543 634 2587 contenderent,
670 2546 731 2581 sed
754 2546 791 2581 hi
813 2557 949 2592 quoque
970 2545 1090 2589 iurgiis
1112 2545 1305 2590 mutuisque
1333 2543 1491 2579 ludibriis
1513 2545 1669 2579 commit-
1706 2555 1712 2561 ⁴

203 2591 377 2629 terentur,
401 2594 586 2625 convocata
607 2592 736 2635 synodo
759 2593 921 2627 disseruit
942 2591 986 2626 de
1008 2592 1150 2625 suborto
1170 2589 1458 2636 Dyrrachiensem
1479 2590 1570 2625 inter
1585 2591 1669 2626 Phi-

202 2633 532 2680 ladelphiensemque
555 2638 763 2680 certamine,
791 2638 957 2684 huiusque
981 2638 1089 2672 verba
1111 2637 1147 2671 in
1169 2637 1373 2671 sententiam
1395 2637 1554 2682 exposuit
1575 2648 1670 2672 com·-

201 2679 333 2714 modam
346 2705 357 2724 ,
380 2691 510 2716 omnem
534 2683 577 2716 ab
602 2695 643 2717 eo
666 2684 776 2719 minus
799 2695 903 2720 sanae
925 2682 1101 2719 doctrinae
1123 2685 1184 2718 aut
1205 2682 1481 2728 reprehensibilis
1502 2682 1670 2718 novitatis

202 2725 427 2771 suspicionem
448 2728 581 2763 inanem
605 2730 789 2773 amouens,
823 2732 925 2766 immo
947 2729 1066 2765 animis
1087 2729 1156 2763 iam
1175 2729 1353 2764 multorum
1374 2728 1527 2764 inolitam
1549 2729 1671 2774 stirpi-

201 2776 258 2805 tus
281 2774 443 2808 avellens.
490 2779 594 2820 atque
614 2774 694 2818 ille,
727 2787 794 2822 quo
816 2778 992 2812 ferebatur
1020 2786 1123 2811 ruens
1154 2775 1266 2811 studio
1289 2774 1333 2810 ad
1356 2775 1595 2811 extinctionem
1616 2776 1670 2810 in-
