1858 3126
280 151 379 198 706
691 147 1009 192 OBSERVAT.
1039 147 1355 195 PACHYMER.

280 262 452 311 dumque
471 254 606 309 stirpis
630 267 724 294 suae
749 254 919 308 posteris
950 254 1190 305 Mogolicum
1223 255 1345 296 hodie
1368 257 1546 299 fiorens'
1533 259 1743 312 imperium

280 315 515 379 profecisse,
548 312 753 365 adamato,
791 318 912 365 prout
939 312 1140 365 suspicata
1165 326 1338 365 pronum
1371 320 1453 364 est,
1493 317 1744 368 potissimum

281 375 360 412 isto
378 371 561 418 nomine,
590 368 697 420 quod
727 369 771 407 id
801 368 1156 418 Gingizchanidum
1185 383 1325 434 regum
1362 370 1553 410 maiorum
1579 386 1743 412 suorum

283 429 380 469 olim
406 427 599 478 inclytam
630 425 824 464 vocabulo
857 425 1142 476 Mogulensium
1185 426 1416 478 principum
1450 429 1689 477 potentiam,
1721 442 1744 467 e

282 484 408 526 veteri
428 482 636 535 repetitam
661 483 874 531 memoria,
903 481 1179 534 praesentibus
1211 483 1412 522 obiiceret.
1470 483 1566 522 11300
1583 485 1632 524 de
1652 486 1745 524 Mu-

283 538 484 594 guliorum
502 538 698 578 'vocabulo
717 538 907 577 Tocharis
929 553 948 576 a
971 537 1209 590 Pachymere
1225 539 1377 578 tributo
1394 539 1461 578 hic
1478 540 1578 579 duxi
1598 555 1746 581 memo-

282 597 426 638 randa·
417 626 428 647 ,
457 608 558 647 quae
575 595 627 633 ad
645 594 927 633 illustrandum
946 594 1055 632 hunc
1075 595 1203 633 nostri
1220 595 1402 634 historici
1419 597 1552 635 locum
1570 611 1651 637 11011
1670 607 1747 650 Ρι-

283 667 373 694 rum
394 666 476 692 esse
496 651 610 690 utilia
631 664 777 702 aequus
798 652 915 690 credo
937 651 1063 690 lector
1083 651 1287 691 iudicabit.

399 705 461 750 νά
492 722 534 759 p.
552 706 631 749 341
654 721 697 745 v.
719 711 781 748 11.
839 706 862 748 ὁ
887 704 928 747 δ’
957 705 1076 759 ὅρκος
1107 709 1315 756 ἰδιωτικως
1345 723 1431 755 πως
1461 723 1589 757 ουτως
1620 709 1747 759 ἐξενε-

287 764 440 833 χθειςι
445 762 514 804 ‘voi
533 757 634 815 ἧμαι
649 764 793 812 δοῦλος
815 779 887 804 του
909 766 1102 817 Χριστοῦ,
1134 761 1184 804 ου’
1206 780 1287 817 μην
1315 764 1395 816 εἰμὶ
1419 761 1517 816 μεθ’
1539 763 1682 817 ὑμῶν,
1713 767 1750 807 εἰ

287 821 343 875 μή
371 837 419 861 τα
443 819 618 874 γένοιτο)
691 834 779 858 cum
811 827 942 857 autem
962 821 1214 860 dubitaretur
1236 835 1285 858 an
1314 820 1391 859 hoe
1408 826 1508 860 esset
1526 835 1619 860 vere
1634 823 1747 861 iura-

287 884 488 926 mentum,
528 876 734 914 consultus
761 876 846 928 ipse
877 876 1041 914 Ioannes
1071 878 1232 916 Cosmas
1262 877 1505 929 patriarcha,
1545 879 1614 929 qui
1650 879 1748 918 11300

289 935 470 982 dixerat,
519 931 618 982 quid
657 939 855 982 censeret,
902 933 1108 1000 respondit
1148 935 1189 972 in
1233 933 1343 972 hunc
1378 934 1542 972 modum
1588 949 1627 986 p.
1666 938 1750 977 350

287 1004 328 1030 v.
355 989 431 1031 14:
463 985 570 1056 ὅπερ
599 985 862 1053 ἐφθεγξάμην
889 984 967 1031 vimi
997 986 1312 1042 παραλυπήσεως
1340 992 1419 1030 τῶν
1448 986 1636 1041 ἆδελφαῖν
1659 1007 1749 1043 μου,

290 1062 364 1098 ουχ
393 1044 447 1093 ὥς
462 1059 582 1096 ορκον
606 1041 853 1098 λογιζόμενος
881 1042 1017 1095 εἷπον,
1048 1043 1142 1086 ἀλλ’
1167 1046 1302 1094 ἁπλῶς
1321 1045 1365 1086 ἐκ
1389 1049 1608 1097 συνηθείας
1631 1062 1749 1089 τουτο

288 1102 440 1155 λέγειν,
471 1117 523 1141 να
553 1089 653 1153 ἧμαι
676 1103 820 1150 δοῦλος
843 1105 916 1142 τοῦ
939 1106 1043 1143 θεοῦ
1063 1109 1139 1143 etc.
1198 1109 1237 1141 et
1257 1108 1369 1140 antea
1397 1103 1541 1141 similia
1565 1105 1751 1142 attulerat

288 1159 466 1208 vulgaris
490 1156 550 1195 sui
568 1170 662 1196 usus
695 1159 815 1197 ve1ba
840 1158 931 1197 1113.
960 1156 1011 1198 ναὶ
1040 1158 1113 1211 ἔχω
1141 1174 1184 1199 το
1214 1158 1319 1207 ἕλεος
1341 1175 1410 1199 του
1437 1162 1564 1209 θεοῦ,
1593 1157 1645 1200 νεὶ
1671 1159 1751 1212 εἰμι

291 1217 437 1262 δοῦλος
454 1216 527 1254 τοῦ
555 1211 762 1263 θεοῦ,νὰ
783 1210 983 1255 ἀποθάνω
999 1214 1041 1255 ἐν
1062 1217 1262 1270 μετανοίᾳ.
1317 1215 1360 1253 111
1380 1214 1443 1253 his
1465 1212 1516 1256 νά
1536 1230 1615 1254 11011
1635 1216 1752 1255 vide-

290 1278 360 1310 tur
397 1271 516 1323 plane
549 1270 734 1321 usur—pxiii
759 1270 800 1308 in
843 1271 1004 1309 notione
1031 1270 1151 1309 hodie
1176 1273 1271 1310 trita
1294 1271 1339 1309 in
1374 1271 1531 1322 vulgari
1565 1272 1753 1312 idiomate

293 1328 538 1366 Graecorum
568 1330 684 1375 (nam
710 1326 830 1365 huius
865 1327 1020 1378 linguae
1052 1329 1222 1366 Graecae
1255 1334 1465 1380 corruptae
1482 1329 1753 1382 lexicogiaphi

292 1381 347 1425 νά
380 1388 592 1436 exponunt
618 1379 709 1423 mov
739 1399 786 1421 en
806 1385 929 1434 ecce),
959 1383 1029 1422 sed
1060 1385 1222 1424 videtur
1244 1385 1378 1435 potius
1400 1398 1474 1423 usu
1492 1386 1664 1437 quodam
1685 1401 1754 1438 pe-

293 1440 437 1478 culiari
456 1438 614 1477 loannis
632 1440 793 1478 Cosmae
811 1442 986 1491 positum
1008 1455 1080 1492 pro
1099 1442 1167 1481 ναί
1184 1443 1344 1492 utique,
1375 1449 1486 1479 certe.
1544 1442 1605 1480 illi
1620 1449 1754 1486 autem

295 1496 365 1547 qui
386 1495 536 1533 iurasse
557 1495 673 1533 illum
696 1510 770 1547 per
786 1495 883 1534 haec
903 1497 1022 1535 verba
1051 1498 1302 1536 crediderant
1316 1525 1328 1546 ,
1366 1495 1419 1539 νά
1437 1484 1513 1550 pro
1532 1495 1586 1550 νή
1604 1499 1752 1540 viden-

295 1559 361 1589 tur
379 1551 645 1589 intellexisse:
674 1548 727 1603 νή
750 1552 855 1591 0111111
879 1559 925 1590 111
946 1560 1088 1592 notum
1108 1561 1185 1602 est,
1214 1554 1346 1604 lingua
1374 1554 1497 1597 veteri
1520 1555 1754 1593 613003111-

294 1606 412 1646 randi
441 1606 674 1644 adverbium
701 1614 772 1647 est.
830 1615 964 1659 posset
992 1610 1110 1648 etiam
1142 1582 1269 1648 videri
1304 1611 1460 1648 Cosmas
1487 1611 1530 1647 in
1549 1610 1680 1662 aliqua
1702 1625 1752 1649 ex

295 1663 470 1703 recitatis
494 1662 697 1712 formulis,
724 1670 823 1716 puta
837 1665 906 1702 illa
926 1679 978 1705 να
1007 1661 1207 1706 ἆποθάνω
1231 1665 1276 1706 ἐν
1298 1667 1486 1722 μετανοία
1505 1668 1682 1719 posuisse
1701 1663 1753 1708 νά

295 1734 372 1772 pro
393 1718 481 1760 εἴθε
504 1720 677 1756 utinam.

411 1774 513 1815 Νέα
546 1789 586 1827 Ρ.
610 1773 688 1817 145
712 1788 752 1815 v.
784 1777 848 1817 19.
906 1776 1136 1829 suspicabar
1161 1776 1229 1815 hic
1258 1776 1353 1819 νέαν
1382 1777 1484 1827 dici,
1521 1784 1568 1816 ut
1595 1765 1753 1829 assolet,

298 1846 370 1884 per
389 1831 664 1882 compendium
688 1831 959 1871 subintellecta
980 1847 1079 1872 voce
1100 1828 1246 1885 πύλην
1303 1834 1373 1872 sed
1397 1835 1611 1883 deterruit,
1644 1811 1755 1888 quod

298 1890 436 1927 Petrus
457 1886 618 1938 Gillius,
654 1887 721 1926 ubi
737 1889 846 1926 urbis
867 1889 1266 1941 constantinopoleos
1286 1897 1420 1942 portas
1443 1898 1656 1937 enumerat,
1675 1893 1704 1935 1.
1730 1895 1751 1934 1

299 1959 332 1995 c.
353 1947 422 1992 20,
440 1958 633 1996 nusquam
663 1945 843 1983 meminit
872 1946 993 1984 ullius
1020 1954 1160 1998 pmtae
1194 1960 1291 1998 quae
1320 1947 1388 1988 νέα
1415 1962 1521 1986 ηονα
1545 1948 1756 1988 diceretur.

299 2001 434 2069 potuit
459 2006 498 2039 et
517 2000 757 2052 subintelligi
780 2002 889 2040 aliud
918 2003 1213 2042 substantivum
1237 2004 1492 2052 femininum,
1525 2011 1619 2055 puta
1647 2000 1754 2057 μονή

301 2060 369 2094 aut
392 2053 540 2110 αγορά,
569 2060 858 2096 monasterium
888 2060 953 2098 vel
972 2062 1134 2108 forum.-
1163 2061 1230 2098 sed
1255 2074 1343 2098 cum
1370 2057 1500 2112 μονήν
1517 2067 1586 2098 3111
1602 2057 1756 2113 ἆγοριὶν

302 2111 398 2152 νέαν
416 2113 628 2152 vocitatam
647 2115 989 2168 Constantinopoli
1007 2117 1128 2155 fuisse
1149 2116 1246 2154 alibi
1263 2130 1344 2155 11011
1366 2116 1547 2167 legerim,
1578 2117 1756 2156 divinare

302 2181 385 2206 non
407 2181 547 2219 ausus,
587 2171 630 2207 in
669 2171 821 2223 interp1
825 2173 993 2211 etatione
1021 2186 1165 2211 nomen
1189 2173 1317 2225 ipsum
1349 2173 1458 2213 Νέαν
1486 2148 1616 2211 Nisam
1645 2173 1757 2211 velut

302 2223 382 2262 loci
410 2225 496 2262 noti
523 2226 731 2277 proprium
755 2228 925 2279 retinui,
966 2230 1093 2268 donec
1116 2229 1223 2268 aliud
1259 2230 1366 2281 quod
1395 2242 1579 2280 sequerer
1609 2228 1755 2267 certius

304 2287 545 2320 occurreret.

166 2343 195 2377 P
215 2341 283 2377 499
420 2335 550 2384 ξεναί
563 2352 587 2377 ν
613 2351 655 2389 Ρ.
676 2341 758 2380 283
786 2352 825 2379 v
841 2343 880 2382 8.
937 2341 1126 2379 videntur
1154 2340 1221 2379 hic
1253 2342 1424 2390 ξενῶνος
1451 2336 1611 2390 συνήθη
1642 2340 1756 2391 νομί-

305 2403 433 2444 σματα
453 2392 534 2430 dici
557 2392 824 2445 eleemosynae
844 2396 891 2432 ab
914 2397 1149 2448 imperatore
1171 2411 1265 2448 sugg
1268 2397 1324 2435 eri
1344 2395 1588 2447 patriarchae
1606 2396 1756 2445 solitae,

304 2456 353 2488 ut
375 2461 438 2486 eas
462 2448 708 2499 impenderet
735 2452 777 2487 in
808 2452 1059 2503 excipiendos
1086 2453 1260 2504 hospitio
1291 2451 1515 2503 peregrinos
1543 2458 1583 2499 gt
1612 2452 1654 2489 in
1680 2453 1757 2490 alia

304 2504 504 2556 ,egentium
522 2504 681 2551 solatia3
711 2519 829 2555 quam
855 2508 898 2544 in
921 2522 1004 2547 rem
1026 2516 1229 2560 sumptum
1256 2509 1336 2546 sere
1354 2521 1529 2545 annuum
1548 2507 1659 2546 mille
1678 2522 1757 2546 au-

306 2574 466 2600 reorum
489 2560 678 2611 imputari
701 2562 950 2601 consuevisse
979 2564 1198 2602 rationibus
1216 2562 1459 2615 patriarchae
1487 2577 1535 2601 ex
1553 2564 1758 2602 occasione

308 2617 425 2655 docet
442 2615 508 2654 hic
528 2622 673 2655 noster.
732 2630 813 2654 non
837 2619 1012 2657 omittam
1027 2621 1237 2658 admonere
1258 2619 1365 2658 haud
1386 2625 1492 2658 recte
1515 2620 1757 2658 intellectum

308 2671 418 2710 hunc
446 2672 577 2711 locum
607 2672 734 2711 videri
753 2686 775 2710 a
796 2675 1051 2726 paraphraste
1072 2676 1283 2725 Vaticano,
1314 2676 1406 2714 dum
1437 2689 1526 2714 eum
1545 2676 1602 2714 sic
1623 2677 1758 2728 expri-

308 2728 403 2767 11111·
431 2727 499 2768 καὶ
525 2726 572 2768 τὰ
596 2724 761 2798 συνήθη
786 2732 860 2770 τοῦ
878 2731 1051 2779 ξειοῖνος
1079 2733 1300 2785 νομίσματα
1323 2732 1504 2784 πέμπων·
1534 2732 1659 2774 ἐποίει
1679 2729 1755 2799 yde

308 2780 397 2825 κατ’
417 2784 502 2834 ἔτος
524 2782 710 2838 βασιλευς
731 2784 1002 2841 ἐλεημοσύνην
1025 2789 1234 2842 κρυφίως,
1274 2785 1428 2838 εἰδότος
1456 2789 1528 2830 τοῦ
1556 2802 1757 2841 πατριαρ-
