1858 3126
181 182 220 300 Χ
274 211 370 257 452
695 209 930 253 GEoRGn
968 206 1320 255 PACHYMER'IS
1378 210 1382 215 ’

274 326 534 381 δρολογοῦντι
546 354 558 375 ,
594 323 660 365 καὶ
679 320 859 377 μάλιστα
879 323 942 366 ἐπὶ
963 320 1271 380 Μαγνησιῶτας
1285 356 1297 375 ,
1332 320 1453 367 ’καὶεί
1467 325 1526 380 μὴ
1542 324 1727 369 ἀναστα-

273 393 363 447 τοίη
382 389 576 443 τούτους,
608 390 704 434 οὐδὲ
727 393 797 445 ζῆν
821 391 997 434 θέλοντι.
1063 392 1246 441 Ἀλανοῖς
1268 392 1313 434 δὲ
1327 393 1394 434 καὶ
1410 397 1566 446 μᾶλλον
1583 393 1651 436 διὰ
1674 394 1725 436 τὰ

273 458 572 517 προσυμβάντα
589 459 694 502 κατὰ
713 459 887 513 Κύζικον
906 461 979 503 οὐκ
997 455 1045 515 ἦν
1066 460 1217 517 ἀρεστὰ
1238 460 1290 503 τὰ
1309 458 1592 518 πραττόμένα,
1619 462 1724 504 ἀλλὰ

273 530 473 584 πανδημεὶ
492 527 594 585 ὗπέρ
616 531 904 579 πεντακοσίους
927 529 1166 586 ἀφίσταντο.
1224 528 1394 583 κάπειδὴ
1416 528 1608 587 ἀπείρητο
1627 528 1725 582 tot}-

274 614 371 647 τους
388 597 446 653 μὴ
467 601 741 653 περαιοῦσθαι
761 598 866 640 κατὰ
887 598 960 652 τὴν
978 599 1162 640 Καλλίου
1181 596 1243 640 ἐπὶ
1265 597 1316 639 τὰ
1342 596 1542 654 σφέτερα,
1580 597 1758 653 ἇλῆταιῦ

225 672 255 705 Ε
279 663 429 716 τόπους
447 667 491 708 ἐκ
509 663 643 708 τόπων
665 665 899 720 ἀμείβοντες
917 665 991 716 ἔξω
1012 683 1090 709 που
1107 670 1190 709 τῶν
1210 669 1362 721 Πηγῶν
1381 670 1610 721 σκηνοῦσιν.
1666 663 1728 716 οἷς

272 733 464 789 βασιλεὺς
493 734 660 788 πέμπων
695 736 761 777 καὶ
790 735 908 778 ἱκανὰ
944 733 1115 791 ἀργύρια
1142 735 1413 790 προσέταττεν
1444 732 1725 792 ὑποστρέφειν.

270 810 357 853 τοῖς
376 803 420 845 δὲ
438 800 624 845 θάνατον
644 806 716 857 τῆς
735 801 1002 860 ὑποστροφῆς
1020 803 1360 860 ἀνθαιρουμίνοις
1378 802 1528 860 συνέβη
1547 808 1607 863 τῷ
1626 802 1726 853 τέως

269 871 587 928 ἀνδραγαθῆσαι
607 871 818 927 φανέντων
841 875 1031 927 Περσῶν.
1101 872 1235 927 ἐπειδὴ
1253 871 1331 928 γὰρ
1351 871 1394 914 οἶ,
1414 872 1488 926 μὲν
1511 873 1567 922 εἰς
1587 873 1724 915 ἐννεα-

274 941 436 988 κοσίους
471 940 694 993 ε’ποσοῦντο
708 971 719 991 ,
768 942 834 982 καὶ
872 941 946 994 τὴν
986 937 1122 995 μάχην
1164 938 1220 990 ὥς
1257 942 1377 983 εἰπεῖν
1403 940 1508 994 μετὰ
1535 938 1723 997 θάρρους
1736 947 1778 981 10

271 1006 531 1062 εἰσβάλλουσι
557 1008 601 1049 ἐκ
628 1011 748 1061 μιᾶς·
795 1009 835 1051 οἱ
863 1008 902 1050 δ’
931 1010 973 1051 ἓν
998 1009 1108 1065 με’ρει
1136 1007 1416 1063 συμβαλόντες
1431 1006 1487 1058 ὥς
1505 1007 1561 1059 εἷς
1581 1012 1722 1052 διακο-

131 1079 157 1111 Ρ
183 1079 250 1113 313
273 1077 387 1126 σίους
417 1080 675 1129 ποσοῦσθαι,
720 1080 802 1119 τῶν
832 1076 968 1119 ἄλλων
994 1077 1131 1120 αὐτῶν
1166 1075 1222 1126 ὥς
1249 1077 1293 1119 ἐκ
1322 1080 1475 1120 πολλοῦ
1505 1079 1721 1120 διασκεδα-

268 1145 479 1197 σθέντων,
529 1143 641 1198 ὅμως
672 1144 769 1194 τοὺς
797 1145 869 1198 μὲν
900 1145 1096 1188 κτείνουσι
1126 1145 1222 1194 τούς
1240 1145 1283 1187 δ’
1309 1145 1494 1202 αἱροῦσιν
1516 1147 1572 1195 εἷς
1587 1145 1721 1203 φυγὴν

267 1212 518 1270 τραπέντας,
556 1212 674 1256 αὐτοὶ
690 1215 818 1268 μηδὲν
837 1211 1043 1263 παθόντες
1061 1217 1143 1256 τῶν
1164 1212 1408 1269 ἀνηκέστων.

216 1281 243 1313 Β
404 1282 483 1326 32.
549 1280 616 1324 Ἐν
633 1279 766 1341 τούτῳ
785 1282 830 1324 δὲ
850 1283 916 1324 καὶ
935 1281 1053 1338 τέρας
1071 1285 1240 1324 τελεῖται
1261 1278 1498 1336 θαυμάσιον
1515 1285 1588 1335 τῆς
1607 1278 1718 1324 ὅσιο-
1731 1291 1772 1325 15

264 1347 475 1406 μάρτυρος
498 1350 739 1402 Θευδοσίας,
775 1352 865 1405 περὶ
886 1343 935 1392 οὗ
956 1350 1014 1405 μὴ
1035 1350 1158 1406 λέγειν
1177 1350 1406 1406 ἱστοροῦντι
1424 1349 1529 1392 καθ’
1549 1349 1718 1392 ἕκαστον

265 1419 355 1470 ἐμοὶ
388 1419 462 1471 μὲν
493 1418 677 1468 κίνδυνος
708 1417 755 1460 οὐ
783 1415 952 1473 μικρός,
996 1417 1048 1461 τὰ
1070 1418 1167 1474 ἔργα
1194 1422 1270 1461 τοῦ
1297 1422 1398 1462 θεοῦ
1429 1415 1718 1473 ἀνακηρύττειν

266 1485 381 1537 ἄξιον
402 1485 447 1529 ὅν
461 1518 473 1537 ,
513 1487 633 1542 ζημία
662 1487 707 1529 δὲ
737 1485 811 1529 οὐκ
840 1486 953 1543 ὀλίγη
975 1493 1060 1537 τοῖς
1086 1487 1146 1542 μὴ
1167 1484 1388 1531 ἀκούσουσι
1411 1484 1715 1544 περιστήσεται·

261 1664 397 1698 firmato
419 1662 454 1698 in
475 1662 648 1709 proposito
671 1663 924 1708 Magnesienses
944 1664 1147 1707 ulciscendi,
1178 1668 1218 1699 ut
1239 1675 1318 1700 suas
1341 1665 1455 1710 copias
1476 1662 1520 1698 ad
1541 1661 1577 1697 id
1603 1662 1715 1698 imur-

262 1710 415 1744 ficientes
434 1709 673 1754 >deprehensas
703 1709 796 1743 novis
829 1711 1051 1745 Romanorum
1088 1711 1273 1745 delectibus
1315 1715 1479 1755 augeret,
1517 1708 1715 1754 omninoque

262 1768 347 1802 prae
378 1767 416 1789 se
446 1756 553 1789 ferret
584 1766 642 1795 se,
678 1755 739 1789 nisi
771 1756 883 1790 deleta
905 1756 964 1790 illa
984 1757 1051 1790 sibi
1073 1756 1192 1790 rebelli
1212 1757 1318 1799 urbe,
1351 1756 1441 1791 haud
1465 1755 1553 1789 velle
1583 1755 1713 1790 vivere.

262 1813 376 1835 verum
398 1801 465 1835 illis
487 1811 571 1846 quos
594 1800 662 1835 illic
685 1801 747 1834 sub
771 1801 873 1845 signis
894 1802 1042 1836 habebat
1063 1802 1188 1842 Alanis,
1213 1802 1354 1836 subinde
1375 1801 1611 1847 reputantibus
1633 1799 1714 1846 quid

260 1847 379 1891 Cyzici
406 1848 499 1892 passi
520 1850 646 1890 essent,
669 1845 804 1881 minime
826 1847 1005 1892 placebant
1029 1859 1118 1893 quae
1144 1853 1225 1882 tunc
1246 1848 1378 1882 fierent.
1426 1859 1532 1902 quare
1554 1845 1589 1880 hi
1610 1849 1712 1892 capto

259 1900 412 1938 tempore
441 1904 556 1927 omnes
589 1891 707 1934 simul,
740 1903 877 1928 numero
911 1893 1106 1938 quingenti,
1138 1905 1160 1928 a
1189 1894 1312 1928 castris
1335 1905 1446 1938 magni
1467 1892 1563 1926 ducis
1585 1891 1713 1926 iniussu

259 1940 405 1981 abeunt3
439 1944 476 1972 et
503 1938 688 1983 desperata
720 1938 883 1973 facultate
914 1939 1106 1974 traiiciendi
1135 1939 1215 1973 freti
1238 1941 1280 1974 ad
1305 1939 1514 1984 Callipolim,
1538 1937 1655 1983 sicque
1676 1937 1713 1971 in

257 1995 338 2019 suas
359 1984 507 2028 ipsorum
528 1989 641 2019 terras
661 1984 859 2026 recedendi,
886 1985 984 2029 vagi,
1006 1985 1209 2020 stationibus
1233 1986 1351 2019 crebro
1375 1983 1560 2026 mutandis,
1583 1983 1647 2018 huc
1670 1982 1713 2016 ii-

257 2030 379 2074 lucque
402 2030 611 2064 serebantur.
655 2041 696 2064 eo
724 2029 852 2065 incerto
886 2042 987 2065 cursu
1019 2031 1141 2076 perlati
1172 2031 1215 2065 ad
1240 2031 1396 2066 viciniam
1418 2031 1586 2076 Pegarum
1617 2033 1711 2064 certo

259 2075 332 2109 loco
356 2082 453 2110 extra
476 2075 632 2121 oppidum
655 2076 873 2111 tabernacula
903 2076 1021 2112 fixere.
1065 2076 1133 2111 illic
1163 2088 1222 2111 eos
1247 2077 1448 2112 conveniunt
1469 2074 1561 2111 missi
1584 2075 1628 2112 ab
1650 2074 1711 2111 im-

239 2125 428 2165 .peratore,
452 2121 511 2165 qui
532 2127 708 2156 numerata
730 2121 811 2167 ipsis
832 2122 976 2166 pecunia
996 2134 1061 2156 non
1085 2123 1214 2157 modica
1235 2123 1390 2158 iuberent
1412 2121 1524 2171 redire
1547 2121 1639 2165 unde⁷
1655 2121 1712 2154 fn-

256 2170 390 2209 gerant‚
413 2178 454 2200 ac
475 2166 572 2210 signa
594 2172 762 2212 repetere.
809 2174 847 2202 at
866 2168 913 2202 illi
937 2168 986 2202 sic
1010 2169 1123 2212 parati
1143 2172 1241 2203 erant
1262 2167 1403 2211 animis,
1425 2173 1464 2203 ut
1486 2165 1710 2210 mortemhobr

256 2211 308 2244 ire
340 2211 475 2245 mallent
508 2224 608 2256 quam
638 2214 701 2247 sub
735 2213 827 2248 exosi
858 2219 893 2248 et
924 2214 1051 2248 irritati
1083 2215 1178 2249 ducis
1207 2213 1382 2259 imperium
1403 2213 1526 2256 redire.
1571 2208 1708 2264 iuterim

256 2256 391 2290 occasio
413 2256 478 2290 illis
499 2257 549 2291 rei
582 2259 667 2292 bene
689 2260 860 2302 gerendae
891 2260 1004 2294 oblata
1027 2266 1100 2303 est,
1133 2260 1276 2305 quadam
1298 2261 1392 2294 forte.
1408 2260 1444 2294 in
1463 2258 1531 2292 illis
1552 2255 1707 2302 partibus

254 2306 442 2345 apparente
465 2302 642 2337 Persarum
664 2316 774 2345 manu,
797 2304 882 2339 satis
903 2305 961 2339 illa
983 2305 1116 2350 quidem
1138 2305 1265 2348 valida,
1288 2311 1529 2348 nongentorum
1549 2300 1709 2336 videlicet

256 2350 482 2388 armatorum;
506 2347 561 2381 cui
586 2360 657 2382 cum
684 2349 783 2384 Alani
811 2354 1051 2394 occurrerunt,
1075 2351 1163 2386 haud
1197 2362 1309 2385 omnes
1330 2349 1428 2384 simul
1449 2347 1615 2388 aderant,
1645 2346 1706 2381 sed

241 2392 390 2426 ,ducenti
411 2392 598 2435 dumtaxat,
620 2393 694 2428 aliis
715 2396 885 2438 trecentis,
909 2408 951 2431 ex
972 2408 1040 2441 quo
1064 2409 1085 2430 a
1108 2396 1228 2431 castris
1251 2399 1472 2434 recesserant,
1496 2393 1619 2426 dudum
1643 2403 1706 2427 ve·

253 2438 306 2472 rie
328 2437 500 2482 dispersis.
545 2442 657 2472 tamen
680 2440 729 2474 ita
751 2447 938 2485 opportune
964 2441 1014 2475 ita
1046 2441 1180 2476 sortiter
1201 2440 1236 2474 in
1258 2441 1379 2474 Persas
1403 2438 1650 2481 incurrerunt„
1665 2441 1704 2472 ut

254 2482 376 2518 multos
398 2494 514 2516 eorum
534 2483 778 2528 interficerent,
800 2485 948 2531 reliquos
968 2488 1143 2530 fugarent,
1166 2489 1202 2519 et
1223 2483 1400 2529 fugacibus
1422 2484 1575 2519 instando
1598 2484 1704 2529 pluri-

254 2539 326 2564 mos
347 2539 461 2562 eorum
484 2533 654 2573 caperent,
677 2530 807 2564 nemine
827 2542 961 2565 suorum
985 2537 1045 2566 aut
1066 2531 1256 2565 desiderato
1278 2535 1338 2564 aut
1359 2530 1511 2573 graviter
1532 2529 1657 2564 saucio.

299 2606 302 2608 ,
336 2574 402 2617 32.
448 2573 542 2608 Inter
562 2573 647 2607 haec
668 2579 897 2619 perpetratum
919 2581 976 2618 est
993 2575 1220 2621 prodigiosum
1242 2575 1432 2610 miraculum
1454 2580 1594 2610 sanctae
1614 2586 1701 2612 mar·

253 2619 340 2664 tyris
361 2617 585 2654 Theodosiae.
633 2619 722 2664 quod
745 2619 897 2664 equidem
919 2621 1035 2655 horum
1065 2621 1235 2656 historiam
1258 2626 1442 2665 temporum
1465 2621 1602 2656 tradere
1622 2621 1703 2656 lite-

243 2663 624 2745 ·ἷὲῗ.ιξ““ἑῑῗι“ῑ..““ἐιέἳῖὲῖ
644 2664 730 2745 ῗὲῒέ
745 2665 1189 2746 Ξεῗῗὲῗῗὲῖιῗὲἷὲἓωιῖῗῗ
1192 2666 1478 2747 ¹32⁰2J1¹1¹1⁰ii³0⁶1³⁰3¹
1485 2667 1630 2747 ,2¹:¹¹3
1650 2665 1702 2721 ⁸¹³

252 2761 289 2790 et
309 2737 444 2800 sci-iptis
463 2755 737 2801 sermonibusque
762 2756 925 2791 celebrari
959 2757 1061 2801 digna
1082 2725 1265 2800 s’int,qnec
1301 2724 1487 2793 fraudandi:
1519 2723 1701 2804 posteriffi

249 2801 299 2836 rei
322 2801 442 2836 notitia
460 2801 655 2842 utilissimae
679 2801 816 2848 cognitu
827 2827 847 2845 ⁹,
861 2814 962 2848 quaml
982 2803 1047 2838 nisi
1067 2803 1201 2838 audiret
1224 2816 1277 2839 me
1299 2808 1477 2844 narrante,
1501 2803 1699 2845 detrimento

249 2846 446 2882 afficeretur
467 2847 555 2883 haud
578 2847 717 2883 modico.
764 2847 880 2884 eadem
902 2860 1003 2895 porro
1024 2849 1236 2895 promulgata
1258 2853 1352 2885 certo
1374 2849 1619 2885 demonstrabit
1639 2858 1697 2884 ar-
