1858 3126
237 186 335 233 758
633 182 943 228 OBSERVAT.
977 181 1289 230 PACHYMER.

237 311 348 338 more
370 295 534 346 antiquo
552 293 587 332 is
603 291 707 333 ritus
739 293 1035 343 observaretur,
1066 292 1138 333 sed
1161 292 1213 332 ad
1229 286 1510 334 indicationem
1529 306 1693 347 praece-

240 357 398 394 dentem
427 363 616 404 vesperae
639 363 870 404 parasceues
900 350 983 389 sive
1014 356 1148 388 sextae
1177 349 1316 399 seriae,
1347 350 1505 402 quando
1518 350 1597 389 iam
1616 364 1694 390 nsu

241 408 506 450 ecclesiastico
533 407 738 446 sabbatum
758 406 1050 459 postridianum
1067 405 1259 445 -inchoari
1278 406 1534 455 censebatur,
1570 407 1694 459 siqui-

240 467 329 505 dem
349 465 501 503 cunctis
517 463 853 502 hebdomadarum
873 463 1047 502 omnium
1064 463 1235 502 sabbatis
1245 463 1407 502 ecclesia
1427 463 1576 501 Graeca
1586 476 1695 502 mor-

238 529 397 561 tuorum
424 521 650 561 memoriam
675 519 885 559 recolebat.
938 518 1018 558 hoc
1041 520 1157 558 docet
1177 533 1250 558 nos
1276 519 1505 558 Gennadius
1522 519 1697 572 patriar-

243 578 316 617 cha
332 563 435 617 libro
457 577 505 616 de
534 576 766 628 Purgatorio
791 575 847 615 sic
874 576 1068 615 scribens:
1105 591 1242 628 ακμην
1271 572 1458 617 ἀσύνετοί
1484 575 1590 625 ἐστε,
1626 572 1698 616 καὶ

243 651 320 677 ουκ
339 630 517 689 ἐ’γνωτε”
497 649 556 675 οτι
574 632 604 686 ἦ
626 635 699 674 τοῦ
723 635 898 699 Χριστοῦ
918 632 1105 700 ἐκκλησία
1133 646 1287 687 ευχεται
1306 629 1415 673 ἅεὶ“’
1387 629 1491 685 νπὲρ
1506 647 1698 684 κεκοιμη*

241 691 395 745 μένων,
431 690 501 732 καὶ
527 687 628 732 κατὰ
660 691 744 730 πᾶν
776 685 979 742 σάββατον
1012 685 1146 741 μόνως
1172 688 1275 757 περι
1288 691 1370 729 τῶν
1391 690 1536 740 ψυχῶν
1555 688 1697 741 μνείαν

240 752 433 798 ποιεῖται,
463 746 531 788 καὶ
557 759 607 787 σα
636 745 745 801 βάτῳ
774 745 829 786 ἔτι
855 744 917 793 δις
939 748 1013 787 τοῦ
1039 743 1264 786 ἐνιαυτοῦ’
1249 742 1334 814 ἄγει
1359 741 1598 815 πανήγυριν*
1604 742 1698 813 περὶ

241 800 401 858 μνήμης
424 806 569 856 ψυχαῖν
587 803 749 856 μνείαν,
787 801 833 843 ἐν
848 804 906 857 τῷ
928 799 1005 867 στρὸ
1023 804 1094 854 τῆς
1109 798 1307 855 Ἀπόκρεῶ
1328 817 1432 855 φημι
1450 799 1518 841 καὶ
1542 802 1598 856 τῷ
1617 797 1698 853 πρό

102 869 131 903 Ρ
155 869 222 906 544
247 863 539 914 Πεντηκοστῆς.
598 858 739 898 adhuc
769 865 804 896 et
820 871 892 896 vos
910 860 996 896 sine
1019 858 1222 896 intellecta
1241 860 1334 896 estis
1349 887 1360 907 ,
1401 865 1436 895 et
1455 871 1534 896 non
1553 870 1701 909 cogno-

239 919 360 957 vistis
382 917 536 956 Christi
555 916 764 954 ecclesiam
783 929 899 952 orare
921 928 1071 966 semper
1086 929 1165 967 pro
1190 916 1243 952 iis
1260 915 1334 967 qui
1355 912 1624 962 dormierunt,
1661 918 1701 950 et

234 989 310 1028 per
333 988 445 1012 omne
464 973 680 1011 sabbatum
703 973 935 1010 memoriam
945 973 1082 1022 facere
1099 972 1266 1009 solitam
1289 973 1531 1010 animarum.
1581 983 1704 1035 praf-

242 1039 428 1083 tereaque
445 1030 508 1068 bis
527 1031 572 1067 in
597 1042 704 1067 anno
718 1030 964 1081 panegyrim
982 1028 1174 1066 celebrare
1200 1027 1584 1066 commemorationis
1603 1027 1702 1064 ani·-

242 1102 431 1138 marum,
468 1087 663 1126 nimirum
695 1085 862 1123 sabbato
882 1083 1140 1137 praecedente
1164 1083 1408 1122 dominicam
1429 1083 1703 1134 Camisprivii

240 1152 279 1183 et
299 1144 469 1184 sabbato
493 1150 587 1183 ante
611 1144 878 1182 Pentecosten.
934 1141 1031 1180 haec
1051 1140 1291 1182 Gennadius.
1349 1153 1477 1178 annus
1504 1152 1584 1191 quo
1603 1151 1701 1177 con-

240 1201 332 1253 tigit
348 1200 426 1239 hoc
445 1200 534 1239 loco
553 1204 710 1238 narrata
726 1197 947 1237 Andronici
963 1197 1277 1236 Thessalonicam
1295 1196 1505 1250 profectio,
1528 1201 1576 1234 ut
1594 1194 1702 1233 infra

240 1258 270 1299 l.
297 1259 322 1298 8
346 1271 381 1302 c
400 1261 427 1300 7
450 1255 678 1303 ostendam,
708 1254 786 1295 fuit
814 1253 959 1292 eluisti
985 1257 1104 1296 1299
1162 1253 1230 1305 qui
1256 1267 1383 1292 annus
1406 1266 1494 1291 cum
1517 1263 1702 1291 numera-

241 1313 346 1353 verit
369 1313 529 1365 cyclum
549 1312 643 1351 solis
662 1286 731 1361 ⁹20,
751 1311 816 1349 cui
838 1310 1027 1363 competit
1046 1310 1158 1348 litera
1182 1309 1302 1349 index
1321 1309 1541 1348 dominicae
1560 1309 1614 1358 D,
1633 1307 1702 1346 in-

241 1369 437 1421 telligitur
453 1368 521 1407 hic
538 1373 796 1408 memoratam
813 1367 950 1406 feriam
970 1373 1118 1405 sextam
1134 1366 1296 1405 ineunte
1314 1364 1557 1405 Februario
1544 1378 1588 1403 m
1607 1377 1703 1403 sex-

243 1432 331 1465 tum
356 1425 560 1465 Februarii
595 1424 699 1463 diem
730 1423 932 1464 incidisse.
991 1423 1070 1462 fuit
1099 1436 1190 1474 ergo
1221 1423 1314 1462 talis
1342 1422 1420 1462 diei
1453 1434 1615 1474 vespera
1631 1420 1702 1460 in-

244 1482 387 1520 choata
406 1480 726 1520 commemoratio
745 1480 1026 1519 defunctorum
1046 1493 1152 1519 mere
1172 1477 1499 1528 hebdomadaria,
1527 1490 1611 1517 non
1625 1490 1703 1516 au-

242 1544 324 1577 tem
345 1551 423 1575 una
445 1551 495 1576 ex
514 1537 751 1575 solemnibus
772 1543 1021 1575 mortuorum
1042 1537 1329 1589 panegyribus,
1360 1548 1459 1588 quae
1478 1535 1561 1584 bis,
1588 1538 1637 1573 ut
1651 1546 1702 1572 ex

245 1593 453 1632 Gennadio
473 1593 718 1639 audivimus,
746 1592 789 1631 in
809 1607 912 1630 anno
931 1592 1152 1631 ceremonia
1168 1591 1419 1643 exquisitiori
1438 1591 1702 1639 celebrantur,

248 1650 413 1689 sabbato
433 1649 692 1701 praecedente
714 1648 955 1686 dominicam
969 1645 1168 1701 Ἀπόκρεω
1191 1649 1295 1696 sive,
1326 1654 1370 1686 ut
1393 1660 1483 1685 cum
1499 1646 1620 1697 vulgo
1639 1646 1701 1684 lo-

246 1720 361 1758 quar,
395 1705 668 1756 carnisprivii
690 1705 946 1754 Graecorum,
978 1718 1076 1756 quae
1095 1704 1285 1742 coincidit
1305 1717 1396 1742 cum
1414 1708 1548 1741 nostra
1569 1701 1702 1741 domi-

245 1763 336 1801 nica
358 1763 627 1813 Sexagesimae
638 1788 650 1808 ,
680 1766 720 1800 et
738 1761 901 1800 sabbato
921 1767 1012 1801 ante
1032 1761 1302 1799 Pentecosten.
1354 1773 1444 1799 nam
1464 1758 1514 1797 de
1534 1757 1699 1798 sabbato

248 1819 409 1871 quidem
436 1820 708 1863 Pentecostes‚
740 1817 834 1860 satis
863 1821 969 1869 patet
997 1830 1115 1869 quam
1143 1831 1164 1854 a
1183 1829 1315 1855 mense
1332 1814 1545 1854 Februario
1572 1828 1701 1854 remo-

247 1882 334 1914 tum
354 1875 419 1917 sit.
468 1874 672 1913 sabbatum
691 1880 820 1912 autem
839 1873 1057 1912 dominicae
1076 1872 1335 1926 Carnisprivii
1358 1873 1603 1911 Graecorum
1617 1871 1702 1911 sive

247 1931 541 1983 Sexagesimae,
576 1930 648 1969 illo
680 1943 784 1969 anno
813 1929 959 1968 Pascha
990 1934 1040 1974 19
1058 1930 1205 1982 Aprilis
1229 1929 1421 1979 habente,
1450 1927 1528 1966 fuit
1542 1927 1626 1966 dies
1643 1930 1701 1970 21

247 1987 479 2037 Februarii,
510 2000 610 2039 quae
631 1986 682 2024 ad
706 1989 929 2039 Ληναιῶνα
961 1983 1196 2039 ἐνεστηκότα
1226 1989 1423 2024 ineuntem
1435 1983 1704 2023 Februarium.

248 2045 364 2083 nullo
384 2050 502 2096 pacto
519 2043 704 2096 pertinet.
760 2049 900 2085 notum
910 2043 1071 2111 quippe
1099 2043 1193 2085 satis
1218 2043 1350 2082 decem
1374 2047 1529 2080 tantum
1548 2040 1702 2093 primos

250 2100 440 2151 cuiusque
455 2100 599 2138 mensis
622 2099 703 2138 dies
722 2099 798 2137 ista
822 2096 947 2151 μηνὸς
964 2096 1217 2152 ἐνεστηκότος
1232 2100 1379 2137 mensis
1396 2099 1574 2136 ineuntis
1594 2095 1703 2149 apud

252 2157 424 2194 Graecos
455 2156 721 2207 appellatione
748 2156 971 2207 designari,
1009 2170 1099 2195 cum
1126 2156 1193 2208 qui
1223 2161 1443 2208 sequuntur
1472 2153 1523 2191 ad
1553 2156 1609 2196 20
1638 2167 1703 2204 με·

250 2214 389 2253 σοῦντι
404 2213 501 2263 μηνί
516 2211 713 2249 mediante:
727 2214 874 2261 mensi,
903 2188 1049 2264 reliqui
1068 2213 1119 2251 ad
1137 2212 1254 2250 finem
1275 2224 1401 2263 usque
1418 2206 1598 2263 λήγοντι,
1626 2207 1704 2246 hoc

251 2274 310 2305 est
330 2268 544 2318 desinenti,
582 2268 706 2306 mensi
720 2268 961 2307 tribuantur.
1017 2276 1134 2320 atque
1152 2268 1262 2307 hoc
1250 2282 1401 2321 ipsum,
1429 2265 1614 2305 videlicet
1638 2277 1702 2302 or-

252 2323 444 2363 dinariam
472 2329 511 2361 et
533 2298 885 2364 'hebdomadariam
914 2325 1122 2364 dumtaxat
1148 2325 1266 2363 fuisse
1288 2324 1392 2362 hanc
1419 2333 1703 2362 commemora—

250 2379 399 2418 tionem
418 2385 685 2433 mortuorum,
713 2380 863 2420 indicat
879 2387 1012 2419 noster
1041 2381 1278 2430 historicus,
1299 2380 1391 2418 dum
1418 2391 1502 2415 non
1525 2390 1704 2430 πανηγυ-

253 2434 469 2499 ριζομένων
496 2435 565 2473 sed
590 2436 952 2491 μνημονευομένων
974 2436 1050 2475 1100
1077 2437 1166 2475 1000
1196 2451 1277 2476 των
1302 2431 1598 2485 κεκοιμημένων
1617 2445 1703 2470 me-

253 2493 382 2530 minit.
437 2491 675 2531 mentionem
707 2506 828 2543 porro
857 2492 923 2530 hic
951 2493 1094 2530 factam
1114 2505 1365 2530 accensarum
1396 2490 1546 2535 facum,
1582 2501 1703 2539 quam

254 2561 325 2599 ego
344 2547 388 2586 in
409 2547 734 2599 interpretatione
756 2548 807 2588 ad
824 2548 1131 2587 ecclesiasticum
1153 2561 1268 2586 usum
1290 2559 1449 2594 revoco,
1477 2557 1560 2582 non
1578 2543 1705 2582 deerit

254 2605 358 2644 forte
376 2603 444 2656 qui
461 2603 676 2643 contendat
694 2602 745 2640 ad
773 2616 878 2641 mere
904 2603 1059 2641 civilem
1083 2603 1329 2642 referendam
1360 2576 1480 2640 fuis'se
1497 2600 1703 2640 rationem.

255 2663 457 2699 enimvero
481 2673 555 2698 nec
571 2673 640 2710 ego
657 2659 796 2710 ignoro
817 2659 888 2696 tali
908 2660 1137 2710 plerumque
1161 2659 1363 2697 locutione
1389 2657 1584 2708 designari
1598 2662 1702 2695 tem-

254 2731 331 2769 pus
351 2729 538 2769 vesperae
561 2715 718 2755 adultae
739 2727 865 2766 usque
887 2715 972 2752 ad
960 2729 1039 2753 iam
1066 2715 1377 2754 increbescentes
1406 2713 1586 2752 tenebras
1611 2717 1703 2765 post

256 2787 436 2812 occasum
458 2773 572 2823 solis,
600 2772 757 2824 quando
787 2770 839 2809 ad
857 2770 1118 2810 necessatium
1147 2771 1310 2810 videndi
1332 2783 1468 2818 usum,
1499 2769 1605 2807 intra
1625 2768 1703 2806 do-

254 2843 338 2869 mos
355 2828 586 2883 praesertim
605 2830 708 2869 faces
729 2827 1010 2871 accenduntur.
1069 2828 1138 2867 sed
1157 2827 1190 2867 si
1212 2827 1300 2880 quis
1323 2826 1509 2867 attentius
1530 2829 1702 2878 reputet,
