1858 3126
375 155 451 198 DE
482 153 810 199 ANDRONICO
844 154 1214 199 PALAEOLOGO
1248 157 1293 199 L.
1321 155 1393 198 Vl.
1514 155 1608 200 531

169 267 347 324 ἠγείρετο
370 264 645 323 παμπληθῆς,
679 267 745 308 καὶ
774 263 956 321 θόρυβος
982 267 1027 308 ἐκ
1052 263 1214 308 πάντων
1247 266 1312 308 διὰ
1333 266 1380 310 τὸ
1401 268 1606 324 φίλοικτον
1626 273 1657 308 Β

165 337 332 388 ἵστατο,
368 337 434 378 καὶ
450 335 523 389 τὴν
543 339 626 376 τῶν
642 332 874 388 Ῥωμαϊκῶν
891 338 990 376 νεῶν
1012 338 1259 390 κατῃτιῶντο
1283 333 1522 387 κατάλυσιν,
1554 335 1610 388 ὡς

168 402 245 446 οὒκ
270 402 320 445 ἂν
346 401 518 445 πάθοιεν
544 405 713 444 τοιαῦτα
740 404 775 444 εἰ
795 399 816 444 ὃ
847 399 1032 456 συνήθης
1049 401 1195 449 στόλος
1212 403 1359 457 περιὼν
1379 402 1604 458 ἐξηρτύετο,

166 470 384 514 καὶπολλὰ
409 473 475 512 καὶ
495 468 607 526 παρὰ
623 469 669 512 τὸ
702 469 806 519 daeg
829 467 1053 521 διελάλουν.
1121 474 1243 511 τοῦτο
1266 471 1383 523 γνοι“·ς
1403 470 1604 528 πατριάρ-

132 545 263 594 6χης,
298 535 462 592 ἀπάρας
484 536 539 587 ὥς
565 535 643 591 εἶχε
661 542 734 590 τῆς
758 538 963 587 κατοικίας
987 531 1014 592 ᾗ
1037 553 1115 578 που
1136 534 1328 594 κατῴκει,
1367 537 1482 593 ἔργον
1503 539 1604 594 ἔχων

162 605 211 648 τδ
241 604 563 648 σπουδαιότατον
591 606 679 660 περὶ
710 605 781 647 τὸν
814 607 944 659 δῆμον
982 606 1334 658 σπουδαιοτριβεῖν
1373 609 1444 647 καί
1475 625 1517 661 γε
1549 608 1602 650 τὰ

162 673 293 715 πολλὰ
317 675 626 728 δημοχαριστεΐν
638 704 651 724 ,
698 671 802 714 κατὰ
828 672 902 726 τὴν
928 671 1055 726 μέσην
1081 676 1155 725 τῆς
1176 671 1327 726 ἀγορᾶς
1346 676 1603 728 μεσημβρίας

161 741 375 797 ἐφίσταται
386 773 399 793 ,
438 743 504 782 καὶ
525 743 710 794 ξυγκαλεῒ
731 739 828 789 τοῧς
854 737 1079 794 ξύγκλυδας
1096 742 1162 780 καὶ
1191 737 1250 788 οἷς
1273 738 1459 794 συνήθης
1480 740 1501 783 ὃ
1520 741 1601 784 θό-

162 813 301 863 ρυβος.
370 810 436 850 καὶ
469 807 511 850 ἕν
540 825 618 850 τινι
645 811 727 849 τῶν
756 809 839 850 ε’κεῖ
855 812 963 850 ναῶν
981 807 1189 855 καταστὰς
1218 807 1379 862 μακρὰν
1400 810 1594 852 κατέτεινε
1621 817 1651 851 C

105 884 151 920 10
162 876 235 931 τὴν
255 875 467 918 διαλαλιὰν
483 877 550 918 καὶ
567 875 844 918 καταστέλλειν
863 879 1149 930 θορυβοῦντας
1168 874 1361 929 ἠπείγετο,
1399 876 1450 918 τὰ
1470 878 1601 920 πολλὰ

160 939 360 986 συναινῶν
389 944 550 993 ἐκείνοις
558 975 571 995 ,
610 945 676 984 καὶ
708 947 790 985 τῶν
818 943 1072 995 δυναμένων,
1117 941 1200 991 οἷος
1225 943 1266 983 ἓν
1283 947 1444 992 πολλοῖς
1465 940 1597 997 οὗτος,

158 1008 481 1064 καταιτιώμενος.
549 1010 664 1059 τέλος
693 1011 773 1052 ἐπεὶ
806 1010 876 1053 τὸν
905 1011 1031 1053 πολὺν
1049 1010 1274 1066 γογγυσμόν
1293 1013 1380 1064 περὶ
1401 1017 1482 1053 τῶν
1499 1018 1599 1055 νεῶν

157 1076 484 1132 κατεμάνθανεν,
533 1076 589 1127 ῶς
615 1077 674 1132 μὴ
710 1079 796 1119 οἵου
820 1077 865 1120 τ’
886 1077 1004 1128 ὄντος
1023 1078 1173 1127 αὐτοὺς
1192 1077 1388 1134 ἀσφαλῶς
1407 1081 1545 1134 διαζῆν
1565 1083 1600 1123 εἰ

155 1144 214 1201 μή
235 1163 277 1201 γε
298 1151 389 1201 νῆες
407 1146 512 1188 κατὰ
533 1146 580 1188 τὸ
603 1144 728 1187 πάλαι
746 1143 956 1198 Ῥωμαίοις
973 1144 1151 1200 σύνηθες
1180 1144 1436 1199 ε’ξαρτῦοιντο
1447 1180 1460 1199 ,
1493 1147 1597 1203 γνώ-

101 1220 144 1255 15
153 1230 236 1269 μας
257 1213 519 1270 ἄγριοι-μένας
541 1215 782 1266 ἐξομαλίζειν
802 1214 935 1256 θέλων
953 1213 1136 1267 ἀμηγέπη
1169 1215 1233 1254 καὶ
1255 1211 1386 1267 λόγοις
1403 1217 1468 1256 καὶ
1491 1214 1596 1258 tino-

155 1276 331 1336 σχέσεσι,
378 1281 490 1332 τινὰς
519 1282 678 1325 ἐκείνων
706 1283 772 1324 καὶ
799 1281 895 1331 τούς
917 1282 1203 1338 ἐκδηλοτέρους
1223 1283 1474 1338 παραλαβών
1491 1283 1593 1327 ἀνα-

150 1469 323 1514 'versorum
346 1466 588 1512 aggregabant.
634 1466 710 1500 hinc
736 1464 982 1512 procedebatur
1011 1467 1054 1501 ad
1087 1477 1207 1501 causas
1239 1467 1338 1510 mali,
1375 1476 1500 1513 nempe
1516 1469 1593 1504 ideo

150 1513 276 1548 exteris
297 1513 484 1547 necessario
505 1523 576 1545 rem
598 1513 752 1546 navalem
775 1513 887 1555 credi,
912 1512 1000 1557 quod
1023 1513 1162 1546 classem
1185 1513 1307 1547 dudum
1329 1513 1510 1548 Romanam
1533 1527 1595 1548 ne-

148 1557 311 1605 gligent-ia
332 1557 591 1604 praesidentium
612 1557 739 1591 absumi
770 1569 812 1591 ac
841 1558 990 1592 funditus
1019 1558 1151 1592 destrui
1182 1558 1311 1592 siverit.
1355 1559 1389 1592 id
1414 1559 1449 1592 ni
1472 1561 1593 1595 suisset

146 1613 324 1650 perperam
355 1604 551 1648 admissum,
584 1603 671 1637 haud
704 1615 742 1636 se
775 1603 826 1636 bis
857 1615 945 1637 nuuc
974 1604 1132 1637 obnoxios
1166 1603 1308 1637 miseriis
1337 1605 1480 1638 sumros.
1537 1606 1592 1640 hic

147 1649 407 1684 effundebantur
431 1648 586 1695 populari
608 1648 743 1682 licentia
765 1648 799 1682 in
822 1649 960 1683 liberam
990 1649 1266 1695 vituperationem
1291 1649 1590 1685 administrantium

145 1705 218 1730 reu
246 1695 434 1741 publicam,
469 1705 568 1739 quam
600 1693 767 1728 dissolutis
800 1694 1038 1739 perversisque
1070 1694 1215 1728 consiliis
1239 1695 1403 1739 perditum
1435 1695 1590 1729 nimirum

144 1739 244 1776 iren&
285 1740 560 1775 increbrescebat
591 1745 668 1773 tota
697 1739 837 1773 civitate
866 1740 1010 1784 gliscens
1033 1751 1199 1782 murmur,
1230 1750 1292 1773 nec
1315 1740 1430 1784 procul
1454 1751 1475 1773 a
1498 1740 1589 1773 sedi-

145 1785 238 1820 tione
259 1797 315 1820 res
336 1789 428 1827 erat,
453 1790 674 1818 concurrente
696 1796 737 1818 ac
758 1786 966 1819 vociferante
987 1786 1206 1830 undecunque
1228 1786 1349 1827 turba,
1372 1785 1503 1828 qnando
1526 1796 1588 1830 pa-

144 1829 295 1865 triarcha
316 1831 389 1864 eius
419 1830 644 1865 commotionis
672 1830 798 1865 indicio
829 1838 968 1876 accepto
998 1830 1121 1876 raptim
1153 1831 1248 1863 domo
1272 1830 1329 1863 ubi
1353 1830 1589 1864 diversabatur

145 1874 291 1920 prodiit,
312 1876 393 1910 nihil
415 1887 480 1910 non
503 1875 651 1921 experiri
674 1882 810 1918 certus,
843 1887 908 1920 quo
939 1887 1017 1920 spes
1040 1882 1129 1909 esset
1151 1875 1330 1908 deliniendi
1353 1876 1590 1918 componendi-

128 1931 212 1964 *que
233 1919 269 1952 in
290 1921 520 1966 obsequiosam
543 1921 688 1964 quietem
708 1921 839 1954 efferati
861 1922 926 1955 iam
950 1922 983 1954 in
1003 1921 1175 1954 tumultum
1193 1920 1317 1964 populi.
1362 1930 1455 1962 ergo,
1480 1931 1587 1965 quan·

143 1967 215 1998 tum
247 1964 410 1999 affectare
446 1965 642 1998 connitendo
675 1969 828 2008 poterat,
859 1966 1095 2010 popularitatis
1117 1969 1191 1998 arte
1222 1966 1318 1998 homo
1339 1974 1456 2008 parum
1483 1966 1526 1998 ad
1548 1965 1584 2000 id

142 2017 266 2044 natura
288 2010 400 2043 factus
423 2009 599 2043 conciliare
621 2009 684 2042 sibi
707 2010 849 2052 gratiam
869 2011 979 2044 iratae
1002 2010 1219 2043 multitudinis
1242 2009 1422 2050 studebat,
1445 2010 1585 2045 meridie

140 2053 252 2088 medio
275 2066 314 2089 se
335 2055 408 2088 foro
432 2053 544 2088 densis
564 2059 599 2086 et
621 2054 759 2087 invicem
790 2055 999 2088 tradentibus
1023 2055 1136 2088 cuneis
1158 2054 1346 2087 immiscens
1369 2060 1494 2088 temere
1516 2055 1583 2090 huc

139 2099 288 2146 illucque
310 2099 523 2134 cursantium.
567 2098 616 2131 ibi
648 2110 813 2132 convenas
841 2099 1040 2143 praesertim
1074 2100 1116 2132 ad
1139 2110 1176 2132 se
1199 2105 1379 2140 convocat,
1409 2099 1458 2133 uti
1482 2111 1583 2146 prae·

139 2145 258 2191 cipuos
289 2157 331 2179 ex
368 2156 457 2179 more
483 2143 679 2177 tumultuum
710 2149 875 2178 auctores.
926 2148 1122 2188 tractosque
1150 2143 1192 2176 ad
1224 2155 1261 2177 se
1293 2155 1357 2178 non
1387 2156 1512 2190 paucos
1543 2145 1579 2181 in

138 2190 296 2236 templum
328 2190 398 2226 illic
427 2191 517 2224 sorte
557 2189 690 2222 obvium
723 2189 881 2222 inducens
918 2189 1132 2233 praelongam
1169 2189 1337 2233 peroraxit
1377 2190 1578 2234 concionem,

165 2242 243 2271 tout
263 2236 430 2281 putabat,
453 2235 733 2269 accommodatam
756 2233 914 2278 pacandis
937 2233 1055 2266 animis
1073 2239 1108 2267 ct
1131 2233 1284 2267 seditioni
1305 2237 1579 2280 compescendae.

135 2291 174 2315 m
202 2293 243 2315 ea
262 2293 382 2315 sensus
406 2280 588 2315 ostentavit
617 2279 731 2313 maiori
760 2279 794 2312 in
816 2286 915 2324 parte
937 2283 1176 2312 consentaneos
1204 2279 1335 2313 iudiciis
1356 2280 1575 2326 audientium,

161 2327 267 2360 ariter
286 2334 327 2361 ut
346 2326 396 2362 illi
418 2327 633 2370 magistratus
654 2325 687 2358 in
710 2324 822 2357 multis
844 2324 992 2368 culpans.
1011 2334 1014 2338 ’
1039 2324 1180 2369 denique
1203 2324 1281 2358 illud
1303 2325 1409 2370 ipsum
1433 2327 1575 2362 maxime

135 2371 332 2406 niv-idiosum
354 2374 560 2417 querelarum
585 2376 706 2414 caput,
738 2369 781 2403 dc
811 2369 917 2402 classe
947 2370 1098 2403 Romana
1128 2370 1258 2404 incuria
1279 2371 1463 2415 regentium
1496 2383 1578 2417 pes-

135 2418 308 2460 sumdata,
329 2418 417 2451 hand
440 2428 543 2462 parce
562 2415 721 2449 invehens
743 2425 1017 2459 exaggeransque
1040 2414 1228 2456 ventilavit,
1251 2418 1286 2448 et
1307 2416 1380 2461 ipse
1402 2417 1576 2452 affirmans

134 2461 231 2508 large
251 2462 286 2496 in
308 2463 392 2505 hoc,
414 2474 476 2496 nec
503 2473 568 2496 non
590 2459 889 2505 perniciosissime,
921 2464 1112 2505 peccatum,
1143 2461 1297 2504 ultroque
1319 2461 1480 2505 profitens
1502 2463 1577 2496 nul·

135 2506 202 2541 lam
223 2508 389 2552 affulgere
409 2519 500 2553 spem
523 2507 750 2540 restituendae
773 2506 927 2550 publicae
949 2504 1162 2546 securitatis,
1190 2505 1253 2539 nisi
1270 2516 1395 2549 naves,
1426 2511 1466 2540 ut
1486 2507 1574 2549 olim,

137 2550 308 2587 Romanae
329 2553 488 2587 Romanis
508 2553 695 2586 instructae
718 2551 893 2585 classiariis
916 2561 1007 2584 mare
1033 2557 1180 2583 nostrum
1201 2561 1243 2584 ac
1273 2557 1390 2595 portus
1412 2563 1433 2585 a
1457 2552 1490 2584 vi
1512 2563 1574 2585 ex-

135 2602 213 2631 tera
236 2602 438 2632 tutarentur.
482 2598 588 2631 libens
610 2596 739 2631 scilicet
762 2596 920 2630 audiebat
940 2596 1088 2639 flagrans
1109 2594 1162 2628 ira
1184 2597 1324 2640 populus
1346 2597 1461 2630 eadem
1485 2608 1575 2641 quae

135 2639 276 2677 sentiret
296 2644 368 2688 ipse
390 2655 412 2678 a
433 2642 628 2689 patriarcha
648 2642 728 2677 dici.
774 2653 839 2686 quo
862 2641 920 2674 ille
946 2641 988 2674 ad
1012 2652 1085 2674 eum
1098 2641 1276 2675 sedandum
1298 2648 1451 2687 prompte
1474 2646 1572 2675 utens

135 2692 299 2721 momento
320 2688 470 2733 gratiae,
493 2687 712 2722 disertissime
733 2686 915 2721 affirmavit
938 2697 978 2720 ac
1008 2690 1124 2719 sancte
1146 2686 1297 2731 promisit
1318 2688 1448 2720 omniuo
1470 2695 1583 2720 cura-¹

134 2734 246 2765 turum
266 2742 304 2767 se
328 2738 368 2767 ut
385 2733 445 2768 isti
466 2733 552 2768 male
583 2733 746 2767 hactenus
776 2738 892 2777 gestae
922 2731 1128 2776 reipublicae
1149 2732 1240 2776 parti
1262 2732 1414 2776 protinus
1435 2741 1578 2764 succur-

134 2780 280 2811 reretur.
323 2786 394 2823 pto
419 2784 512 2813 certo
543 2777 650 2823 igitur
679 2778 845 2813 haberent
866 2776 998 2811 visuros
1030 2787 1068 2811 se
1090 2776 1187 2812 brevi
1205 2782 1368 2812 armatam
1390 2776 1581 2811 Romanm‘
