1858 3126
291 147 389 193 556
707 149 940 192 GEORGII
973 148 1315 196 PACHYMERIS

290 263 468 315 στερρῶς
497 255 751 315 περισχόντες
788 258 990 316 ἀλλήλους
1019 263 1085 305 καὶ
1118 262 1170 306 τὰ
1199 261 1350 318 ἔσχατα
1385 262 1731 322 περιπτυξᾶμενοι,

292 326 377 380 ἅμα
397 328 470 380 μὲν
490 327 610 385 οἴκτῳ
631 327 716 382 ἅμα
735 330 778 371 δὲ
799 331 864 372 καὶ
886 330 1032 388 ἇρεῖκῷ
1052 332 1297 387 ἐπαρθέντες
1317 330 1465 388 λήματι
1476 357 1504 386 ,·
1523 339 1597 378 τοῦ
1627 332 1734 392 πύρ-

237 401 269 435 Ε
291 411 363 450 γου
391 394 682 446 καταπεσόντες
716 398 757 447 ἒξ
789 397 915 440 αὐτοῦ
946 397 1315 454 διαπεφωνήκεσαν.
1381 406 1476 450 παῖς
1501 401 1546 443 δ’
1574 402 1734 452 ἐκείνοις

289 467 431 516 συνῆν,
469 465 534 505 καὶ
555 464 637 506 ἐπεὶ
656 464 776 520 ἀργὸς
795 462 845 520 ἦν
861 467 903 507 ἐκ
919 469 1126 522 φιλοίκτου
1147 470 1295 518 δειλίας
1312 469 1378 510 καὶ
1397 470 1520 523 δῆλος
1535 463 1587 524 ἦν
1602 469 1732 522 μένων

288 530 362 584 τὴν
391 531 637 584 αὐθεντιάν,
675 533 801 583 εὐθὺς
833 533 1091 590 ἀφειδοῦντες
1119 536 1256 579 ἐκεῖνοι
1283 537 1350 578 καὶ
1379 535 1632 591 περισχόντες
1661 537 1763 580 τόνό

287 600 448 642 νεανίαν
473 600 685 655 ἐρρίπτουν
704 601 806 644 κατὰ
826 602 953 657 πυρὸς
972 602 1207 660 εὐθαρσῶς,
1243 601 1298 654 ὥς
1321 603 1395 658 οὗχ
1414 602 1558 659 ἣκιστα
1574 602 1734 648 σώσον-

287 683 352 716 τες
380 666 404 722 ἢ
430 666 685 718 ἀπολοῦντες.
756 671 821 711 καὶ
850 669 972 711 ταῦτ’
1010 671 1137 726 ἔδρων
1169 673 1211 722 ἐξ
1238 670 1500 727 ἀπογνώσεως
1526 677 1599 716 τοῦ
1628 671 1733 723 ὅλως

146 742 175 776 Ρ
198 743 265 778 386
288 734 586 791 περιγενέσθαν
624 736 720 779 οὐδὲ
751 737 828 792 γὰρ
863 738 905 779 ἐκ
930 742 1002 780 τοῦ
1024 737 1245 783 ἀντιπάλου
1266 741 1381 797 σφίσι
1401 757 1444 783 τε
1465 742 1532 783 καὶ
1550 738 1731 799 τοσαύτῃ

288 801 399 846 πόλει
419 803 620 856 ξυνέβαινε
639 804 710 846 τὸν
731 805 866 860 ἀγῶνα
887 804 998 849 εἶναι.

237 883 267 917 Β
427 869 504 916 34.
564 871 755 928 ,Ἀνδρέας
777 874 820 915 δὲ
838 875 1101 928 Μουρῖσκος,
1139 873 1185 916 ὃν
1206 876 1270 917 καὶ
1287 871 1518 931 βεστιᾶριον
1532 875 1634 933 πρὸς
1648 879 1730 930 βα·-
1742 883 1785 918 10

286 938 425 989 σιλὲως
443 944 692 995 καταστῆναι
718 941 758 983 ἓν
776 949 860 991 τοῖς
876 940 1057 997 πρόσθεν
1077 940 1208 997 λόγοις
1228 943 1411 998 ἐλέγομεν
1445 942 1582 1001 (οὕτω
1605 943 1682 1000 γὰρ
1705 942 1728 986 ὅ

284 1012 358 1062 τῆς
388 1005 572 1063 δαπάνης
597 1009 772 1064 χορηγὸς
798 1017 883 1059 τοῖς
904 1011 966 1052 ε’πὶ
988 1014 1070 1053 τῶν
1092 1015 1200 1064 νηῶν
1223 1010 1512 1067 ὀνομάζεται),
1547 1010 1731 1068 ὕπαρχος

283 1080 358 1118 τοῦ
375 1081 667 1131 στρατιωτικοῦ
688 1076 813 1119 πάλαι
839 1076 1069 1133 γενόμενος,
1105 1079 1146 1120 ἓν
1167 1080 1258 1120 δυσὶ
1277 1081 1396 1121 ναυσὶ
1418 1079 1574 1137 Τενέδῳ
1597 1095 1729 1134 προσ-

283 1143 392 1198 σχών
416 1149 619 1199 καρτερῶς
640 1143 858 1200 ἐπολιόρκει
881 1145 926 1188 τὸ
950 1147 1070 1188 ε’κεΐσε
1099 1144 1308 1201 φρούριον.
1378 1147 1444 1188 καὶ
1463 1145 1543 1202 ἤδη
1560 1147 1634 1201 μὲν
1654 1140 1728 1189 οὗ-

284 1228 356 1261 τος
374 1212 556 1262 ἐπίδοξος
578 1211 632 1262 ὥς
652 1211 821 1256 ἀλιῦσων
839 1209 911 1268 ἦν,
950 1217 990 1256 Γ
987 1206 1180 1256 εννουῗται
1211 1215 1254 1256 δὲ
1279 1208 1466 1268 τυχόντες
1481 1214 1523 1256 ἐκ
1542 1211 1725 1270 παρόδου
1737 1219 1780 1255 15

235 1285 266 1319 C
290 1280 404 1335 σφίσι
425 1297 465 1322 τε
485 1282 823 1334 ἕκοινολογοῦντο,
858 1283 925 1323 καὶ
943 1281 1013 1323 τὸν
1034 1281 1194 1323 ἅπαντα
1215 1280 1334 1337 λόγον
1352 1283 1392 1324 ἓν
1410 1279 1568 1331 τούτοις
1582 1283 1724 1335 ἵστων,

284 1345 341 1396 ὥς
370 1349 403 1390 εἷ
430 1349 502 1398 μὲν
526 1356 739 1403 κατασχεῖν
757 1348 804 1391 τὸ
822 1347 1018 1405 φρούριον
1040 1350 1198 1391 θέλοιεν
1218 1350 1354 1391 αὐτῶν
1369 1348 1722 1403 μεσολαβούντων,

282 1414 441 1457 ἀκονιτί
457 1433 498 1470 γε
519 1414 718 1470 λήψαιντ’
744 1416 807 1468 ἄν,
832 1419 866 1459 εἰ
885 1418 932 1459 δέ
948 1434 990 1472 γε
1012 1422 1092 1459 τῶν
1114 1417 1226 1467 ἐντὸς
1243 1419 1284 1466 ἒς
1303 1416 1412 1459 ἅπαν
1431 1419 1722 1473 περιγενέσθαι,

282 1482 356 1524 οὐκ
387 1482 436 1523 ἂν
466 1483 662 1535 ἀναιμωτὶ
681 1484 726 1526 τὸ
747 1483 918 1527 σύνολον
944 1483 1227 1534 ἀπαλλάξειαν.
1296 1486 1363 1527 καὶ
1382 1484 1462 1541 ὅπῃ
1480 1487 1619 1542 σφίσιν
1637 1487 1725 1527 ἑπι-

278 1549 464 1606 χειρητέα
486 1550 526 1599 ἐς
546 1552 620 1605 τὴν
638 1554 782 1607 πρᾶξιν
806 1551 865 1606 εἴη
876 1584 890 1604 ,
929 1550 1260 1596 διεπυνθάνοντο.
1330 1552 1533 1610 ξυμφέρον
1551 1554 1597 1595 δὲ
1613 1550 1660 1596 τό
1679 1559 1778 1608 γε20

370 1646 404 1681 3.
428 1643 572 1691 mimis?
704 1647 737 1681 4.
759 1645 877 1691 μέλων
901 1647 942 1682 Ρ.

280 1723 390 1758 animo
403 1749 412 1767 ,
436 1730 530 1758 arcte
553 1735 591 1759 se
611 1723 753 1758 invicem
775 1725 960 1770 complexi,
981 1735 1143 1769 generoso
1166 1723 1294 1769 pariter
1316 1727 1352 1758 et
1371 1723 1553 1758 miserabili
1576 1734 1659 1758 ausu
1682 1734 1722 1759 se

281 1780 414 1815 pessum
439 1781 480 1804 ex
503 1770 571 1805 alto
594 1770 806 1809 deficientes,
830 1771 924 1816 lapsu
949 1770 1060 1804 statim
1080 1770 1214 1804 contriti
1236 1770 1458 1814 exspirarunt.
1504 1769 1592 1803 inter
1611 1770 1723 1804 adbuc

280 1815 483 1860 superstites
506 1819 658 1850 caeteros
675 1827 764 1861 -puer
786 1817 852 1850 fuit
875 1816 1002 1859 animo,
1027 1821 1066 1849 ut
1083 1827 1223 1849 cessans
1244 1816 1333 1849 solus
1355 1815 1626 1857 demonstrabat,
1658 1815 1723 1849 im-

280 1860 384 1903 belli,
418 1866 453 1895 et
476 1874 572 1907 quem
596 1866 777 1906 appareret
799 1861 995 1895 servitutem
1018 1865 1150 1907 turpem
1173 1861 1239 1894 leto
1263 1866 1396 1904 emptae
1416 1860 1586 1902 libertati,
1607 1860 1639 1894 si
1661 1872 1722 1895 co-

279 1905 338 1951 pia
361 1907 519 1950 daretur,
553 1909 724 1952 praeferre
746 1913 911 1951 paratum.
957 1907 1063 1948 hunc,
1096 1907 1183 1940 haud
1208 1911 1384 1950 parcentes
1406 1905 1475 1948 illi,
1496 1905 1623 1940 circum
1645 1906 1722 1951 plu-

279 1962 337 1985 res
367 1956 577 1997 correptum,
607 1956 775 1997 tamquam
809 1952 892 1986 mori
921 1953 1055 1987 fortiter
1086 1952 1265 1993 docentes,
1298 1952 1334 1984 in
1362 1951 1470 1995 ignem
1495 1951 1720 1993 coniecerunt,

278 2007 416 2031 servare
440 2009 477 2032 se
499 1999 589 2032 illum
613 1998 723 2043 potius
746 2009 843 2042 quam
868 1998 1030 2042 perdere,
1053 2003 1213 2043 quantum
1237 2008 1278 2030 ex
1300 1998 1394 2030 vultu
1417 1997 1468 2031 sic
1490 1997 1659 2040 agentium
1681 2007 1720 2031 se

279 2043 461 2086 prodebat,
485 2045 700 2078 arbitrantes.
748 2044 812 2077 huc
835 2044 910 2077 illos
933 2043 1080 2088 perpulit
1103 2043 1292 2087 desperatio
1316 2041 1444 2083 salutis,
1467 2042 1503 2075 in
1525 2053 1624 2087 quam
1645 2041 1721 2076 illos

281 2087 474 2122 coniecerat
495 2089 702 2134 iniquissima
725 2089 868 2123 conditio
900 2089 1110 2130 certaminis,
1145 2100 1166 2122 a
1188 2088 1302 2132 paucis
1325 2088 1554 2132 undecumque
1575 2087 1721 2120 circum-

281 2131 381 2211 clpasis
417 2134 579 2169 adversus
610 2135 742 2180 plenam
773 2135 1036 2180 populosamque
1057 2134 1142 2180 ipsis
1162 2134 1324 2167 infensam
1347 2138 1474 2168 temere
1495 2132 1644 2178 suscepti
1664 2131 1717 2166 d-

276 2187 311 2210 vi
351 2182 429 2212 tem.

370 2223 425 2258 34.
471 2224 621 2258 Andreas
643 2228 753 2259 autem
776 2225 966 2267 Muriscus,
986 2236 1084 2270 quem
1103 2223 1299 2258 vestiarium
1321 2224 1364 2258 ab
1386 2223 1590 2268 imperatore
1609 2220 1715 2255 fuisse

278 2268 492 2302 constitutum
515 2269 549 2302 in
572 2270 669 2303 libris
698 2271 928 2314 superioribus
964 2271 1106 2304 diximus
1141 2271 1219 2312 (sic
1240 2269 1326 2303 enim
1349 2269 1407 2313 qui
1427 2268 1569 2312 praebet
1589 2277 1716 2310 expen-

278 2322 334 2346 sas
356 2313 406 2346 his
429 2314 485 2358 qui
509 2319 586 2347 sunt
616 2326 718 2359 supra
744 2326 844 2349 naves
877 2316 1111 2358 nominatur),
1145 2315 1202 2360 qui
1229 2315 1374 2348 vicarius
1403 2311 1518 2346 summi
1547 2311 1715 2355 praefecti

280 2358 398 2392 classis
428 2358 493 2392 iam
530 2359 654 2403 pridem
684 2360 875 2402 extitisset,
909 2373 982 2394 cum
1012 2361 1095 2394 duas
1117 2371 1199 2405 quas
1222 2359 1381 2393 ductabat
1403 2368 1505 2390 naves
1527 2355 1714 2400 appulisset

277 2403 471 2444 Tenedum,
501 2408 574 2437 arta
605 2404 776 2438 obsidione
810 2406 952 2439 cinctam
981 2405 1116 2439 fortiter
1146 2405 1360 2448 oppugnabat
1381 2413 1488 2436 arcem
1509 2401 1578 2434 illic
1599 2402 1712 2443 sitam,

277 2448 362 2482 adeo
395 2452 434 2481 ut
465 2448 556 2481 brevi
591 2454 750 2492 capturus
780 2455 967 2493 putaretur.
1012 2462 1054 2484 ea
1087 2451 1176 2483 sorte
1209 2449 1286 2482 vice
1315 2458 1425 2480 rerum
1454 2450 1714 2490 praetereuntes

275 2493 354 2528 illac
377 2494 573 2527 Genuenses
595 2505 668 2527 cum
691 2494 918 2528 obsidentibus
940 2505 1109 2528 sermones
1132 2493 1359 2532 contulerunt,
1382 2491 1486 2525 -huius
1508 2492 1614 2525 ferme
1634 2503 1712 2526 sen-

278 2539 414 2573 tentiae.
459 2539 610 2580 aiebant,
643 2538 671 2571 si
699 2550 736 2572 se
769 2539 818 2572 uti
848 2539 1031 2583 sequestris
1055 2539 1178 2572 vellent
1199 2539 1234 2572 in
1256 2537 1432 2571 tractando
1455 2548 1529 2570 cum
1550 2537 1711 2578 obsessis,

280 2596 360 2619 arce
381 2584 470 2629 ipsos
492 2583 578 2617 citra
601 2584 745 2617 laborem
778 2594 819 2617 ac
845 2583 1020 2617 discrimen
1053 2583 1240 2627 potituros=
1270 2582 1322 2616 sin
1346 2582 1389 2616 ad
1417 2582 1451 2616 vi
1473 2582 1713 2626 expugnandos

278 2641 365 2676 quos
386 2632 616 2676 oppugnarent
638 2629 854 2662 obfirmarent
876 2629 1023 2670 animos,
1052 2628 1139 2662 haud
1162 2628 1236 2662 sine
1256 2638 1316 2661 suo
1339 2627 1373 2661 id
1396 2632 1608 2661 assecuturos
1629 2638 1712 2662 san-

279 2676 392 2721 guine.
425 2684 542 2720 'quare
564 2678 800 2718 percontantes
820 2679 898 2707 utro
920 2673 1018 2707 modo
1040 2672 1116 2707 fieri
1136 2673 1204 2706 voti
1228 2676 1398 2717 compotes
1419 2672 1570 2713 mallent,
1594 2672 1713 2706 audie·

278 2725 370 2763 runt,
394 2721 484 2767 quod
507 2730 645 2765 pronum
668 2723 754 2761 erat,
775 2719 881 2752 satius
904 2730 978 2752 esse
999 2718 1083 2763 ipsis
1107 2729 1180 2752 cum
1194 2729 1279 2763 pace
1296 2729 1336 2752 ac
1355 2718 1487 2762 placide
1501 2729 1571 2751 rern
1585 2717 1713 2751 transi-

279 2777 372 2811 gere.
420 2770 502 2800 tunc
523 2766 720 2801 Genuenses
744 2764 906 2810 colloquio
929 2775 1010 2798 cumr
1024 2763 1152 2799 insulae
1171 2763 1293 2798 incolis
1306 2763 1421 2798 habito
1435 2762 1534 2798 facile
1546 2763 1615 2798 illis
1632 2771 1712 2808 per-

1851 2861 1858 2870 ..
1850 2833 1858 2850 ;.
1839 2457 1858 2822 ‘swa-Ammhsssszm
1851 2422 1858 2436 .-
1852 2389 1858 2413 .,.
1840 2357 1858 2377 ’,.’
