1858 3126
255 186 286 233 4
295 189 354 233 10
677 187 913 232 GEORGlI
947 188 1299 235 PACHYMERIS

258 309 344 352 τοῖς
373 302 620 356 σχιζομέιόις
654 302 710 352 εἷς
739 299 1016 359 κατάγνωσιν·
1056 300 1294 361 σοφώτερον
1325 306 1370 347 δὲ
1397 312 1521 348 ποιεΐν
1551 303 1719 350 ἐδόκουν

255 373 322 413 καὶ
355 371 473 412 εἰσέτι
506 372 751 424 διευθετεΐν,
790 369 846 422 ὦς
870 371 1017 415 αὐτίκα
1039 371 1304 427 ἔκκόψοντες,
1343 375 1378 416 εἶ
1397 376 1462 416 καὶ
1487 374 1543 418 ἔτι
1561 375 1719 430 ἀντέχοι

204 449 234 483 Β
259 441 325 484 καὶ
357 439 431 494 τὴν
459 441 523 481 ἐπὶ
556 443 614 499 τῷ
637 439 876 500 Ἀθανασίῳ
900 441 958 496 μὴ
983 441 1140 495 δέχοιτο
1171 445 1329 497 πρᾶξιν.
1402 440 1486 497 ἥδ’
1509 445 1719 499 οἰκονομία

255 507 365 551 οὕτω
391 525 476 558 πως
502 503 575 563 ἦν,
613 507 869 565 πατριάρχην
896 511 971 564 μὲν
1001 509 1126 552 αὐτὸν
1153 510 1210 565 μὴ
1241 515 1483 566 λειτουργεῖν
1504 509 1631 564 ὅλως,
1662 511 1719 562 ὡς

254 577 305 620 ἂν
323 577 382 632 μὴ
403 575 824 633 συλλειτουργούντων
843 579 947 621 κατὰ
969 579 1013 621 τὸ
1035 579 1139 629 εῗκὸς
1160 578 1359 622 διακόνων
1379 578 1717 637 ὅἈλεξανδρείας
1730 590 1750 624 5

254 648 318 689 ἐπὶ
343 651 425 689 τῶν
450 643 654 700 διπτύχων
675 646 1054 703 συμμνημονεῦοιτο
1070 681 1081 700 ,
1121 649 1237 705 ἱερεῖς
1264 649 1309 691 δὲ
1335 646 1487 702 μόνους
1508 649 1605 704 ἄτερ
1627 651 1719 692 δια-

253 714 384 758 κόνων
418 715 647 771 ἱερουργεῖν.
720 718 786 758 καὶ
816 721 937 759 τοῦτο
967 715 1188 772 ἐπράττετο
1212 718 1286 771 μὲν
1308 719 1374 761 καὶ
1396 719 1438 759 ἐν
1461 716 1716 774 ἀνακτόρων,

254 782 476 839 ἐπράττετο
508 785 552 826 δὲ
582 786 648 826 καὶ
679 786 742 826 ε’πὶ
770 789 829 843 τῷ
852 786 1027 844 μεγίστῳ
1049 791 1159 844 ναῷ,
1196 788 1263 829 καὶ
1284 786 1427 836 ἄλλαις
1442 787 1518 840 μὲν
1533 785 1716 843 ἡμέραις,

251 850 430 908 μάλιστα
461 853 506 895 δὲ
533 853 770 907 δημοτελέσι
791 856 856 896 καὶ
876 853 1134 910 ἓορτασίμοις
1146 888 1158 907 ,
1196 853 1252 904 ὥς
1273 854 1347 898 κᾶν
1369 860 1419 911 τῇ
1441 859 1515 909 τῆς
1535 855 1718 911 ὄρθοδο-

199 927 228 961 C
253 923 341 973 ξιάς
361 925 646 976 κοινοπληθεΐ,
685 921 751 965 ὅτε
772 923 974 977 βασιλέως
994 922 1299 979 ἐπιδημήσαντος
1323 925 1390 967 καὶ
1414 922 1604 981 πλήθους
1626 925 1716 967 ἱκα-
1730 930 1772 963 10

251 995 325 1034 νοῦ
352 990 632 1045 συναχθέντος
657 989 678 1034 ὅ
708 992 781 1045 μὲν
815 990 1071 1048 πατριάρχης
1101 990 1321 1049 ἥπράκτει,
1362 993 1488 1049 ἱερεύς
1517 994 1562 1036 δὲ
1590 991 1716 1047 μόνος

252 1057 588 1116 ἀπερικτυπήτως
607 1058 740 1117 πάντῃ
761 1062 826 1103 καὶ
850 1059 1133 1115 ἀνηκούστως,
1164 1063 1291 1115 μηδὲν
1313 1059 1536 1104 ἐπαϊόντων
1557 1061 1625 1104 διὰ
1645 1061 1716 1105 τὸν

250 1127 462 1185 θόρυβον,
492 1128 545 1170 τὰ
566 1133 640 1183 τῆς
659 1129 887 1186 ἱερουργίας
906 1129 1156 1185 ἐξέπραττεν.
1203 1127 1398 1180 ὡσαύτως
1416 1131 1462 1172 δὲ
1481 1131 1546 1172 καὶ
1566 1131 1607 1172 ἓν
1625 1137 1716 1180 ταῖς

250 1199 492 1252 πασχαλίοις
510 1198 677 1254 ἐγένετο.
720 1197 892 1254 ὕστερον
911 1197 953 1240 δ’
983 1200 1155 1248 ἐσαῦθις
1176 1198 1280 1241 κατὰ
1301 1198 1376 1253 τὴν
1394 1196 1558 1253 μνήμην
1579 1202 1652 1241 τοῦ
1672 1199 1714 1240 ἓν

249 1265 432 1324 μάρτυσι
451 1271 699 1324 περιφανοῦς
717 1271 757 1310 Γ
754 1268 920 1321 εωργίου
943 1265 1182 1310 ἐκκόπτουσι
1202 1269 1268 1309 καὶ
1289 1265 1551 1322 μνημόσυνον
1564 1299 1577 1319 ,
1608 1266 1713 1309 κατὰ
1727 1273 1768 1308 15

248 1336 321 1379 τὸν
345 1337 387 1379 ἔν
411 1343 495 1387 τοῖς
510 1333 732 1392 μαγγάνοις
752 1336 852 1380 νεὼν
871 1335 1250 1394 λειτουργήσαντες,
1289 1336 1336 1387 ὃς
1355 1335 1508 1379 ἀνεῖται
1525 1340 1584 1396 τῷ
1603 1332 1713 1394 μάρ-

244 1423 350 1463 τυρα

194 1482 227 1516 D
390 1476 469 1520 21.
506 1493 509 1496 ⁴
541 1474 710 1526 Ηῦξανε
738 1474 779 1518 δ’
809 1473 1006 1532 ὁσημέραι
1027 1476 1094 1518 καὶ
1114 1470 1242 1526 αὖθις
1262 1475 1309 1518 τὸ
1330 1474 1412 1518 ἀπὸ
1433 1479 1515 1518 τῶν
1536 1477 1713 1531 Περσῶν

248 1540 394 1595 δεινόν,
428 1542 531 1586 ὥστ’
553 1543 869 1586 ἀποκεκλεῖσθαι
890 1549 1102 1598 πανταχοῦ
1122 1544 1196 1594 τὰς
1213 1548 1287 1599 τῆς
1306 1545 1512 1599 σωτηρίας
1531 1544 1711 1592 ἐλπίδας.

245 1614 290 1655 τί
311 1611 389 1668 γὰρ
413 1615 495 1654 τῶν
516 1613 722 1667 δυσχερῶν
751 1611 887 1666 ἀπῆν,·
921 1614 986 1654 καὶ
1012 1614 1063 1655 ἐῶ
1082 1613 1135 1654 τὰ
1156 1610 1332 1669 μακράν.
1405 1611 1512 1654 ἀλλὰ
1532 1611 1585 1654 τὰ
1605 1610 1710 1653 κατὰ
1722 1620 1767 1654 ⁴20

245 1679 386 1738 θύραν
407 1684 540 1723 ταῦτα
558 1682 624 1722 καὶ
645 1684 718 1735 τῆς
736 1682 949 1735 βασιλίδος
970 1678 1187 1737 προαύλια.
1259 1679 1311 1723 τὰ
1330 1679 1372 1723 δ’
1399 1675 1450 1735 ἦν
1468 1678 1595 1729 εὐθὺς
1613 1679 1712 1735 νηὸς

246 1790 403 1834 abigeret
432 1793 469 1824 et
500 1789 577 1824 novi
605 1788 775 1834 quidpiam
802 1789 1002 1824 incommodi
1026 1801 1068 1823 ex
1091 1790 1183 1824 facto
1207 1789 1348 1835 ancipiti
1371 1790 1589 1832 nasceretur,
1622 1787 1711 1822 unde

244 1848 362 1872 ansam
387 1836 494 1871 avulsi
518 1836 627 1870 adhuc
650 1835 708 1869 alii
731 1847 867 1869 suarum
890 1837 1155 1870 roborandarum
1186 1836 1332 1881 partium
1354 1838 1542 1876 sumerent,
1577 1835 1709 1868 eonsul-

246 1883 314 1917 tius
337 1887 418 1917 tunc
442 1882 575 1927 quidem
599 1881 706 1915 visum
729 1885 991 1926 temperamento
1015 1882 1158 1926 quodam
1182 1882 1232 1916 uti
1254 1881 1464 1924 huiusmodi,
1497 1892 1564 1926 quo
1589 1885 1626 1914 et
1648 1891 1710 1925 pe-

244 1929 386 1963 riculum
412 1928 484 1962 eius
508 1927 710 1972 ignominiae
733 1927 781 1961 sic
805 1928 1032 1962 Alexandrino
1055 1928 1293 1970 intentaretur,
1317 1933 1356 1962 ut
1378 1939 1417 1962 re
1439 1931 1554 1961 tamen
1574 1925 1712 1971 integra

246 1986 315 2009 uon
347 1975 584 2009 excluderetur
614 1973 703 2007 idem
732 1974 828 2007 aditu
859 1974 1134 2020 resipiscentiae,
1169 1986 1233 2008 nec
1258 1978 1372 2008 tamen
1402 1973 1478 2008 alea
1499 1971 1579 2006 novi
1599 1972 1712 2007 damni

247 2020 430 2055 iaceretur.
478 2021 702 2054 decreverunt
735 2020 896 2066 deinceps
926 2020 1092 2054 sole'mnes
1123 2032 1145 2054 a
1171 2020 1366 2065 patriarcha
1393 2018 1614 2054 celebrandas
1635 2018 1711 2063 ipso

246 2065 405 2110 liturgias
428 2066 605 2108 omittere,
639 2065 675 2100 in
698 2066 820 2112 quibus
845 2067 1006 2101 videlicet
1027 2066 1168 2100 recitari
1192 2078 1213 2100 a
1235 2065 1387 2100 diaconis
1409 2065 1540 2099 nomina
1561 2063 1712 2110 patriar-

250 2112 387 2145 charum
414 2113 693 2154 orthodoxorum,
718 2118 836 2146 cuncto
860 2112 1018 2146 audiente
1040 2112 1183 2158 populo,
1206 2123 1345 2146 necesse
1366 2113 1476 2155 foret,
1497 2110 1574 2144 vice
1597 2115 1710 2144 autem

249 2168 365 2191 earum
388 2170 484 2193 sacro
509 2158 649 2203 defungi
673 2170 734 2203 per
757 2158 924 2204 privatum
947 2158 1104 2192 faciendo
1129 2159 1360 2200 sacerdotem,
1395 2157 1470 2192 sine
1491 2157 1709 2191 diaconorum

248 2203 445 2238 ministerio.
493 2205 557 2238 hoc
577 2206 626 2238 ita
648 2204 799 2238 factitari
821 2205 942 2239 exinde
966 2205 1079 2249 coepit
1098 2204 1132 2238 in
1156 2204 1242 2238 aede
1263 2215 1362 2238 sacra
1385 2202 1516 2249 palatii,
1540 2202 1604 2235 boc
1619 2200 1706 2234 idem

246 2248 282 2282 in
305 2250 428 2294 templo
451 2250 615 2292 maximo,
648 2262 714 2284 uon
738 2251 901 2295 profestis
931 2251 1037 2285 solum
1071 2250 1207 2291 diebus,
1240 2250 1300 2284 sed
1323 2254 1359 2284 et
1380 2249 1414 2282 in
1440 2245 1708 2282 solemnitatibus

246 2294 350 2329 etiam
382 2296 497 2340 populi
527 2307 692 2330 concursu
719 2297 919 2331 celebribus.
966 2297 1080 2341 itaque
1111 2297 1166 2330 die
1190 2296 1267 2340 ipsa
1296 2293 1536 2333 orthodoxiae,
1573 2303 1646 2325 cum
1671 2295 1707 2325 et

246 2340 290 2374 de
314 2352 405 2375 more
427 2341 613 2386 imperator
636 2342 670 2375 in
693 2343 849 2387 templum
874 2343 1068 2376 advenisset
1091 2347 1127 2376 et
1148 2342 1271 2376 densus
1293 2341 1430 2375 adesset
1452 2338 1611 2383 populus,
1642 2348 1706 2382 pa-

245 2385 398 2420 triarcha
420 2398 485 2420 non
510 2387 716 2432 comparuit,
738 2388 898 2422 sacerdos
917 2392 1029 2422 autem
1052 2387 1192 2432 simplex
1214 2387 1302 2420 citra
1323 2395 1480 2430 pompam
1503 2388 1539 2417 et
1559 2388 1707 2424 cantum,

248 2432 398 2473 nemine,
431 2433 631 2477 praesertim
655 2433 690 2466 in
712 2434 834 2466 turbae
857 2445 999 2477 magnae
1021 2433 1184 2476 strepitu,
1216 2431 1418 2466 exaudiente
1439 2428 1521 2474 quid
1549 2429 1705 2463 mussita-

246 2483 301 2512 ret
333 2483 444 2521 mysta
476 2478 670 2517 celebrans,
701 2490 799 2512 sacro
829 2485 1011 2523 utcumque
1042 2478 1221 2512 defunctus
1249 2476 1363 2510 officio
1386 2480 1451 2509 est.
1496 2474 1649 2509 similiter
1671 2480 1708 2508 et

246 2525 282 2558 in
306 2524 404 2558 festis
428 2528 539 2558 actum
566 2523 794 2557 Paschalibus.
830 2524 1014 2568 eademque
1035 2528 1110 2557 arte
1132 2524 1166 2556 in
1187 2522 1324 2556 solemni
1348 2532 1484 2566 quoque
1504 2521 1605 2565 paulo
1629 2526 1707 2565 post

247 2571 421 2604 celebrata
449 2569 559 2603 sancti
588 2569 747 2612 martyris
774 2569 915 2614 Georgii
945 2569 1100 2602 memoria
1129 2567 1313 2602 necessitas
1335 2566 1529 2600 nominandi
1551 2566 1662 2611 palam
1686 2579 1706 2599 e

247 2615 419 2661 diptychis
443 2614 660 2649 Alexandrini
682 2614 858 2648 lucrifacta
882 2618 951 2655 est,
985 2614 1123 2658 liturgia
1144 2613 1178 2646 in
1201 2614 1326 2657 templo
1351 2612 1615 2658 Manganorum,
1646 2611 1705 2646 ubi

247 2667 366 2697 sancto
388 2661 447 2696 isti
470 2661 574 2695 honos
598 2671 726 2694 annuus
750 2661 913 2703 babetur,
946 2659 1113 2693 submisse
1134 2665 1285 2704 peracta.

338 2710 395 2743 21.
444 2707 634 2742 Crescebat
654 2706 745 2740 inter
767 2706 852 2740 haec
874 2705 1049 2750 magisque
1071 2716 1112 2739 ac
1135 2704 1243 2749 magis
1265 2704 1300 2738 in
1331 2704 1404 2738 dies
1430 2704 1660 2738 invalescebat
1683 2715 1704 2738 a

247 2754 364 2789 Persis
386 2754 530 2796 malum,
551 2752 636 2787 adeo
659 2758 698 2786 ut
721 2751 826 2786 omnis
848 2751 1071 2796 undecunque
1094 2751 1210 2785 salutis
1233 2761 1312 2796 spes
1338 2751 1589 2784 excluderetur:
1622 2749 1703 2794 quid

246 2800 335 2834 enim
359 2800 566 2835 miseriarum
590 2799 734 2833 aberat?
764 2797 860 2832 mitto
883 2797 1075 2842 longinqua.
1120 2796 1291 2831 videamus
1313 2807 1402 2842 quae
1423 2796 1457 2830 in
1479 2796 1589 2842 portis
1609 2795 1705 2829 urbis

248 2847 474 2892 gerebantur,
508 2846 544 2881 in
573 2845 648 2891 ipso
673 2843 856 2891 imperialis
877 2843 994 2889 regiae
1016 2842 1195 2880 vestibulo.
1241 2843 1320 2878 navi
1344 2847 1379 2878 te
1405 2842 1476 2878 illic
1499 2841 1706 2877 exscenden-
