1858 3126
631 144 734 186 Llss.
764 143 817 199 11,
861 196 864 198 ,
884 143 1090 191 NOTAE.
1476 147 1573 192 743

134 255 360 296 dubitabilis
393 254 592 294 fidelitatis
625 254 837 293 auctoritas
869 254 1099 294 adhaeserit.
1167 267 1216 293 ex
1247 267 1292 292 eo
1313 254 1428 306 quod
1453 256 1572 307 paulo

129 319 223 365 post
238 312 421 351 hocloco
448 318 684 349 memoratur
703 311 739 350 ei
772 311 881 362 operi
900 317 1049 348 attexta
1067 311 1366 362 exceptiuncula
1387 310 1573 360 Comneni

132 369 339 408 Manuelie
356 368 542 418 Augusti
563 367 829 404 submoneatis
851 366 1055 418 quippiam
1075 367 1124 405 ad
1149 366 1382 405 sententiam
1402 366 1456 404 ibi
1471 368 1572 406 reci-

131 432 252 464 tatam
271 426 310 462 S.
330 423 489 462 Ioannis
507 423 730 460 Damasceni
749 422 959 474 pertinens,
989 422 1124 461 oborta
1143 422 1242 460 mihi
1257 423 1427 474 suspicio
1446 437 1571 474 quae-

132 481 223 519 dam
242 485 325 529 est,
353 492 470 530 quam
491 491 577 515 meo
595 479 769 529 periculo
793 478 860 516 hic
877 491 1070 530 exponam
1090 478 1246 516 iudiciis
1263 479 1454 517 lectorum
1473 492 1570 518 eru-

132 537 316 574 ditorum.
373 534 466 585 quid
483 533 516 571 si
534 534 724 572 manuelis
742 534 928 571 Comneni
949 534 1057 572 iussu
1088 535 1337 586 compilatam
1356 541 1394 572 et
1412 535 1570 574 nomine

132 592 277 630 editam
301 597 546 628 autumemus
563 590 795 640 farraginem
814 589 929 627 istam
960 591 1241 628 sententiarum
1260 596 1442 641 patrum,
1471 604 1571 642 quae

130 661 205 699 pro
225 645 523 685 armamentario
545 659 626 683 esse
652 652 781 696 posset
805 645 1008 683 catholicis
1034 645 1226 696 theologis
1244 646 1293 684 ad
1311 645 1573 685 heterodoxos

126 701 420 754 impugnandos
434 702 454 738 ‘2
484 715 575 738 sane
595 701 684 739 talia
717 701 880 740 curandi
900 702 1050 739 avitum
1073 701 1294 753 exemplum
1314 701 1472 740 Manuel
1496 701 1571 741 ha—

127 758 238 809 huit,
265 771 387 809 nepos
407 757 541 808 utique
558 757 802 808 imperatoris
818 756 947 797 Alexii
966 758 1167 807 comneni,
1197 770 1310 808 quem
1330 757 1454 808 ipsius
1472 757 1568 808 filia,

128 814 325 852 Manu‘eIis
356 813 474 850 amita
500 813 612 850 Anna
638 819 828 850 memorat
861 813 1059 851 Alexiadis
1087 814 1115 852 l.
1134 813 1186 855 15
1217 827 1256 864 p.
1285 812 1368 853 490
1392 813 1453 851 ed.
1475 814 1569 864 Reg.

129 883 284 908 curasse
303 882 402 920 opus
424 868 607 919 componi
627 874 665 905 et
682 868 746 906 edi
764 869 983 918 argumenti
1006 875 1123 920 atque
1149 881 1240 907 usus
1270 882 1351 907 non
1371 868 1570 908 absimilis.

127 939 210 971 non
231 925 307 963 erit
331 925 397 963 abs
423 937 467 963 re
494 923 613 962 verba
637 923 703 961 hic
738 924 871 962 Annae
896 938 1042 976 ponere
1067 925 1175 962 iuxta
1207 924 1572 975 interpretationem

126 986 317 1019 nostram.
371 980 439 1018 ubi
461 980 539 1029 egit
555 980 640 1017 fuse
655 980 704 1017 de
720 980 865 1018 Basilio
890 981 1058 1031 quodam
1079 986 1235 1018 auctore
1262 979 1432 1018 haeresis
1452 994 1571 1031 quam

129 1042 249 1076 vocat
277 1035 591 1091 Bogomilorum,
621 1049 789 1086 quorum
813 1035 995 1086 dogmata
1023 1043 1062 1074 et
1086 1036 1259 1074 facinora
1282 1036 1331 1073 ob
1348 1035 1569 1087 turpitudi-

127 1105 218 1131 nem
246 1092 394 1130 reserre
419 1104 459 1129 se
494 1091 639 1128 audere
669 1098 803 1142 negat,
843 1105 1052 1129 memorem
1079 1091 1335 1130 verecundiae
1365 1091 1571 1130 mulierem

130 1160 293 1198 eamque
306 1147 525 1199 principem
545 1146 717 1184 decentis
730 1176 742 1196 ‚
775 1147 831 1185 sic
853 1147 1042 1185 continuo
1062 1147 1292 1198 subiungit:
1322 1161 1425 1198 quae
1444 1148 1481 1183 si
1501 1149 1571 1187 cui

127 1218 244 1244 nosse
257 1205 364 1240 tanti
376 1210 445 1251 est,
464 1203 661 1239 consulere
675 1204 712 1239 is
725 1204 872 1253 poterit
892 1203 1038 1242 librum
1050 1205 1124 1254 qui
1137 1202 1371 1243 inscribitur
1384 1205 1569 1254 Dogma-

128 1261 213 1298 tica
235 1260 437 1309 Panoplia
447 1288 458 1306 ‚
487 1259 605 1294 iussu
629 1260 705 1295 mei
718 1260 856 1309 patris
875 1261 1067 1310 scriptum
1086 1266 1206 1309 atque
1226 1257 1388 1296 editum.
1427 1266 1569 1296 auctor

128 1318 216 1353 eius
234 1321 291 1352 est
304 1314 525 1352 monachus
543 1315 579 1351 Z
569 1313 782 1364 ygadenus
802 1316 967 1360 nomine,
987 1322 1107 1351 notus
1125 1313 1311 1351 dominae
1328 1328 1436 1353 meae
1450 1316 1570 1363 aviae

128 1378 348 1420 maternae,
386 1378 421 1407 et
444 1369 627 1407 omnibus
655 1369 725 1407 deo
757 1371 885 1406 sacris
917 1369 1172 1418 hominibus,
1219 1368 1491 1418 sacerdotibus
1518 1383 1568 1408 ac

123 1426 636 1478 pontificibus-familiaris.
691 1425 799 1462 hunc
817 1439 1018 1462 summum
1037 1427 1350 1477 grammaticum
1366 1424 1568 1475 eumdem-

125 1497 205 1534 que
229 1482 420 1518 rhetorem
460 1495 538 1518 non
569 1482 889 1529 inexercitatum,
928 1481 1149 1533 theologiae
1181 1495 1271 1519 vero
1306 1487 1343 1517 et
1375 1480 1567 1519 catholici

125 1537 334 1588 dogmatis
355 1551 457 1588 prae
487 1537 669 1574 omnibus
705 1539 1035 1586 scientissimum,
1072 1537 1289 1587 Augustus
1311 1543 1428 1586 pater
1456 1550 1566 1574 meus·

127 1593 187 1633 ad
216 1607 257 1630 se
282 1595 519 1630 accersitum
542 1594 661 1629 iussit
687 1591 861 1644 digerere
886 1591 1024 1630 ordine
1052 1595 1095 1631 in
1121 1606 1221 1643 opus·
1250 1606 1376 1637 unum
1402 1599 1566 1638 cunctas:

125 1650 327 1695 haereses,
356 1656 391 1686 et
411 1650 626 1701 unicuique
655 1649 804 1686 relatae
827 1649 1070 1700 singillatim
1096 1662 1285 1699 opponere
1301 1649 1566 1696 refutationes

126 1712 358 1743 sanctorum
374 1712 567 1756 patrum,
602 1712 698 1754 post
735 1718 866 1742 omnes
898 1703 1067 1755 denique
1101 1704 1340 1754 subiungere
1376 1703 1564 1740 ultimam

126 1761 234 1799 hanc
245 1761 554 1811 ,Bogomilorum
571 1760 764 1798 haeresim
788 1762 945 1811 eiusque
963 1759 1178 1811 dogmata,
1205 1765 1332 1810 prout
1349 1771 1395 1794 ea
1415 1759 1564 1808 impius·

128 1817 198 1853 ille
213 1817 402 1854 Basilius·
417 1823 660 1866 exposuerat.
717 1830 762 1853 ex
776 1816 851 1853 hoc
865 1816 1002 1853 Alexii
1019 1813 1213 1852 mandato
1238 1815 1366 1852 extitit
1382 1815 1483 1862 opus·
1502 1814 1563 1861 ln<

124 1884 224 1922 gens
236 1872 376 1920 plures·
406 1872 448 1908 in
472 1871 594 1908 libros
614 1871 834 1921 tributum,
872 1873 939 1908 cui
951 1869 1145 1920 hodieque
1168 1870 1353 1908 universo
1375 1866 1564 1904 adhaeret

129 1926 391 1964 nomenclatio
422 1926 473 1962 ab
498 1927 731 1976 imperatore
748 1929 929 1976 primum
956 1927 1178 1976 excogitata
1198 1931 1316 1975 atque
1333 1921 1469 1960 indita
1485 1923 1564 1960 illa

130 1995 253 2033 quam
272 1980 447 2018 diximus
473 1981 698 2030 Panopliae
722 1983 1002 2032 Dogmuticae.
1055 1979 1244 2016 hactenus
1263 1978 1393 2027 Anna3
1422 1991 1471 2016 ex
1489 1991 1563 2025 ‹zu-„-

129 2038 189 2075 ius
221 2036 351 2076 verbis
375 2036 463 2087 quis
487 2036 660 2086 prudens
686 2049 771 2073 non
798 2041 980 2086 agnoscat
996 2034 1104 2072 haud
1125 2033 1374 2072 abhorruisse
1406 2047 1429 2072 a
1448 2034 1560 2084 genio

130 2093 270 2130 domus
295 2092 531 2139 Comnenae‚
561 2097 629 2128 aut
650 2091 696 2128 ab
715 2090 848 2129 indole
864 2090 1052 2142 peculiari
1065 2089 1256 2127 manuelis
1275 2102 1467 2127 summam
1486 2089 1560 2127 sibi
1582 2089 1612 2124 P
1635 2090 1700 2134 531

129 2161 275 2199 ponere
294 2147 400 2185 soliti
418 2146 460 2184 in
477 2146 695 2184 imitatione
713 2146 926 2184 facinorum
945 2145 1069 2183 omnis
1088 2145 1238 2195 generis
1252 2144 1498 2183 laudatorum
1519 2145 1563 2191 iu

130 2217 204 2242 avo
226 2216 298 2240 suo
319 2202 457 2240 Alexio
480 2203 675 2251 August0,
705 2201 936 2239 descendere
961 2201 1002 2240 in
1029 2213 1163 2241 curam
1192 2200 1453 2241 concinnandi
1468 2201 1560 2244 talis

131 2258 397 2297 commentarii
422 2264 460 2294 et
486 2270 556 2294 suo
591 2257 739 2294 nomini
766 2257 848 2294 eius
877 2255 1088 2294 editionem
1119 2255 1351 2307 imputandi.
1412 2257 1455 2294 in
1480 2270 1558 2307 quo

133 2315 234 2352 forte
250 2328 330 2352 non
353 2326 491 2365 parum
510 2312 569 2350 illi
590 2312 782 2363 profuerit
797 2312 907 2364 prior
926 2311 993 2348 illa
1004 2311 1203 2362 ,Zygadeni
1222 2311 1384 2363 scriptio
1398 2341 1411 2362 ‚
1440 2325 1558 2363 quam

131 2371 291 2408 resectis
303 2375 456 2407 tantum
472 2368 799 2419 descriptionibus
816 2366 1036 2406 haeresium
1056 2372 1094 2404 et
1110 2366 1400 2406 recitationibus
1418 2368 1559 2406 absur-

133 2425 271 2463 darum
299 2424 578 2472 assertionum,
617 2423 760 2474 quibus
795 2423 886 2460 illae
914 2422 1162 2468 constabant,
1209 2428 1295 2468 tum
1321 2423 1557 2463 testimoniis

135 2486 293 2530 patrum
312 2495 336 2517 a
354 2479 562 2531 Zygadeno
583 2479 772 2530 congestis
796 2478 838 2516 in
867 2478 1042 2522 ordinem
1061 2477 1306 2517 commodum
1327 2479 1557 2526 distributis,

132 2535 389 2584 breviaverit,
429 2541 467 2572 et
490 2534 640 2587 proprii
671 2534 839 2572 nominis
866 2533 1095 2571 auctoritate
1128 2533 1318 2577 munitum
1343 2533 1559 2584 vulgaverit

133 2603 238 2629 novo
258 2590 375 2631 titulo
396 2591 503 2641 ἱερᾶς
523 2586 754 2641 ὁπλοθήκης
773 2593 880 2627 sacri
895 2590 1206 2630 armamentarii.

242 2658 282 2683 ν.
303 2649 370 2687 12.
424 2647 487 2682 ait
505 2648 695 2686 nimirum
712 2644 814 2688 idem
844 2647 1028 2684 Sanctus,
1077 2657 1127 2681 ex
1147 2643 1208 2682 his
1226 2642 1449 2686 Damasceni
1469 2655 1555 2685 ver?

134 2699 213 2744 bis,
240 2713 337 2749 quae
354 2701 538 2750 leguntur
552 2701 745 2752 hodieque
765 2702 872 2754 apud
891 2702 1002 2739 illum
1027 2699 1052 2736 l.
1077 2702 1096 2739 1
1120 2699 1168 2736 de
1189 2699 1305 2748 Fide,
1334 2698 1481 2749 capite,
1509 2704 1556 2736 ut

134 2751 290 2804 quidam
312 2756 456 2806 citant,
487 2760 539 2800 12
562 2755 658 2810 (ego
684 2757 726 2796 in
749 2761 798 2800 11
821 2757 979 2810 reperio
1002 2753 1065 2794 ed.
1086 2755 1312 2799 Basileensis
1331 2753 1424 2797 anni
1449 2753 1554 2802 1575
