1858 3126
273 181 370 245 5⁴38
689 197 925 242 omnen
955 193 1305 247 memmius

272 309 463 370 φρερίους
495 308 622 361 ἀξίοις
651 307 930 366 ἀποτιμῆμασι
957 310 1196 368 θεραπεύειν
1223 313 1385 371 ᾑρεῖτο,
1421 315 1496 360 κᾶν
1521 317 1639 361 avito}
1668 319 1717 362 τὸ

273 377 471 435 παράπαν
501 377 825 434 ἀποστυγοῦντες
853 385 927 423 τοῦ
956 381 1014 435 μὴ
1041 383 1302 435 μεταπίπτειν
1335 390 1520 439 προεῖντο
1549 387 1615 428 καὶ
1644 387 1719 442 τὴν

275 445 393 501 ζωήν.
464 446 569 501 πλὴν
596 447 638 489 δ’
667 447 740 502 οὐχ
762 445 844 490 οἷοί
862 448 908 490 τ’
937 448 1048 499 ὄντες
1070 450 1172 506 πρὸς
1201 451 1415 504 βασιλικὰς
1435 451 1611 506 ἀντέχειν
1626 456 1719 497 δια-

273 513 424 571 ταγάς,
462 515 566 571 πρὸς
580 513 706 568 μόνον
726 516 773 559 τὸ
807 516 974 570 εὐλαβές
994 520 1082 571 περὶ
1110 519 1163 561 τὰ
1183 523 1279 561 θεῖα
1299 525 1372 563 τοῦ
1389 518 1721 575 προστάσσοντος

221 589 254 623 D
278 581 487 639 ἀφεώρων.
557 585 623 626 καὶ
647 584 733 638 ἱερὰ
750 584 824 639 μὲν
846 585 973 628 ε’κεΐνα
991 587 1058 628 καὶ
1086 591 1223 630 πᾶσαν
1242 587 1315 643 τὴν
1333 588 1471 632 αὐτῶν
1488 587 1754 643 {tomacla-vs

274 649 531 706 ἀμετάθετον
563 650 760 704 εἶακότες,
805 652 922 695 οὐδὲν
951 649 1074 708 ἧττον
1106 658 1173 697 καὶ
1205 658 1296 712 περὶ
1321 660 1404 699 τῶν
1429 660 1582 700 λοιπῶν
1614 658 1724 701 οὕτω

273 719 528 774 διατεθέντες
546 717 601 768 ὥς
618 722 746 774 μηδὲν
766 722 919 764 ε’κεΐθεν
940 727 1023 764 τῶν
1037 727 1111 765 τοῦ
1131 728 1231 766 ναοῦ
1253 729 1512 777 μεταθεῖναι,
1548 725 1724 780 ἠμέλουν

275 787 332 838 ὡς
362 788 420 841 μὴ
450 787 500 830 ἂν
527 790 876 843 μεταθησομένων
886 821 899 842 ,
949 789 1005 840 ὥς
1026 808 1068 846 γε
1096 797 1207 849 σφᾶς
1233 791 1406 838 οἴεσθαι.
1473 794 1556 836 ἐπεὶ
1585 795 1630 836 δὲ
1657 795 1726 837 καὶ

276 852 403 905 αὗθις
433 854 453 898 ὅ
485 861 646 911 κρατῶν
672 857 886 912 ἠνωχλεῖτο
915 860 980 900 καὶ
1008 858 1287 916 ἀπαραίτητον
1317 857 1493 904 κατενόει
1514 861 1588 915 τὴν
1613 863 1724 915 βίαν,

276 924 444 979 πέμψας
468 929 526 982 τῷ
556 930 639 966 τῶν
661 928 852 968 Πισαίων
885 925 1041 984 ἔξάρχῳ
1072 927 1320 981 προστάσσει
1348 930 1392 972 ἐκ
1423 927 1611 985 γειτόνων
1641 929 1726 973 ὄντι
1738 938 1781 973 10

277 990 656 1048 συμπαραλαβόντα
677 994 774 1043 τούς
792 995 833 1036 ἓν
861 999 919 1053 τῷ
943 995 1051 1038 καθ’
1089 997 1198 1051 ἱεροῦ
1216 1002 1292 1039 τοῦ
1310 995 1542 1040 ἀποστόλου
1562 999 1726 1054 Πέτρου

137 1062 170 1097 Ρ
197 1060 265 1098 374
289 1062 402 1117 ἱερεῖς
424 1063 634 1116 ἐπιστῆναι
661 1066 719 1120 τῷ
747 1060 883 1120 τόπῳ,
926 1065 996 1105 καί
1022 1081 1064 1119 γε
1083 1065 1180 1114 τούς
1199 1066 1272 1118 μὲν
1294 1067 1383 1120 περὶ
1403 1065 1530 1108 αὐτὸν
1549 1067 1591 1108 ἓν
1614 1066 1728 1117 ἄξιο-

280 1132 440 1179 πίστοις
459 1128 658 1184 τετάχθαι
676 1128 877 1185 μάρτυσιν
905 1130 960 1180 ὥς
981 1131 1033 1174 θ’
1063 1131 1216 1188 εὕροιεν
1236 1135 1301 1175 καὶ
1325 1132 1352 1175 ἃ
1371 1138 1586 1186 μεταθεῒεν
1596 1166 1610 1186 ,
1646 1152 1730 1189 μη-

282 1198 396 1248 δενὸς
413 1198 461 1240 τὸ
483 1196 678 1253 παράπαν
701 1199 1011 1251 ἐσκυλευμένου,
1046 1201 1144 1250 τούς
1164 1201 1209 1243 δ’
1239 1201 1354 1255 ἱερεῖς
1373 1200 1556 1254 εὐλαβῶς
1573 1201 1730 1244 ἀναλα-

281 1265 433 1321 βόντας
452 1266 566 1309 τάκεῖ
582 1269 739 1319 κείμενα
761 1269 802 1310 ἓν
819 1271 877 1325 τῷ
896 1272 971 1311 τοῦ
993 1270 1218 1324 κορυφαίου
1237 1274 1319 1312 τῶν
1341 1267 1581 1312 ἀποστόλων
1603 1287 1730 1321 μετα·
1741 1274 1784 1311 15

283 1341 418 1378 θεῖναι
437 1339 537 1393 ναῷ.
607 1333 662 1385 ὡς
683 1337 726 1378 δὲ
742 1336 874 1391 γέγονε
906 1340 1039 1378 ταῦτα
1069 1339 1136 1379 καὶ
1162 1335 1351 1392 ἐπράχθη
1371 1335 1398 1392 ἦ
1415 1341 1498 1380 τῶν
1525 1337 1642 1394 ἱερῶν
1663 1339 1732 1380 καὶ

282 1408 364 1447 τῶν
383 1403 516 1447 ἄλλων
535 1402 777 1458 μετάθεσις,
815 1403 854 1447 οἱ
885 1404 1041 1462 φρέριοι
1060 1405 1187 1461 μηδὲν
1215 1404 1371 1461 ἔχοντες
1391 1403 1413 1450 ὅ
1433 1421 1474 1449 τι
1491 1412 1577 1457 τοϊς
1593 1405 1732 1457 ἄλλοις

375 1515 408 1548 1.
432 1510 499 1555 δ’]
525 1510 592 1557 μὲν
615 1512 654 1546 Ρ.

283 1607 440 1650 paratum
463 1604 703 1648 profiter-etun
727 1603 815 1649 quod
839 1603 974 1648 quidem
997 1604 1062 1649 ipsi
1087 1608 1306 1645 recusarunt,
1338 1605 1427 1640 nulla
1449 1616 1487 1639 se
1509 1603 1630 1639 adduci
1653 1614 1734 1638 con-

283 1650 412 1684 ditione
434 1661 535 1694 posse
569 1660 652 1693 prae
682 1660 720 1683 se
751 1651 900 1683 serentes
923 1650 965 1684 ad
990 1651 1173 1684 cessionem
1198 1650 1312 1695 templi
1345 1650 1497 1695 proprii,
1518 1661 1584 1695 quo
1608 1649 1650 1683 ad
1673 1660 1736 1683 cx-

281 1702 428 1729 tremum
454 1695 661 1729 defendendo
685 1695 790 1728 vitam
820 1696 920 1728 etiam
948 1707 1013 1728 non
1035 1696 1232 1730 dubitarent
1259 1696 1465 1740 impendere.
1509 1706 1551 1729 ac
1575 1694 1737 1729 videbant

282 1741 332 1775 illi
355 1741 488 1786 quidem
518 1740 618 1775 facile
650 1740 739 1774 haud
770 1751 904 1774 suarum
927 1752 1003 1774 esse
1030 1741 1148 1775 virium
1181 1741 1349 1775 mandatis
1370 1741 1580 1786 imperatoris
1609 1740 1736 1782 obniti,

284 1787 502 1821 confidebant
535 1791 646 1820 tamen
678 1797 719 1819 ex
753 1798 794 1820 ea
817 1797 917 1830 quam
948 1786 1111 1821 celebrari
1148 1787 1324 1820 audierant
1354 1786 1538 1820 Andronici
1567 1797 1649 1830 erga
1678 1797 1735 1820 res

283 1844 403 1868 sacras
424 1833 637 1874 reverentia,
661 1843 869 1876 nequaquam
891 1832 983 1865 illum
1008 1843 1048 1865 eo
1071 1843 1177 1877 usque
1199 1832 1383 1874 ruiturum,
1413 1838 1453 1867 ut
1474 1843 1573 1866 mann
1596 1831 1673 1876 rapi
1694 1843 1736 1865 ac

287 1878 443 1924 dispergi
466 1878 600 1912 iuberet
623 1889 752 1912 sacram
775 1877 888 1921 templi
912 1877 1096 1912 Christiani
1127 1878 1377 1922 supellectilem.
1422 1889 1527 1923 quare
1547 1877 1616 1922 ipsi
1639 1887 1738 1911 recu-

289 1930 426 1967 santes,
453 1929 554 1968 prout
574 1924 793 1963 iubebantur,
817 1934 872 1956 res
894 1934 973 1958 suas
996 1923 1062 1957 alio
1084 1925 1282 1966 transferre,
1307 1924 1372 1957 sibi
1394 1923 1606 1968 spondebant
1630 1923 1739 1956 nemi-

286 1981 365 2005 nem
398 1970 497 2004 alium
530 1969 613 2015 ipsis
636 1980 695 2004 eas
726 1969 842 2003 invitis
864 1969 936 2003 loco
965 1972 1151 2012 moturum,
1184 1972 1336 2013 Augusto
1359 1969 1393 2002 id
1415 1969 1546 2003 scilicet
1567 1968 1741 2012 praescri-

289 2016 374 2051 bere
397 2027 463 2050 non
486 2027 621 2050 ausuro.
667 2020 803 2060 tamque
825 2026 944 2049 secure
964 2014 1209 2049 indormiebant
1238 2015 1297 2049 tali
1319 2015 1486 2056 fiduciae,
1519 2015 1611 2048 vasis
1630 2013 1740 2048 sacris

289 2073 335 2095 ac
356 2062 507 2095 vestibus
531 2061 640 2106 palam
674 2060 708 2095 in
738 2061 917 2106 propatulo
947 2061 1076 2094 relictis
1107 2061 1315 2103 assidentes,
1346 2067 1386 2094 ut
1410 2060 1494 2095 nihil
1514 2059 1620 2094 minus
1639 2070 1740 2104 quan

289 2106 358 2140 vim
392 2109 435 2141 ab
466 2106 690 2152 imperatoriis
725 2106 883 2141 ministris
914 2106 1097 2140 formidare
1127 2106 1333 2141 viderentur.
1386 2105 1519 2140 interim
1550 2104 1608 2150 qui
1639 2104 1743 2138 semel

291 2152 518 2187 Andronicum
550 2153 593 2187 ad
627 2153 663 2187 id
693 2152 861 2197 negotium
903 2152 1142 2197 capessendum
1174 2152 1396 2197 impulerant,
1438 2163 1503 2186 non
1538 2149 1740 2184 desistentes

292 2197 402 2231 eidem
425 2204 464 2231 ut
486 2202 639 2242 coeptum
663 2198 857 2232 absolveret
887 2198 1032 2240 instare,
1062 2210 1101 2232 eo
1125 2198 1270 2243 denique
1301 2198 1517 2242 perpulerunt
1545 2195 1739 2241 principem,

293 2243 387 2277 clare
420 2243 485 2276 iam
507 2244 675 2278 videntem
707 2255 874 2288 nunquam
897 2244 1038 2278 Latinos
1059 2245 1239 2278 monachos
1261 2243 1448 2278 voluntarie
1477 2251 1653 2283 cessuros,
1675 2250 1740 2273 nec

293 2288 414 2333 perfici
436 2300 503 2322 rem
528 2289 614 2323 citra
637 2290 700 2323 vim
725 2301 843 2334 posse,
878 2294 916 2324 ut
936 2290 1130 2324 Pisanornm
1155 2290 1319 2332 exarcho,
1355 2289 1456 2322 aedes
1477 2284 1635 2320 incolenti
1656 2284 1742 2318 vici-

293 2344 357 2368 nas
379 2334 576 2368 Latinorum
601 2335 821 2377 monasterio,
854 2335 1043 2369 mandatnm
1064 2335 1195 2368 dederit
1215 2339 1403 2379 assumptos
1424 2345 1444 2366 e
1465 2330 1587 2375 templo
1609 2335 1646 2363 et
1666 2330 1740 2374 ipso

294 2380 484 2424 propinquo
508 2380 626 2413 Sancti
650 2380 741 2413 Petri
764 2381 914 2424 Apostoli
945 2381 1142 2415 sacerdotes
1164 2382 1316 2414 Graecos
1348 2379 1382 2412 in
1414 2378 1570 2422 templum
1601 2375 1742 2410 Latino·

294 2435 369 2458 rum
393 2423 594 2465 inducendi,
626 2424 736 2469 iisque
767 2425 831 2459 loci
861 2427 1108 2470 praefecturam
1131 2426 1165 2459 in
1189 2431 1382 2470 perpetuam
1404 2422 1564 2466 deinceps
1586 2420 1742 2455 tradendi

294 2469 560 2515 possessionem,
583 2470 690 2513 ipsum
713 2470 882 2514 imperans
903 2471 939 2504 in
960 2483 1094 2504 censum
1118 2476 1271 2504 exactum
1294 2470 1442 2508 referre,
1467 2469 1528 2500 sub
1551 2466 1742 2501 testimonio

295 2515 365 2552 fide
396 2515 570 2559 dignorum
604 2515 788 2556 hominum,
822 2520 889 2549 tam
926 2527 967 2550 ea
997 2528 1083 2560 quae
1114 2515 1277 2548 inveniret
1306 2514 1342 2547 in
1374 2513 1497 2557 templo
1533 2512 1742 2555 Latinorum,

296 2572 399 2606 qnam
421 2572 508 2606 quae
539 2559 617 2593 inde
648 2560 713 2593 alio
736 2562 959 2601 transferret,
990 2561 1166 2604 diligenter
1187 2559 1334 2593 cavendo
1366 2570 1408 2592 ne
1431 2558 1605 2603 quisquam
1629 2569 1744 2591 eorum

295 2618 336 2641 re
360 2606 428 2640 ulla
457 2617 519 2640 sua
548 2605 783 2646 fraudaretur3
817 2617 935 2639 curare
966 2617 1100 2650 quoqne
1123 2610 1300 2649 praeterea
1323 2607 1360 2637 nt
1382 2614 1512 2637 sacram
1535 2614 1662 2637 omnem
1685 2614 1744 2636 su-

296 2651 495 2698 pellectilem
532 2651 566 2685 in
601 2650 793 2684 Freriorum
834 2650 1034 2684 monasterio
1076 2650 1243 2684 inventam
1281 2653 1317 2683 et
1354 2654 1530 2683 numerato
1571 2653 1744 2694 acceptam

301 2697 430 2732 Graeci
453 2697 646 2731 sacerdotes
668 2699 863 2730 reverenter
886 2696 1099 2740 deportatam
1121 2695 1327 2740 deponerent
1359 2696 1392 2728 in
1416 2698 1598 2729 memorato
1619 2694 1747 2739 princi-

297 2744 352 2788 pis
384 2742 615 2788 Apostolorum
646 2741 783 2786 templo.
829 2745 868 2775 ut
899 2745 1008 2775 autem
1039 2741 1124 2775 haec
1154 2743 1248 2775 facta
1269 2745 1348 2774 sunt
1379 2745 1414 2774 et
1439 2740 1626 2774 executioni
1647 2741 1746 2785 plene

299 2789 459 2823 mandata
481 2798 652 2823 sacrorum
673 2797 829 2821 vasorum
861 2786 1025 2821 librorum
1046 2785 1190 2821 vestium
1219 2786 1426 2830 aliarumque
1447 2785 1483 2819 id
1505 2797 1612 2829 genus
1633 2792 1747 2819 trans-

299 2833 383 2869 latio
406 2846 541 2878 rerum,
563 2844 653 2880 quae
674 2832 804 2868 Latinis
824 2832 859 2867 in
882 2843 944 2867 usn
965 2833 1118 2875 fuerant,
1149 2831 1295 2878 perculsi
1316 2843 1398 2867 casu
1429 2831 1599 2877 inopinato
1620 2829 1747 2872 Fterii,
