1820 3112
342 113 418 157 DE
445 110 774 156 ANDRONICO
804 112 1181 159 PALAEOLOGO
1215 116 1262 158 L.
1298 114 1378 159 m.·
1483 117 1584 165 239

124 241 274 279 ταινος,
312 227 379 268 καὶ
397 226 445 270 τὸ
466 225 572 269 κατὰ
594 224 834 283 Βλαχέρνας
851 224 978 283 μέρος
1000 226 1118 284 σφίσι
1136 227 1318 281 δίδωσιν,
1355 226 1460 273 ὅπου
1482 234 1584 286 νῆας

122 295 229 344 ἰδίας
244 296 487 348 βυθίζουσιν
508 293 565 344 ὥς
584 291 856 351 φυλάξοντες,
893 294 1012 338 mirol
1040 296 1086 338 δὲ
1111 295 1188 351 τὴν
1207 296 1251 339 ἐκ
1279 301 1355 352 τῆς
1374 299 1482 350 ῗδίας
1499 316 1585 355 χει-

120 362 194 420 ρὸς
210 362 380 413 ἕκαστος
398 363 501 420 πρὸς
517 362 565 406 τὸ
585 362 749 419 συμβὰν
769 364 1044 420 παραμυθίαν
1066 366 1198 420 ζητῶν
1215 369 1290 420 τῆς
1308 367 1365 416 εἷς
1382 366 1430 410 τό
1457 369 1585 411 δυνα-

119 430 192 475 τὸν
226 431 301 474 οὐκ
340 431 517 486 ἠμέλουν
552 433 768 489 σωτηρίας.
838 431 905 475 διὰ
940 436 1074 475 ταῦτα
1113 433 1325 484 κάκείνους
1357 440 1510 479 κακοῦν
1545 438 1584 480 οἳ

84 512 107 547 5
120 497 296 550 ἐπιόντες
314 499 389 543 οὐκ
407 500 583 555 ἔχοντες,
619 497 1015 556 σκευαγωγησάντων
1034 502 1102 544 καὶ
1120 506 1202 545 τῶν
1218 500 1428 557 Ῥωμαίων
1447 505 1492 548 ἐκ
1509 510 1585 561 τῆς

117 568 311 625 περαίας,
349 573 435 626 πῦρ
452 574 543 619 ταῖς
565 572 649 612 τῶν
666 567 833 612 Ἰταλῶν
854 569 999 619 οῗκίαις
1014 570 1171 614 ἐνίεσαν
1193 573 1260 613 καὶ
1291 575 1580 630 κατεπίμπρων
1604 583 1635 618 C

117 636 266 680 τέλεον.
334 636 507 679 κάκεῖνοι
531 638 607 692 μὲν
635 641 693 695 τῷ
712 638 1032 694 κατεπαίρεσθαι
1053 642 1135 681 τῶν
1155 639 1270 690 ἐντὸς
1288 639 1579 699 ἀπειροκαλίας

115 704 251 747 αἰτίαν
267 700 389 758 εἶχον,
418 702 718 760 ἔπιμαινόμενοι
738 711 824 755 τοῖς
843 702 1037 761 ἀψύχοις,
1075 707 1115 750 οἶ
1134 705 1178 749 δ’
1201 707 1315 758 ἐντὸς
1332 710 1432 761 τέως
1452 710 1580 755 ἀνάν-

113 773 224 828 δρων
253 770 400 829 ἔφερον
431 778 569 829 σχῆμα
596 771 891 829 κατεπτηχότες
917 772 998 818 ὑπὸ
1027 782 1114 826 τοῖς
1148 776 1330 831 τείχεσιν.
1405 780 1444 821 οἱ
1463 780 1509 823 δ’
1534 782 1577 832 ἐς

58 851 103 887 10
113 844 311 884 τοσοῦτον
331 840 560 892 αὐθαδείας
581 839 794 892 ἐξώκειλαν
802 875 818 896 ,
853 841 958 886 ὥστε
983 845 1052 887 καὶ
1073 847 1333 901 συγκείμενον
1359 846 1474 905 παρὰ
1493 854 1576 902 βα-

111 908 253 959 σιλέως
271 907 455 965 ἀρχῆθεν
474 915 547 954 τοῦ
568 910 786 967 δεξαμένου
808 910 860 954 τά
879 911 973 968 γένη
1002 912 1106 957 ὥστε
1130 916 1336 971 διαφορᾶς
1359 915 1577 974 ξυμβάσης

111 977 253 1028 αὐτοῖς
279 975 414 1032 ε’κτός,
452 978 622 1023 ἔνδοθεν
647 980 722 1034 μὲν
751 984 835 1024 τῶν
855 985 931 1036 τῆς
951 979 1130 1036 Ἀβύδου
1163 987 1315 1027 στενῶν
1338 983 1510 1029 ἔνδοθεν
1529 988 1576 1030 δὲ

108 1050 184 1089 τοῦ
207 1043 378 1102 Φάρου,
416 1045 526 1090 οὕτω
543 1047 648 1090 κατὰ
680 1046 896 1092 θάλατταν
914 1046 1146 1104 μάχεσθαι,
1191 1052 1240 1095 τὸ
1259 1051 1387 1106 μέσον
1408 1055 1454 1098 δὲ
1470 1053 1568 1098 τού·
1590 1066 1624 1102 Ι)

107 1130 190 1158 των
212 1111 362 1164 ποῖσαις
381 1114 537 1169 ἄβατον
554 1113 705 1171 μάχαις
725 1115 780 1167 ὥς
797 1134 837 1160 τι
854 1122 936 1161 τῶν
954 1118 1259 1175 ἀφωσιωμένων
1279 1123 1347 1164 καὶ
1367 1122 1486 1180 ἱερῶν
1504 1126 1573 1167 καὶ

52 1192 96 1228 15
106 1181 366 1240 ἀμφοτέρους
386 1185 614 1242 διατηρεῖν,
653 1185 771 1228 αὐτοὶ
792 1187 836 1228 ἐκ
855 1185 1122 1244 φρονήματος
1141 1191 1467 1246 κατεπαρθέντες
1481 1195 1572 1248 μεί-

107 1252 243 1305 ζονος,
278 1250 518 1309 παριδόντες
538 1255 605 1296 καὶ
623 1253 678 1296 τοὶ
697 1255 958 1310 συγκείμενα,
996 1256 1110 1307 ἐντὸς
1131 1257 1260 1313 αὐτῆς
1282 1262 1356 1314 τῆς
1369 1262 1572 1314 βασιλέως

105 1320 234 1370 οῗκίας
251 1320 357 1362 κατὰ
377 1325 458 1364 τῶν
478 1321 618 1365 ἱκετῶν
639 1326 690 1379 τῇ
707 1325 895 1384 βασιλείᾳ
919 1325 1123 1379 πολέμους
1145 1327 1347 1383 ἐξέφερον.
1412 1332 1480 1372 καὶ
1502 1331 1571 1374 διὰ

103 1391 236 1431 ταῦτα
251 1388 445 1442 βασιλεὺς
463 1388 642 1446 μισήσας
663 1391 736 1447 τὴν
751 1397 870 1450 σφῶν
892 1392 1077 1452 ἔπαρσιν,
1109 1396 1247 1453 ἐφίησι
1270 1398 1338 1439 καὶ
1356 1395 1571 1454 Ῥωμαίοις

190 1529 226 1565 9.
249 1529 309 1576 οἱ]
330 1527 378 1567 οὐ
399 1531 441 1570 Ρ.

97 1654 308 1691 manifestum
332 1668 391 1691 eos
417 1668 438 1691 a
460 1657 602 1693 Venetis
622 1659 756 1695 infestis
784 1659 876 1707 peti,
910 1664 1049 1696 coactus
1069 1663 1184 1699 fuerat
1213 1666 1426 1711 permittere,
1448 1668 1562 1712 regio-

96 1711 240 1747 nemque
269 1703 359 1737 circa
381 1703 589 1739 Blachernas
619 1706 685 1740 illis
715 1707 758 1740 ad
792 1705 953 1750 effugium
976 1716 1210 1754 concesserat3
1242 1713 1359 1758 ibique
1390 1714 1456 1748 iam
1487 1717 1562 1749 Ge-

95 1757 239 1782 nuenses
260 1749 380 1790 iidem,
405 1750 551 1792 munito,
574 1755 613 1785 nt
634 1755 838 1798 potuerant,
861 1753 977 1788 littore
998 1756 1139 1790 navibus
1163 1757 1363 1803 quibusdam
1392 1760 1462 1794 suis
1498 1761 1561 1795 de-

93 1793 297 1838 mergendis,
318 1806 458 1840 quarum
483 1795 620 1831 obiectu
642 1798 862 1842 prohiberent
882 1799 1027 1835 hostium
1049 1813 1259 1847 exscensum,
1283 1816 1322 1839 se
1344 1816 1474 1850 suaque
1496 1818 1558 1850 pro

93 1837 224 1872 vin‘bus
255 1841 368 1884 parati
398 1842 537 1876 stabant
565 1846 799 1890 propugnare)
833 1856 900 1879 non
932 1848 1104 1892 repertis,
1135 1849 1294 1892 inquam,
1330 1850 1439 1893 domi,
1471 1863 1557 1896 quos

93 1884 313 1928 quaerebant,
335 1885 480 1921 inimicis
502 1888 643 1931 Veneti,
667 1901 708 1924 ac
731 1903 774 1925 ne
798 1891 876 1926 aliis
897 1892 1031 1937 quidem
1055 1894 1145 1939 apud
1169 1894 1331 1929 Peraeam
1355 1897 1431 1930 unis
1461 1897 1556 1940 (uam

92 1932 130 1961 et
150 1928 293 1964 Romani
314 1931 375 1976 qui
398 1932 513 1967 domos
537 1934 685 1970 Galatae
707 1936 900 1980 habebant,
936 1946 1120 1973 convasata
1148 1939 1216 1984 ipsi
1247 1952 1383 1987 quoque
1404 1943 1555 1988 supelle-

92 1973 164 2007 ctili
187 1985 226 2008 se
257 1975 348 2010 intra
370 1978 484 2012 urbem
507 1982 726 2024 receperant)
758 1982 840 2027 igue
860 1982 984 2017 iniecto
1006 1984 1043 2018 in
1066 1984 1168 2018 aedes
1188 1986 1351 2021 Italorum
1375 1999 1433 2022 eas
1453 1988 1554 2024 flam-

90 2029 146 2053 ma
168 2027 456 2066 consumpserunt.
503 2023 538 2058 in
570 2037 637 2070 quo
659 2027 785 2062 stultae
815 2029 1034 2072 impotentiae
1056 2030 1336 2076 vituperationem
1358 2033 1394 2068 iu
1415 2046 1454 2069 se
1476 2040 1553 2070 tra-

88 2070 229 2108 xerunt,
263 2068 393 2102 frustra
417 2068 679 2105 intumescentes
708 2074 799 2117 quod
821 2075 930 2108 locum
954 2075 1126 2119 cepissent
1159 2088 1180 2110 a
1211 2078 1342 2113 nemine
1363 2080 1549 2124 defensum,

88 2114 125 2144 et
146 2110 270 2156 ignavo
292 2113 409 2147 furore
431 2114 622 2154 saevientes
651 2116 688 2150 iu
720 2129 776 2152 res
808 2120 980 2153 inanimae.
1025 2121 1076 2154 uti
1109 2127 1145 2155 et
1175 2122 1324 2158 vicissim
1350 2126 1551 2162 Genueuses

84 2155 205 2191 inertis
227 2157 423 2204 indignique
454 2159 538 2194 viris
558 2162 706 2196 fortibus
738 2164 867 2199 timoris
889 2165 1036 2199 dedecus
1061 2166 1231 2211 tulerunt,
1262 2181 1327 2204 uon
1360 2172 1436 2206 ausi
1457 2178 1551 2208 stare

84 2201 119 2235 in
141 2204 286 2248 vestigio
308 2205 467 2251 tuerique
489 2207 583 2240 socos
605 2218 647 2241 ac
668 2208 777 2251 lares,
802 2210 863 2244 sed
890 2210 1019 2244 relictis
1039 2211 1182 2256 inglorie
1204 2215 1424 2252 familiaribus
1447 2219 1550 2254 tectis

84 2247 148 2282 sub
171 2250 322 2284 umbram
345 2253 552 2297 tutelamque
585 2263 773 2297 murorum,
804 2259 844 2289 ut
865 2260 957 2290 metu
979 2259 1136 2300 attoniti,
1167 2262 1393 2297 convolantes.
1439 2265 1548 2299 maius

82 2295 186 2338 p'orro
217 2295 344 2330 crimen
378 2302 455 2332 erat
486 2298 690 2333 Venetorum
721 2304 889 2335 attentata
919 2306 1037 2338 contra
1066 2303 1167 2340 fidem
1196 2306 1319 2342 dudum
1348 2310 1548 2356 imperatori

83 2337 198 2374 datam
219 2340 311 2376 iutra
332 2341 419 2377 fines
442 2343 571 2379 vetitos
592 2344 761 2390 incursio,
785 2347 950 2393 siquidem
972 2349 1016 2383 ab
1039 2349 1134 2385 initio
1156 2359 1382 2399 convenerat,
1410 2357 1544 2402 quando

83 2388 138 2419 est
158 2386 293 2432 utrique
313 2387 373 2422 isti
395 2389 558 2424 Italorum
581 2391 698 2436 generi
721 2393 917 2438 permissum
939 2394 1048 2429 libera
1074 2396 1109 2430 in
1130 2398 1215 2432 urbe
1237 2411 1280 2434 ac
1301 2412 1365 2446 per
1385 2401 1447 2437 hos
1471 2408 1545 2437 ua-

81 2433 158 2464 ctus
180 2443 341 2467 exercere
363 2435 587 2478 commercia,
619 2442 659 2471 ut
681 2437 710 2472 si
732 2438 815 2484 quid
837 2439 928 2474 inter
950 2451 1008 2474 eos
1032 2443 1285 2479 contraheretur
1307 2447 1426 2491 rixae,
1451 2460 1543 2483 com-

80 2474 218 2523 mittere
248 2489 395 2523 pugnam
424 2480 566 2516 invicem
596 2493 664 2518 uon
693 2489 838 2528 possent
867 2489 940 2520 toto
962 2485 1064 2520 maris
1086 2489 1198 2534 spatio
1220 2492 1312 2536 quod
1334 2497 1431 2538 patet
1451 2494 1541 2528 inter

79 2520 191 2566 Abydi
214 2523 331 2558 fauces
353 2530 389 2559 et
410 2525 575 2570 Pharum,
604 2529 665 2563 sed
702 2535 801 2565 extra
822 2530 912 2565 hunc
932 2531 1040 2566 locum
1063 2538 1172 2569 utram
1194 2538 1323 2572 vellent
1348 2539 1384 2573 in
1405 2544 1539 2584 partem

78 2567 254 2602 navalibus
289 2570 361 2604 suis
391 2573 529 2617 praeliis
561 2585 690 2620 aequor
710 2579 935 2621 quaererent,
970 2577 1116 2613 medium
1138 2580 1219 2616 illud
1241 2584 1453 2620 intervallum
1476 2585 1540 2618 im-

77 2620 177 2646 mune
196 2613 275 2648 belli
297 2615 467 2662 certisque
487 2618 638 2664 quietum
667 2621 806 2656 indutiis
828 2622 1014 2657 haberent-
1051 2625 1147 2660 cuius
1167 2628 1361 2674 religionem
1391 2641 1539 2664 couven-

77 2654 180 2691 tiouis
201 2669 275 2694 cum
297 2661 398 2696 hodie
419 2663 530 2708 palam
552 2665 710 2700 insolenti
738 2667 820 2702 elati
841 2667 1048 2703 confidentia
1076 2671 1205 2708 violare
1228 2676 1348 2710 Veneti
1379 2686 1446 2709 nou
1472 2687 1537 2710 ve-

76 2707 246 2746 rerentur,
267 2705 360 2741 intra
381 2707 489 2753 ipsam
513 2721 623 2756 paene
644 2712 851 2758 imperialem
873 2713 1004 2748 domum
1016 2716 1159 2771 Augusti
1175 2721 1345 2766 supplices
1366 2732 1535 2766 quaerere

75 2745 120 2780 ad
142 2757 284 2793 poenam
306 2762 348 2786 ac
370 2755 507 2790 caedem
530 2756 624 2800 ausi,
656 2758 777 2793 merito
799 2759 842 2794 iis
863 2764 1049 2806 propterea
1068 2768 1178 2800 uatus
1197 2765 1385 2812 imperator
1405 2766 1534 2804 Roma—
