<?xml version="1.0" encoding="UTF-8"?>
<!DOCTYPE html PUBLIC "-//W3C//DTD XHTML 1.0 Transitional//EN"
    "http://www.w3.org/TR/xhtml1/DTD/xhtml1-transitional.dtd">
<html xmlns="http://www.w3.org/1999/xhtml" xml:lang="en" lang="en">
 <head>
  <title>
</title>
<meta http-equiv="Content-Type" content="text/html;charset=utf-8" />
  <meta name='ocr-system' content='tesseract 3.04.00' />
  <meta name='ocr-capabilities' content='ocr_page ocr_carea ocr_par ocr_line ocrx_word'/>
</head>
<body>
  <div class='ocr_page' id='page_1' title='image "./corpusscriptorum18niebuoft_0406.png"; bbox 0 0 1858 3126; ppageno 0'>
   <div class='ocr_carea' id='block_1_1' title="bbox 244 175 1296 225">
    <p class='ocr_par' dir='ltr' id='par_1_1' title="bbox 244 175 1296 225">
     <span class='ocr_line' id='line_1_1' title="bbox 244 175 1296 225; baseline -0.003 0"><span class='ocrx_word' id='word_1_1' title='bbox 244 178 342 225; x_wconf 90' lang='grc'><strong>390</strong></span> <span class='ocrx_word' id='word_1_2' title='bbox 666 175 903 221; x_wconf 91' lang='lat' dir='ltr'><strong>GEORGII</strong></span> <span class='ocrx_word' id='word_1_3' title='bbox 940 176 1296 222; x_wconf 84' lang='lat' dir='ltr'>PACHYMERIS</span> 
     </span>
    </p>
   </div>
   <div class='ocr_carea' id='block_1_2' title="bbox 104 285 1767 1452">
    <p class='ocr_par' dir='ltr' id='par_1_2' title="bbox 245 285 1708 349">
     <span class='ocr_line' id='line_1_2' title="bbox 245 285 1708 349; baseline 0.003 -16"><span class='ocrx_word' id='word_1_4' title='bbox 245 291 273 349; x_wconf 74' lang='grc' dir='ltr'><strong>»ἢ</strong></span> <span class='ocrx_word' id='word_1_5' title='bbox 289 288 450 348; x_wconf 73' lang='grc' dir='ltr'><strong><em>χάρισι,</em></strong></span> <span class='ocrx_word' id='word_1_6' title='bbox 487 285 715 346; x_wconf 68' lang='grc' dir='ltr'><strong><em>ζητούντων</em></strong></span> <span class='ocrx_word' id='word_1_7' title='bbox 735 289 871 347; x_wconf 68' lang='grc' dir='ltr'><strong><em>ἕτερον</em></strong></span> <span class='ocrx_word' id='word_1_8' title='bbox 891 289 964 334; x_wconf 85' lang='grc' dir='ltr'><strong>τὸν</strong></span> <span class='ocrx_word' id='word_1_9' title='bbox 984 289 1136 340; x_wconf 79' lang='grc' dir='ltr'><strong><em>αὗτοῦς</em></strong></span> <span class='ocrx_word' id='word_1_10' title='bbox 1152 289 1304 342; x_wconf 74' lang='grc' dir='ltr'><strong><em>ἄξοντα</em></strong></span> <span class='ocrx_word' id='word_1_11' title='bbox 1325 291 1388 334; x_wconf 74' lang='grc' dir='ltr'><strong>ἐπὶ</strong></span> <span class='ocrx_word' id='word_1_12' title='bbox 1407 297 1647 347; x_wconf 81' lang='grc' dir='ltr'><strong><em>σκυλευμοῖς</em></strong></span> <span class='ocrx_word' id='word_1_13' title='bbox 1664 310 1708 337; x_wconf 87' lang='grc' dir='ltr'><strong>τε</strong></span> 
     </span>
    </p>

    <p class='ocr_par' dir='ltr' id='par_1_3' title="bbox 195 357 1741 900">
     <span class='ocr_line' id='line_1_3' title="bbox 195 357 1708 422; baseline 0 -17"><span class='ocrx_word' id='word_1_14' title='bbox 195 370 227 404; x_wconf 94' lang='lat' dir='ltr'>D</span> <span class='ocrx_word' id='word_1_15' title='bbox 250 365 316 405; x_wconf 79' lang='grc' dir='ltr'><strong>καὶ</strong></span> <span class='ocrx_word' id='word_1_16' title='bbox 337 359 510 416; x_wconf 74' lang='grc' dir='ltr'><strong><em>κέρδεσι.</em></strong></span> <span class='ocrx_word' id='word_1_17' title='bbox 578 360 646 402; x_wconf 79' lang='grc' dir='ltr'><strong>καὶ</strong></span> <span class='ocrx_word' id='word_1_18' title='bbox 674 359 744 402; x_wconf 81' lang='grc' dir='ltr'><strong>διὰ</strong></span> <span class='ocrx_word' id='word_1_19' title='bbox 770 364 903 403; x_wconf 84' lang='grc' dir='ltr'><strong><em>ταῦτα</em></strong></span> <span class='ocrx_word' id='word_1_20' title='bbox 923 357 970 403; x_wconf 63' lang='grc' dir='ltr'><strong><em>ἓν</em></strong></span> <span class='ocrx_word' id='word_1_21' title='bbox 998 363 1082 403; x_wconf 86' lang='grc' dir='ltr'><strong>τῶν</strong></span> <span class='ocrx_word' id='word_1_22' title='bbox 1111 359 1342 415; x_wconf 78' lang='grc' dir='ltr'><strong><em>ἀναγκαίων</em></strong></span> <span class='ocrx_word' id='word_1_23' title='bbox 1363 359 1475 412; x_wconf 68' lang='grc' dir='ltr'><strong><em>ἔδοξε</em></strong></span> <span class='ocrx_word' id='word_1_24' title='bbox 1501 366 1562 421; x_wconf 78' lang='grc' dir='ltr'><strong>τῷ</strong></span> <span class='ocrx_word' id='word_1_25' title='bbox 1579 366 1708 422; x_wconf 80' lang='grc' dir='ltr'><strong><em>καιρῷ</em></strong></span> 
     </span>
     <span class='ocr_line' id='line_1_4' title="bbox 244 426 1709 488; baseline 0.001 -15"><span class='ocrx_word' id='word_1_26' title='bbox 244 431 311 473; x_wconf 80' lang='grc' dir='ltr'><strong>καὶ</strong></span> <span class='ocrx_word' id='word_1_27' title='bbox 329 435 416 478; x_wconf 90' lang='grc' dir='ltr'><strong><em>τοῖς</em></strong></span> <span class='ocrx_word' id='word_1_28' title='bbox 433 429 633 485; x_wconf 76' lang='grc' dir='ltr'><strong><em>ἐφεστῶσι</em></strong></span> <span class='ocrx_word' id='word_1_29' title='bbox 651 426 861 484; x_wconf 80' lang='grc' dir='ltr'><em>πράγμασι</em></span> <span class='ocrx_word' id='word_1_30' title='bbox 871 461 884 482; x_wconf 91' lang='grc'><strong><em>,</em></strong></span> <span class='ocrx_word' id='word_1_31' title='bbox 918 428 966 472; x_wconf 83' lang='grc' dir='ltr'><strong>τὸ</strong></span> <span class='ocrx_word' id='word_1_32' title='bbox 989 430 1248 486; x_wconf 74' lang='grc' dir='ltr'><strong>περιλειφθὲν</strong></span> <span class='ocrx_word' id='word_1_33' title='bbox 1265 428 1388 482; x_wconf 74' lang='grc' dir='ltr'><strong><em>τέως,</em></strong></span> <span class='ocrx_word' id='word_1_34' title='bbox 1426 428 1523 473; x_wconf 80' lang='grc' dir='ltr'><strong><em>ὅσον</em></strong></span> <span class='ocrx_word' id='word_1_35' title='bbox 1543 431 1584 473; x_wconf 74' lang='grc' dir='ltr'><strong><em>ἐν</em></strong></span> <span class='ocrx_word' id='word_1_36' title='bbox 1603 448 1709 488; x_wconf 83' lang='grc' dir='ltr'><strong><em>προ-</em></strong></span> 
     </span>
     <span class='ocr_line' id='line_1_5' title="bbox 243 495 1709 553; baseline 0.001 -11"><span class='ocrx_word' id='word_1_37' title='bbox 243 499 373 548; x_wconf 89' lang='grc' dir='ltr'><strong><em>νοίαις</em></strong></span> <span class='ocrx_word' id='word_1_38' title='bbox 400 495 589 540; x_wconf 76' lang='grc' dir='ltr'><strong><em>ἐτάττετο</em></strong></span> <span class='ocrx_word' id='word_1_39' title='bbox 619 504 766 551; x_wconf 89' lang='grc' dir='ltr'><strong><em>μοναῒς</em></strong></span> <span class='ocrx_word' id='word_1_40' title='bbox 794 515 837 541; x_wconf 82' lang='grc' dir='ltr'><strong>τε</strong></span> <span class='ocrx_word' id='word_1_41' title='bbox 867 499 934 540; x_wconf 79' lang='grc' dir='ltr'><strong>καὶ</strong></span> <span class='ocrx_word' id='word_1_42' title='bbox 968 498 1197 553; x_wconf 74' lang='grc' dir='ltr'><strong><em>ἐκκλησίαις</em></strong></span> <span class='ocrx_word' id='word_1_43' title='bbox 1224 499 1292 540; x_wconf 80' lang='grc' dir='ltr'><strong>καὶ</strong></span> <span class='ocrx_word' id='word_1_44' title='bbox 1321 503 1408 548; x_wconf 88' lang='grc' dir='ltr'><strong><em>τοῖς</em></strong></span> <span class='ocrx_word' id='word_1_45' title='bbox 1437 502 1600 553; x_wconf 77' lang='grc' dir='ltr'><strong><em>βασιλεῖ</em></strong></span> <span class='ocrx_word' id='word_1_46' title='bbox 1626 515 1709 543; x_wconf 82' lang='grc' dir='ltr'><strong><em>πα-</em></strong></span> 
     </span>
     <span class='ocr_line' id='line_1_6' title="bbox 246 563 1741 625; baseline 0 -15"><span class='ocrx_word' id='word_1_47' title='bbox 246 567 535 625; x_wconf 84' lang='grc' dir='ltr'><strong><em>ρασπίζουσιν,</em></strong></span> <span class='ocrx_word' id='word_1_48' title='bbox 585 563 807 623; x_wconf 77' lang='grc' dir='ltr'><strong><em>ἀφεικότας</em></strong></span> <span class='ocrx_word' id='word_1_49' title='bbox 837 570 920 610; x_wconf 88' lang='grc' dir='ltr'><strong>τῶν</strong></span> <span class='ocrx_word' id='word_1_50' title='bbox 941 568 1177 620; x_wconf 90' lang='grc' dir='ltr'><strong><em>δεσποτῶν,</em></strong></span> <span class='ocrx_word' id='word_1_51' title='bbox 1212 564 1372 609; x_wconf 80' lang='grc' dir='ltr'><strong><em>τάττειν</em></strong></span> <span class='ocrx_word' id='word_1_52' title='bbox 1392 569 1448 617; x_wconf 82' lang='grc' dir='ltr'><strong>εἷς</strong></span> <span class='ocrx_word' id='word_1_53' title='bbox 1465 575 1741 623; x_wconf 86' lang='grc' dir='ltr'><strong><em>στρατιωτι-5</em></strong></span> 
     </span>
     <span class='ocr_line' id='line_1_7' title="bbox 245 633 1712 691; baseline -0.001 -10"><span class='ocrx_word' id='word_1_54' title='bbox 245 634 341 686; x_wconf 80' lang='grc' dir='ltr'><strong><em>κόν,</em></strong></span> <span class='ocrx_word' id='word_1_55' title='bbox 378 634 484 691; x_wconf 87' lang='grc' dir='ltr'><strong><em>πλὴν</em></strong></span> <span class='ocrx_word' id='word_1_56' title='bbox 512 636 579 678; x_wconf 79' lang='grc' dir='ltr'><strong>καὶ</strong></span> <span class='ocrx_word' id='word_1_57' title='bbox 605 633 914 689; x_wconf 84' lang='grc' dir='ltr'><strong><em>μονοκελλικόν,</em></strong></span> <span class='ocrx_word' id='word_1_58' title='bbox 953 633 1215 690; x_wconf 75' lang='grc' dir='ltr'><strong><em>ξύμπαντας,</em></strong></span> <span class='ocrx_word' id='word_1_59' title='bbox 1252 633 1308 685; x_wconf 82' lang='grc' dir='ltr'><strong><em>ὥς</em></strong></span> <span class='ocrx_word' id='word_1_60' title='bbox 1332 635 1524 679; x_wconf 69' lang='grc' dir='ltr'><strong><em>ἐντεῦθεν</em></strong></span> <span class='ocrx_word' id='word_1_61' title='bbox 1559 636 1712 689; x_wconf 67' lang='lat' dir='ltr'><strong>022³aeth-</strong></span> 
     </span>
     <span class='ocr_line' id='line_1_8' title="bbox 244 702 1712 761; baseline 0.001 -13"><span class='ocrx_word' id='word_1_62' title='bbox 244 706 410 755; x_wconf 71' lang='grc' dir='ltr'><strong><em>ἐκείνοις</em></strong></span> <span class='ocrx_word' id='word_1_63' title='bbox 430 702 532 761; x_wconf 68' lang='grc' dir='ltr'><strong><em>ὑπὲρ</em></strong></span> <span class='ocrx_word' id='word_1_64' title='bbox 554 708 636 747; x_wconf 87' lang='grc' dir='ltr'><strong>τῶν</strong></span> <span class='ocrx_word' id='word_1_65' title='bbox 655 705 769 748; x_wconf 79' lang='grc' dir='ltr'><strong><em>ἰδίων</em></strong></span> <span class='ocrx_word' id='word_1_66' title='bbox 786 704 1092 760; x_wconf 75' lang='grc' dir='ltr'><strong><em>προσμένοντας</em></strong></span> <span class='ocrx_word' id='word_1_67' title='bbox 1104 702 1328 759; x_wconf 78' lang='grc' dir='ltr'><strong><em>μάχεσθαι.</em></strong></span> <span class='ocrx_word' id='word_1_68' title='bbox 1398 704 1604 749; x_wconf 67' lang='grc' dir='ltr'><strong><em>ἐστέλλετο</em></strong></span> <span class='ocrx_word' id='word_1_69' title='bbox 1624 723 1712 749; x_wconf 89' lang='grc' dir='ltr'><strong><em>τοι-</em></strong></span> 
     </span>
     <span class='ocr_line' id='line_1_9' title="bbox 243 771 1712 833; baseline 0 -16"><span class='ocrx_word' id='word_1_70' title='bbox 243 778 398 831; x_wconf 80' lang='grc' dir='ltr'><strong><em>γαροῦν</em></strong></span> <span class='ocrx_word' id='word_1_71' title='bbox 418 774 486 816; x_wconf 83' lang='grc' dir='ltr'><strong>καὶ</strong></span> <span class='ocrx_word' id='word_1_72' title='bbox 506 772 620 829; x_wconf 79' lang='grc' dir='ltr'><strong><em>παρὰ</em></strong></span> <span class='ocrx_word' id='word_1_73' title='bbox 646 771 902 830; x_wconf 75' lang='grc' dir='ltr'><strong><em>πατριάρχου</em></strong></span> <span class='ocrx_word' id='word_1_74' title='bbox 926 773 1086 824; x_wconf 80' lang='grc' dir='ltr'><strong><em>θαλλὸς</em></strong></span> <span class='ocrx_word' id='word_1_75' title='bbox 1104 774 1244 824; x_wconf 77' lang='grc' dir='ltr'><strong><em>ἐλαίας</em></strong></span> <span class='ocrx_word' id='word_1_76' title='bbox 1261 771 1504 829; x_wconf 81' lang='grc' dir='ltr'><strong><em>ἀναυδήτως</em></strong></span> <span class='ocrx_word' id='word_1_77' title='bbox 1523 778 1581 833; x_wconf 76' lang='grc' dir='ltr'><strong>τῷ</strong></span> <span class='ocrx_word' id='word_1_78' title='bbox 1608 773 1712 817; x_wconf 79' lang='grc' dir='ltr'><strong><em>ἅνα-</em></strong></span> 
     </span>
     <span class='ocr_line' id='line_1_10' title="bbox 245 840 1713 900; baseline 0 -14"><span class='ocrx_word' id='word_1_79' title='bbox 245 861 332 896; x_wconf 83' lang='grc' dir='ltr'><strong><em>κτι,</em></strong></span> <span class='ocrx_word' id='word_1_80' title='bbox 372 841 473 886; x_wconf 81' lang='grc' dir='ltr'><strong><em>ὅθεν</em></strong></span> <span class='ocrx_word' id='word_1_81' title='bbox 495 843 566 884; x_wconf 85' lang='grc' dir='ltr'><strong><em>καί</em></strong></span> <span class='ocrx_word' id='word_1_82' title='bbox 585 858 624 884; x_wconf 93' lang='grc' dir='ltr'><strong>τι</strong></span> <span class='ocrx_word' id='word_1_83' title='bbox 644 847 818 899; x_wconf 76' lang='grc' dir='ltr'><strong><em>θαρρεῖν</em></strong></span> <span class='ocrx_word' id='word_1_84' title='bbox 850 841 927 897; x_wconf 78' lang='grc' dir='ltr'><strong><em>εἶχε</em></strong></span> <span class='ocrx_word' id='word_1_85' title='bbox 946 847 1030 886; x_wconf 85' lang='grc' dir='ltr'><strong>τῶν</strong></span> <span class='ocrx_word' id='word_1_86' title='bbox 1048 842 1222 899; x_wconf 82' lang='grc' dir='ltr'><strong><em>ἀγαθῶν</em></strong></span> <span class='ocrx_word' id='word_1_87' title='bbox 1245 844 1289 885; x_wconf 76' lang='grc' dir='ltr'><strong>ἐκ</strong></span> <span class='ocrx_word' id='word_1_88' title='bbox 1318 846 1392 898; x_wconf 86' lang='grc' dir='ltr'><strong>τῆς</strong></span> <span class='ocrx_word' id='word_1_89' title='bbox 1412 844 1502 900; x_wconf 77' lang='grc' dir='ltr'><strong><em>περὶ</em></strong></span> <span class='ocrx_word' id='word_1_90' title='bbox 1525 840 1652 886; x_wconf 76' lang='grc' dir='ltr'><strong><em>αὐτόν</em></strong></span> <span class='ocrx_word' id='word_1_91' title='bbox 1672 843 1713 886; x_wconf 75' lang='grc' dir='ltr'><strong>οἳ</strong></span> 
     </span>
    </p>

    <p class='ocr_par' dir='ltr' id='par_1_4' title="bbox 196 901 1767 1313">
     <span class='ocr_line' id='line_1_11' title="bbox 196 901 1767 968; baseline -0.002 -13"><span class='ocrx_word' id='word_1_92' title='bbox 196 922 227 958; x_wconf 75' lang='lat' dir='ltr'><strong>E:</strong></span> <span class='ocrx_word' id='word_1_93' title='bbox 248 911 439 968; x_wconf 78' lang='grc' dir='ltr'><strong><em>μεγίστης</em></strong></span> <span class='ocrx_word' id='word_1_94' title='bbox 468 912 764 968; x_wconf 81' lang='grc' dir='ltr'><strong><em>πληροφορίας.</em></strong></span> <span class='ocrx_word' id='word_1_95' title='bbox 834 911 886 955; x_wconf 79' lang='grc' dir='ltr'><strong>τὰ</strong></span> <span class='ocrx_word' id='word_1_96' title='bbox 914 901 965 954; x_wconf 75' lang='grc' dir='ltr'><strong>δ’</strong></span> <span class='ocrx_word' id='word_1_97' title='bbox 993 907 1101 967; x_wconf 73' lang='grc' dir='ltr'><strong><em>ἦσαν</em></strong></span> <span class='ocrx_word' id='word_1_98' title='bbox 1134 912 1176 954; x_wconf 76' lang='grc' dir='ltr'><strong><em>ἐν</em></strong></span> <span class='ocrx_word' id='word_1_99' title='bbox 1208 909 1354 966; x_wconf 84' lang='grc' dir='ltr'><strong><em>μόναις</em></strong></span> <span class='ocrx_word' id='word_1_100' title='bbox 1366 915 1563 966; x_wconf 83' lang='grc' dir='ltr'><strong><em>βουλαῖς·</em></strong></span> <span class='ocrx_word' id='word_1_101' title='bbox 1594 911 1711 956; x_wconf 69' lang='grc' dir='ltr'><strong><em>οὔπω</em></strong></span> <span class='ocrx_word' id='word_1_102' title='bbox 1722 918 1767 952; x_wconf 87' lang='grc'><strong>10</strong></span> 
     </span>
     <span class='ocr_line' id='line_1_12' title="bbox 244 976 1709 1038; baseline 0 -14"><span class='ocrx_word' id='word_1_103' title='bbox 244 981 324 1038; x_wconf 78' lang='grc' dir='ltr'><strong>γὰρ</strong></span> <span class='ocrx_word' id='word_1_104' title='bbox 360 980 579 1037; x_wconf 71' lang='grc' dir='ltr'><strong><em>ἐφίσταντο</em></strong></span> <span class='ocrx_word' id='word_1_105' title='bbox 622 978 685 1030; x_wconf 75' lang='grc' dir='ltr'><strong><em>οἷς</em></strong></span> <span class='ocrx_word' id='word_1_106' title='bbox 723 976 773 1036; x_wconf 77' lang='grc' dir='ltr'><strong><em>ἦν</em></strong></span> <span class='ocrx_word' id='word_1_107' title='bbox 810 980 1119 1037; x_wconf 76' lang='grc' dir='ltr'><strong><em>ἐπιτεταγμένον</em></strong></span> <span class='ocrx_word' id='word_1_108' title='bbox 1145 985 1279 1024; x_wconf 79' lang='grc' dir='ltr'><strong><em>ταῦτα</em></strong></span> <span class='ocrx_word' id='word_1_109' title='bbox 1308 977 1526 1035; x_wconf 77' lang='grc' dir='ltr'><strong><em>πράττειν,</em></strong></span> <span class='ocrx_word' id='word_1_110' title='bbox 1568 982 1636 1024; x_wconf 82' lang='grc' dir='ltr'><strong>καὶ</strong></span> <span class='ocrx_word' id='word_1_111' title='bbox 1661 980 1709 1025; x_wconf 82' lang='grc' dir='ltr'><strong>τὸ</strong></span> 
     </span>
     <span class='ocr_line' id='line_1_13' title="bbox 245 1047 1711 1106; baseline -0.001 -12"><span class='ocrx_word' id='word_1_112' title='bbox 245 1049 452 1106; x_wconf 82' lang='grc' dir='ltr'><strong><em>Περσικὸν</em></strong></span> <span class='ocrx_word' id='word_1_113' title='bbox 480 1047 741 1104; x_wconf 76' lang='grc' dir='ltr'><strong><em>πολλαχόθεν</em></strong></span> <span class='ocrx_word' id='word_1_114' title='bbox 771 1047 1078 1102; x_wconf 74' lang='grc' dir='ltr'><strong><em>ἓπεισβαλόντες</em></strong></span> <span class='ocrx_word' id='word_1_115' title='bbox 1110 1049 1208 1099; x_wconf 72' lang='grc' dir='ltr'><strong><em>τοὺς</em></strong></span> <span class='ocrx_word' id='word_1_116' title='bbox 1241 1050 1316 1104; x_wconf 77' lang='grc' dir='ltr'><strong><em>μὲν</em></strong></span> <span class='ocrx_word' id='word_1_117' title='bbox 1341 1048 1459 1106; x_wconf 63' lang='grc' dir='ltr'><strong><em>ἔργον</em></strong></span> <span class='ocrx_word' id='word_1_118' title='bbox 1487 1053 1711 1093; x_wconf 82' lang='grc' dir='ltr'><strong><em>καθιστᾶσι</em></strong></span> 
     </span>
     <span class='ocr_line' id='line_1_14' title="bbox 245 1115 1709 1176; baseline 0.001 -15"><span class='ocrx_word' id='word_1_119' title='bbox 245 1119 475 1176; x_wconf 84' lang='grc' dir='ltr'><strong><em>μαχαίρας,</em></strong></span> <span class='ocrx_word' id='word_1_120' title='bbox 525 1115 615 1161; x_wconf 82' lang='grc' dir='ltr'><strong><em>ὅσοι</em></strong></span> <span class='ocrx_word' id='word_1_121' title='bbox 642 1118 691 1161; x_wconf 80' lang='grc' dir='ltr'><strong>δέ</strong></span> <span class='ocrx_word' id='word_1_122' title='bbox 711 1135 754 1175; x_wconf 84' lang='grc' dir='ltr'><strong><em>γε</em></strong></span> <span class='ocrx_word' id='word_1_123' title='bbox 782 1119 850 1161; x_wconf 80' lang='grc' dir='ltr'><strong>καὶ</strong></span> <span class='ocrx_word' id='word_1_124' title='bbox 879 1118 1052 1173; x_wconf 71' lang='grc' dir='ltr'><strong><em>ἴσχυσαν</em></strong></span> <span class='ocrx_word' id='word_1_125' title='bbox 1082 1119 1267 1175; x_wconf 71' lang='grc' dir='ltr'><strong><em>ἐκφυγεῖν</em></strong></span> <span class='ocrx_word' id='word_1_126' title='bbox 1275 1150 1289 1171; x_wconf 96' lang='grc'><strong><em>,</em></strong></span> <span class='ocrx_word' id='word_1_127' title='bbox 1334 1122 1394 1176; x_wconf 76' lang='grc' dir='ltr'><strong>τῷ·</strong></span> <span class='ocrx_word' id='word_1_128' title='bbox 1423 1122 1498 1173; x_wconf 82' lang='grc' dir='ltr'><strong>τῆς</strong></span> <span class='ocrx_word' id='word_1_129' title='bbox 1530 1119 1709 1171; x_wconf 80' lang='grc' dir='ltr'><strong><em>Κυζίκου</em></strong></span> 
     </span>
     <span class='ocr_line' id='line_1_15' title="bbox 244 1184 1709 1246; baseline -0.001 -16"><span class='ocrx_word' id='word_1_130' title='bbox 244 1189 500 1246; x_wconf 80' lang='grc' dir='ltr'><strong><em>ἐπιτειχισμῷ</em></strong></span> <span class='ocrx_word' id='word_1_131' title='bbox 535 1185 630 1244; x_wconf 82' lang='grc' dir='ltr'><strong><em>ὂίρτι</em></strong></span> <span class='ocrx_word' id='word_1_132' title='bbox 648 1184 741 1230; x_wconf 85' lang='grc' dir='ltr'><strong><em>τότε</em></strong></span> <span class='ocrx_word' id='word_1_133' title='bbox 761 1185 957 1230; x_wconf 78' lang='grc' dir='ltr'><strong><em>συστάντι</em></strong></span> <span class='ocrx_word' id='word_1_134' title='bbox 985 1186 1099 1244; x_wconf 81' lang='grc' dir='ltr'><strong><em>παρὰ</em></strong></span> <span class='ocrx_word' id='word_1_135' title='bbox 1124 1191 1199 1230; x_wconf 81' lang='grc' dir='ltr'><strong>τοῦ</strong></span> <span class='ocrx_word' id='word_1_136' title='bbox 1219 1187 1261 1229; x_wconf 79' lang='grc' dir='ltr'><strong><em>ἐν</em></strong></span> <span class='ocrx_word' id='word_1_137' title='bbox 1277 1185 1384 1244; x_wconf 74' lang='grc' dir='ltr'><strong><em>αὐτῇ</em></strong></span> <span class='ocrx_word' id='word_1_138' title='bbox 1405 1186 1608 1243; x_wconf 76' lang='grc' dir='ltr'><strong><em>προέδρου</em></strong></span> <span class='ocrx_word' id='word_1_139' title='bbox 1628 1187 1709 1229; x_wconf 84' lang='grc' dir='ltr'><strong><em>Νί-</em></strong></span> 
     </span>
     <span class='ocr_line' id='line_1_16' title="bbox 245 1252 1765 1313; baseline -0.001 -14"><span class='ocrx_word' id='word_1_140' title='bbox 245 1273 397 1313; x_wconf 88' lang='grc' dir='ltr'><strong><em>φωνος,</em></strong></span> <span class='ocrx_word' id='word_1_141' title='bbox 435 1255 588 1312; x_wconf 79' lang='grc' dir='ltr'><strong><em>ἀνδρὸς</em></strong></span> <span class='ocrx_word' id='word_1_142' title='bbox 603 1256 855 1313; x_wconf 84' lang='grc' dir='ltr'><strong><em>δραστηρίου</em></strong></span> <span class='ocrx_word' id='word_1_143' title='bbox 877 1257 945 1298; x_wconf 84' lang='grc' dir='ltr'><strong>καὶ</strong></span> <span class='ocrx_word' id='word_1_144' title='bbox 963 1254 1147 1312; x_wconf 82' lang='grc' dir='ltr'><strong><em>γνώσεως</em></strong></span> <span class='ocrx_word' id='word_1_145' title='bbox 1165 1252 1370 1310; x_wconf 79' lang='grc' dir='ltr'><strong><em>ἐπηβόλου</em></strong></span> <span class='ocrx_word' id='word_1_146' title='bbox 1393 1256 1461 1298; x_wconf 82' lang='grc' dir='ltr'><strong>καὶ</strong></span> <span class='ocrx_word' id='word_1_147' title='bbox 1483 1254 1532 1298; x_wconf 84' lang='grc' dir='ltr'><strong>οὗ</strong></span> <span class='ocrx_word' id='word_1_148' title='bbox 1550 1259 1710 1310; x_wconf 80' lang='grc' dir='ltr'><strong><em>μᾶλλον</em></strong></span> <span class='ocrx_word' id='word_1_149' title='bbox 1722 1263 1765 1297; x_wconf 82' lang='lat'><strong>15</strong></span> 
     </span>
    </p>

    <p class='ocr_par' dir='ltr' id='par_1_5' title="bbox 104 1322 1713 1381">
     <span class='ocr_line' id='line_1_17' title="bbox 104 1322 1713 1381; baseline 0.001 -14"><span class='ocrx_word' id='word_1_150' title='bbox 104 1334 133 1367; x_wconf 90' lang='lat' dir='ltr'>P</span> <span class='ocrx_word' id='word_1_151' title='bbox 156 1335 221 1371; x_wconf 73' lang='lat'><strong>271</strong></span> <span class='ocrx_word' id='word_1_152' title='bbox 246 1331 530 1380; x_wconf 72' lang='grc' dir='ltr'><strong><em>πνευματικοῖς</em></strong></span> <span class='ocrx_word' id='word_1_153' title='bbox 549 1324 574 1380; x_wconf 81' lang='grc' dir='ltr'>ἢ</span> <span class='ocrx_word' id='word_1_154' title='bbox 605 1331 812 1379; x_wconf 83' lang='grc' dir='ltr'><strong><em>κοσμικοῒς</em></strong></span> <span class='ocrx_word' id='word_1_155' title='bbox 830 1326 1030 1381; x_wconf 83' lang='grc' dir='ltr'><strong><em>τρίβωνος</em></strong></span> <span class='ocrx_word' id='word_1_156' title='bbox 1056 1322 1290 1381; x_wconf 79' lang='grc' dir='ltr'><strong><em>πράγμασι,</em></strong></span> <span class='ocrx_word' id='word_1_157' title='bbox 1326 1322 1519 1381; x_wconf 74' lang='grc' dir='ltr'><strong><em>φέροντες</em></strong></span> <span class='ocrx_word' id='word_1_158' title='bbox 1539 1322 1713 1375; x_wconf 76' lang='grc' dir='ltr'><strong><em>ἔαυτους</em></strong></span> 
     </span>
    </p>

    <p class='ocr_par' dir='ltr' id='par_1_6' title="bbox 243 1391 1566 1452">
     <span class='ocr_line' id='line_1_18' title="bbox 243 1391 1566 1452; baseline -0.001 -14"><span class='ocrx_word' id='word_1_159' title='bbox 243 1395 310 1438; x_wconf 81' lang='grc' dir='ltr'><strong>καὶ</strong></span> <span class='ocrx_word' id='word_1_160' title='bbox 327 1400 522 1451; x_wconf 87' lang='grc' dir='ltr'><strong><em>γυναῖκας</em></strong></span> <span class='ocrx_word' id='word_1_161' title='bbox 543 1395 610 1437; x_wconf 80' lang='grc' dir='ltr'><strong>καὶ</strong></span> <span class='ocrx_word' id='word_1_162' title='bbox 633 1394 754 1437; x_wconf 75' lang='grc' dir='ltr'><strong><em>τέκνα</em></strong></span> <span class='ocrx_word' id='word_1_163' title='bbox 776 1395 845 1437; x_wconf 82' lang='grc' dir='ltr'><strong>καὶ</strong></span> <span class='ocrx_word' id='word_1_164' title='bbox 866 1395 949 1447; x_wconf 86' lang='grc' dir='ltr'><strong>ζῶα</strong></span> <span class='ocrx_word' id='word_1_165' title='bbox 971 1395 1040 1438; x_wconf 83' lang='grc' dir='ltr'><strong>καὶ</strong></span> <span class='ocrx_word' id='word_1_166' title='bbox 1056 1391 1232 1452; x_wconf 75' lang='grc' dir='ltr'><strong><em>ὕπαρξιν</em></strong></span> <span class='ocrx_word' id='word_1_167' title='bbox 1252 1393 1566 1450; x_wconf 74' lang='grc' dir='ltr'><strong><em>ἐγκατέκλεισαν.</em></strong></span> 
     </span>
    </p>
   </div>
   <div class='ocr_carea' id='block_1_3' title="bbox 336 1478 574 1526">
    <p class='ocr_par' dir='ltr' id='par_1_7' title="bbox 336 1478 574 1526">
     <span class='ocr_line' id='line_1_19' title="bbox 336 1478 574 1526; baseline -0.004 -11"><span class='ocrx_word' id='word_1_168' title='bbox 336 1480 370 1515; x_wconf 85' lang='grc'><strong>6.</strong></span> <span class='ocrx_word' id='word_1_169' title='bbox 391 1480 478 1526; x_wconf 76' lang='grc' dir='ltr'><strong><em>καὶ]</em></strong></span> <span class='ocrx_word' id='word_1_170' title='bbox 503 1478 574 1517; x_wconf 75' lang='lat' dir='ltr'><strong>td?</strong></span> 
     </span>
    </p>
   </div>
   <div class='ocr_carea' id='block_1_4' title="bbox 241 1557 1771 2890">
    <p class='ocr_par' dir='ltr' id='par_1_8' title="bbox 241 1557 1735 2507">
     <span class='ocr_line' id='line_1_20' title="bbox 245 1557 1712 1604; baseline -0.001 -10"><span class='ocrx_word' id='word_1_171' title='bbox 245 1560 309 1594; x_wconf 87' lang='lat' dir='ltr'><strong>bus</strong></span> <span class='ocrx_word' id='word_1_172' title='bbox 338 1562 474 1604; x_wconf 87' lang='lat' dir='ltr'><strong>raptum</strong></span> <span class='ocrx_word' id='word_1_173' title='bbox 506 1558 814 1604; x_wconf 82' lang='lat' dir='ltr'><strong>latrocinatumque</strong></span> <span class='ocrx_word' id='word_1_174' title='bbox 835 1558 1061 1603; x_wconf 82' lang='lat' dir='ltr'><strong>ducerentur,</strong></span> <span class='ocrx_word' id='word_1_175' title='bbox 1100 1568 1176 1593; x_wconf 86' lang='lat' dir='ltr'><strong>sese</strong></span> <span class='ocrx_word' id='word_1_176' title='bbox 1208 1557 1429 1604; x_wconf 83' lang='lat' dir='ltr'><strong>aggregaturi</strong></span> <span class='ocrx_word' id='word_1_177' title='bbox 1450 1558 1566 1594; x_wconf 84' lang='lat' dir='ltr'><strong>statim</strong></span> <span class='ocrx_word' id='word_1_178' title='bbox 1587 1559 1712 1603; x_wconf 83' lang='lat' dir='ltr'><strong>forent,</strong></span> 
     </span>
     <span class='ocr_line' id='line_1_21' title="bbox 246 1605 1712 1641; baseline 0.001 -2"><span class='ocrx_word' id='word_1_179' title='bbox 246 1610 283 1639; x_wconf 88' lang='lat' dir='ltr'><strong>et</strong></span> <span class='ocrx_word' id='word_1_180' title='bbox 305 1605 422 1639; x_wconf 87' lang='lat' dir='ltr'><strong>eadem</strong></span> <span class='ocrx_word' id='word_1_181' title='bbox 445 1605 541 1638; x_wconf 88' lang='lat' dir='ltr'><strong>nobis</strong></span> <span class='ocrx_word' id='word_1_182' title='bbox 570 1605 656 1640; x_wconf 87' lang='lat' dir='ltr'><strong>duce</strong></span> <span class='ocrx_word' id='word_1_183' title='bbox 679 1609 809 1639; x_wconf 85' lang='lat' dir='ltr'><strong>mutato</strong></span> <span class='ocrx_word' id='word_1_184' title='bbox 835 1605 956 1639; x_wconf 86' lang='lat' dir='ltr'><strong>damna</strong></span> <span class='ocrx_word' id='word_1_185' title='bbox 984 1605 1124 1641; x_wconf 84' lang='lat' dir='ltr'><strong>illaturi.</strong></span> <span class='ocrx_word' id='word_1_186' title='bbox 1170 1605 1255 1638; x_wconf 89' lang='lat' dir='ltr'><strong>haec</strong></span> <span class='ocrx_word' id='word_1_187' title='bbox 1278 1610 1400 1639; x_wconf 89' lang='lat' dir='ltr'><strong>cuncta</strong></span> <span class='ocrx_word' id='word_1_188' title='bbox 1422 1605 1712 1640; x_wconf 73' lang='lat' dir='ltr'><strong>considerantibus</strong></span> 
     </span>
     <span class='ocr_line' id='line_1_22' title="bbox 246 1649 1712 1696; baseline 0 -11"><span class='ocrx_word' id='word_1_189' title='bbox 246 1662 348 1685; x_wconf 92' lang='lat' dir='ltr'><strong>unum</strong></span> <span class='ocrx_word' id='word_1_190' title='bbox 370 1650 557 1694; x_wconf 78' lang='lat' dir='ltr'><strong>dumtaxat,</strong></span> <span class='ocrx_word' id='word_1_191' title='bbox 581 1662 686 1695; x_wconf 83' lang='lat' dir='ltr'><strong>grave</strong></span> <span class='ocrx_word' id='word_1_192' title='bbox 708 1650 792 1684; x_wconf 90' lang='lat' dir='ltr'><strong>illud</strong></span> <span class='ocrx_word' id='word_1_193' title='bbox 814 1650 950 1696; x_wconf 87' lang='lat' dir='ltr'><strong>quidem</strong></span> <span class='ocrx_word' id='word_1_194' title='bbox 974 1654 1010 1684; x_wconf 87' lang='lat' dir='ltr'><strong>et</strong></span> <span class='ocrx_word' id='word_1_195' title='bbox 1031 1650 1200 1695; x_wconf 85' lang='lat' dir='ltr'><strong>iniquum&#39;,</strong></span> <span class='ocrx_word' id='word_1_196' title='bbox 1223 1649 1284 1684; x_wconf 86' lang='lat' dir='ltr'><strong>sed</strong></span> <span class='ocrx_word' id='word_1_197' title='bbox 1307 1650 1397 1695; x_wconf 88' lang='lat' dir='ltr'><strong>quod</strong></span> <span class='ocrx_word' id='word_1_198' title='bbox 1421 1650 1494 1685; x_wconf 88' lang='lat' dir='ltr'><strong>sola</strong></span> <span class='ocrx_word' id='word_1_199' title='bbox 1514 1650 1638 1685; x_wconf 82' lang='lat' dir='ltr'><strong>victrix</strong></span> <span class='ocrx_word' id='word_1_200' title='bbox 1659 1651 1712 1685; x_wconf 81' lang='lat' dir='ltr'><strong>le—</strong></span> 
     </span>
     <span class='ocr_line' id='line_1_23' title="bbox 245 1695 1714 1741; baseline 0.001 -10"><span class='ocrx_word' id='word_1_201' title='bbox 245 1708 326 1741; x_wconf 82' lang='lat' dir='ltr'><strong>gum</strong></span> <span class='ocrx_word' id='word_1_202' title='bbox 346 1701 382 1730; x_wconf 89' lang='lat' dir='ltr'><strong>et</strong></span> <span class='ocrx_word' id='word_1_203' title='bbox 403 1696 525 1730; x_wconf 86' lang='lat' dir='ltr'><strong>iurium</strong></span> <span class='ocrx_word' id='word_1_204' title='bbox 547 1708 668 1731; x_wconf 88' lang='lat' dir='ltr'><strong>secura</strong></span> <span class='ocrx_word' id='word_1_205' title='bbox 691 1696 878 1731; x_wconf 80' lang='lat' dir='ltr'><strong>necessitas</strong></span> <span class='ocrx_word' id='word_1_206' title='bbox 900 1696 935 1730; x_wconf 89' lang='lat' dir='ltr'><strong>in</strong></span> <span class='ocrx_word' id='word_1_207' title='bbox 958 1700 1109 1730; x_wconf 86' lang='lat' dir='ltr'><strong>extrema</strong></span> <span class='ocrx_word' id='word_1_208' title='bbox 1129 1696 1272 1730; x_wconf 90' lang='lat' dir='ltr'><strong>omnium</strong></span> <span class='ocrx_word' id='word_1_209' title='bbox 1294 1695 1502 1741; x_wconf 89' lang='lat' dir='ltr'><strong>reipublicae</strong></span> <span class='ocrx_word' id='word_1_210' title='bbox 1519 1696 1714 1732; x_wconf 77' lang='lat' dir='ltr'><strong>calamitate</strong></span> 
     </span>
     <span class='ocr_line' id='line_1_24' title="bbox 246 1741 1713 1788; baseline 0.001 -12"><span class='ocrx_word' id='word_1_211' title='bbox 246 1747 428 1788; x_wconf 89' lang='lat' dir='ltr'><strong>utcumque</strong></span> <span class='ocrx_word' id='word_1_212' title='bbox 450 1742 626 1777; x_wconf 79' lang='lat' dir='ltr'><strong>tolerabile</strong></span> <span class='ocrx_word' id='word_1_213' title='bbox 648 1746 865 1784; x_wconf 83' lang='lat' dir='ltr'><strong>monstraret,</strong></span> <span class='ocrx_word' id='word_1_214' title='bbox 887 1753 963 1776; x_wconf 89' lang='lat' dir='ltr'><strong>sese</strong></span> <span class='ocrx_word' id='word_1_215' title='bbox 985 1742 1157 1776; x_wconf 85' lang='lat' dir='ltr'><strong>consilium</strong></span> <span class='ocrx_word' id='word_1_216' title='bbox 1179 1741 1348 1776; x_wconf 84' lang='lat' dir='ltr'><strong>offerebat</strong></span> <span class='ocrx_word' id='word_1_217' title='bbox 1373 1742 1442 1776; x_wconf 88' lang='lat' dir='ltr'><strong>tale</strong></span> <span class='ocrx_word' id='word_1_218' title='bbox 1467 1741 1649 1788; x_wconf 77' lang='lat' dir='ltr'><strong>quoddam,</strong></span> <span class='ocrx_word' id='word_1_219' title='bbox 1672 1746 1713 1777; x_wconf 88' lang='lat' dir='ltr'><strong>ut</strong></span> 
     </span>
     <span class='ocr_line' id='line_1_25' title="bbox 242 1788 1713 1834; baseline 0.001 -12"><span class='ocrx_word' id='word_1_220' title='bbox 242 1789 422 1834; x_wconf 87' lang='lat' dir='ltr'><strong>pensiones</strong></span> <span class='ocrx_word' id='word_1_221' title='bbox 445 1800 533 1834; x_wconf 89' lang='lat' dir='ltr'><strong>quae</strong></span> <span class='ocrx_word' id='word_1_222' title='bbox 556 1789 665 1823; x_wconf 85' lang='lat' dir='ltr'><strong>adhuc</strong></span> <span class='ocrx_word' id='word_1_223' title='bbox 689 1801 708 1823; x_wconf 86' lang='lat' dir='ltr'><strong>e</strong></span> <span class='ocrx_word' id='word_1_224' title='bbox 730 1789 813 1823; x_wconf 90' lang='lat' dir='ltr'><strong>fisco</strong></span> <span class='ocrx_word' id='word_1_225' title='bbox 836 1788 1048 1822; x_wconf 88' lang='lat' dir='ltr'><strong>solverentur</strong></span> <span class='ocrx_word' id='word_1_226' title='bbox 1071 1799 1186 1822; x_wconf 90' lang='lat' dir='ltr'><strong>omnes</strong></span> <span class='ocrx_word' id='word_1_227' title='bbox 1211 1789 1343 1822; x_wconf 88' lang='lat' dir='ltr'><strong>omnino</strong></span> <span class='ocrx_word' id='word_1_228' title='bbox 1365 1788 1562 1834; x_wconf 77' lang='lat' dir='ltr'>quibusvis,</span> <span class='ocrx_word' id='word_1_229' title='bbox 1597 1800 1713 1823; x_wconf 87' lang='lat' dir='ltr'><strong>mona-</strong></span> 
     </span>
     <span class='ocr_line' id='line_1_26' title="bbox 242 1833 1714 1879; baseline -0.001 -10"><span class='ocrx_word' id='word_1_230' title='bbox 242 1835 357 1869; x_wconf 84' lang='lat' dir='ltr'><strong>steriis</strong></span> <span class='ocrx_word' id='word_1_231' title='bbox 381 1835 483 1869; x_wconf 88' lang='lat' dir='ltr'><strong>etiam</strong></span> <span class='ocrx_word' id='word_1_232' title='bbox 514 1838 550 1868; x_wconf 88' lang='lat' dir='ltr'><strong>et</strong></span> <span class='ocrx_word' id='word_1_233' title='bbox 573 1834 746 1877; x_wconf 90' lang='lat' dir='ltr'><strong>ecclesiis,</strong></span> <span class='ocrx_word' id='word_1_234' title='bbox 778 1837 1102 1879; x_wconf 82' lang='lat' dir='ltr'><strong>auctoramentaque</strong></span> <span class='ocrx_word' id='word_1_235' title='bbox 1133 1833 1218 1868; x_wconf 88' lang='lat' dir='ltr'><strong>adeo</strong></span> <span class='ocrx_word' id='word_1_236' title='bbox 1243 1837 1317 1879; x_wconf 83' lang='lat' dir='ltr'><strong>ipsa</strong></span> <span class='ocrx_word' id='word_1_237' title='bbox 1339 1834 1629 1879; x_wconf 87' lang='lat' dir='ltr'><strong>praetorianorum</strong></span> <span class='ocrx_word' id='word_1_238' title='bbox 1651 1834 1714 1868; x_wconf 87' lang='lat' dir='ltr'><strong>im-</strong></span> 
     </span>
     <span class='ocr_line' id='line_1_27' title="bbox 242 1879 1714 1928; baseline -0.001 -13"><span class='ocrx_word' id='word_1_239' title='bbox 242 1884 436 1928; x_wconf 83' lang='lat' dir='ltr'><strong>peratorem</strong></span> <span class='ocrx_word' id='word_1_240' title='bbox 459 1880 732 1924; x_wconf 81' lang='lat' dir='ltr'><strong>custodientium,</strong></span> <span class='ocrx_word' id='word_1_241' title='bbox 752 1881 851 1914; x_wconf 88' lang='lat' dir='ltr'><strong>unico</strong></span> <span class='ocrx_word' id='word_1_242' title='bbox 873 1892 915 1914; x_wconf 88' lang='lat' dir='ltr'><strong>ex</strong></span> <span class='ocrx_word' id='word_1_243' title='bbox 939 1879 1091 1915; x_wconf 86' lang='lat' dir='ltr'><strong>omnibus</strong></span> <span class='ocrx_word' id='word_1_244' title='bbox 1115 1883 1259 1926; x_wconf 89' lang='lat' dir='ltr'><strong>excepto</strong></span> <span class='ocrx_word' id='word_1_245' title='bbox 1276 1879 1366 1924; x_wconf 91' lang='lat' dir='ltr'><strong>quod</strong></span> <span class='ocrx_word' id='word_1_246' title='bbox 1384 1879 1630 1914; x_wconf 86' lang='lat' dir='ltr'><strong>monocellicum</strong></span> <span class='ocrx_word' id='word_1_247' title='bbox 1649 1892 1714 1926; x_wconf 89' lang='lat' dir='ltr'><strong>ap·-</strong></span> 
     </span>
     <span class='ocr_line' id='line_1_28' title="bbox 242 1926 1715 1972; baseline 0 -11"><span class='ocrx_word' id='word_1_248' title='bbox 242 1927 382 1971; x_wconf 89' lang='lat' dir='ltr'><strong>pellant,</strong></span> <span class='ocrx_word' id='word_1_249' title='bbox 403 1926 543 1961; x_wconf 88' lang='lat' dir='ltr'><strong>dominis</strong></span> <span class='ocrx_word' id='word_1_250' title='bbox 566 1938 654 1961; x_wconf 88' lang='lat' dir='ltr'><strong>nunc</strong></span> <span class='ocrx_word' id='word_1_251' title='bbox 677 1931 712 1961; x_wconf 92' lang='lat' dir='ltr'><strong>et</strong></span> <span class='ocrx_word' id='word_1_252' title='bbox 733 1927 984 1972; x_wconf 80' lang='lat' dir='ltr'><strong>possessoribus</strong></span> <span class='ocrx_word' id='word_1_253' title='bbox 1007 1937 1122 1961; x_wconf 89' lang='lat' dir='ltr'><strong>eorum</strong></span> <span class='ocrx_word' id='word_1_254' title='bbox 1145 1927 1191 1960; x_wconf 90' lang='lat' dir='ltr'><strong>ad</strong></span> <span class='ocrx_word' id='word_1_255' title='bbox 1213 1930 1346 1971; x_wconf 86' lang='lat' dir='ltr'><strong>tempus</strong></span> <span class='ocrx_word' id='word_1_256' title='bbox 1368 1926 1577 1968; x_wconf 77' lang='lat' dir='ltr'><strong>cedentibus,</strong></span> <span class='ocrx_word' id='word_1_257' title='bbox 1599 1929 1715 1961; x_wconf 85' lang='lat' dir='ltr'><strong>verte-</strong></span> 
     </span>
     <span class='ocr_line' id='line_1_29' title="bbox 241 1971 1715 2018; baseline 0 -12"><span class='ocrx_word' id='word_1_258' title='bbox 241 1978 360 2007; x_wconf 86' lang='lat' dir='ltr'><strong>rentur</strong></span> <span class='ocrx_word' id='word_1_259' title='bbox 383 1972 416 2006; x_wconf 87' lang='lat' dir='ltr'><strong>in</strong></span> <span class='ocrx_word' id='word_1_260' title='bbox 439 1972 606 2018; x_wconf 86' lang='lat' dir='ltr'><strong>stipendia</strong></span> <span class='ocrx_word' id='word_1_261' title='bbox 628 1973 929 2018; x_wconf 81' lang='lat' dir='ltr'><strong>conquirendorum</strong></span> <span class='ocrx_word' id='word_1_262' title='bbox 952 1973 1182 2018; x_wconf 86' lang='lat' dir='ltr'><strong>undecumque</strong></span> <span class='ocrx_word' id='word_1_263' title='bbox 1205 1971 1357 2014; x_wconf 85' lang='lat' dir='ltr'><strong>militum,</strong></span> <span class='ocrx_word' id='word_1_264' title='bbox 1380 1983 1464 2017; x_wconf 91' lang='lat' dir='ltr'><strong>quos</strong></span> <span class='ocrx_word' id='word_1_265' title='bbox 1487 1971 1545 2018; x_wconf 82' lang='lat' dir='ltr'><strong>qui</strong></span> <span class='ocrx_word' id='word_1_266' title='bbox 1566 1971 1618 2006; x_wconf 87' lang='lat' dir='ltr'><strong>sic</strong></span> <span class='ocrx_word' id='word_1_267' title='bbox 1639 1971 1715 2006; x_wconf 87' lang='lat' dir='ltr'><strong>ale-</strong></span> 
     </span>
     <span class='ocr_line' id='line_1_30' title="bbox 241 2017 1735 2064; baseline 0 -12"><span class='ocrx_word' id='word_1_268' title='bbox 241 2023 321 2052; x_wconf 85' lang='lat' dir='ltr'><strong>rent</strong></span> <span class='ocrx_word' id='word_1_269' title='bbox 344 2019 491 2064; x_wconf 88' lang='lat' dir='ltr'><strong>propriis</strong></span> <span class='ocrx_word' id='word_1_270' title='bbox 512 2019 547 2053; x_wconf 87' lang='lat' dir='ltr'><strong>in</strong></span> <span class='ocrx_word' id='word_1_271' title='bbox 570 2030 629 2053; x_wconf 89' lang='lat' dir='ltr'><strong>eos</strong></span> <span class='ocrx_word' id='word_1_272' title='bbox 652 2019 866 2064; x_wconf 82' lang='lat' dir='ltr'><strong>pensionibus</strong></span> <span class='ocrx_word' id='word_1_273' title='bbox 889 2019 1074 2062; x_wconf 74' lang='lat' dir='ltr'><strong>translatis,</strong></span> <span class='ocrx_word' id='word_1_274' title='bbox 1092 2029 1207 2052; x_wconf 87' lang='lat' dir='ltr'><strong>eorum</strong></span> <span class='ocrx_word' id='word_1_275' title='bbox 1231 2017 1296 2052; x_wconf 87' lang='lat' dir='ltr'><strong>sibi</strong></span> <span class='ocrx_word' id='word_1_276' title='bbox 1319 2018 1579 2052; x_wconf 81' lang='lat' dir='ltr'><strong>substitutorum</strong></span> <span class='ocrx_word' id='word_1_277' title='bbox 1603 2018 1735 2056; x_wconf 81' lang='lat' dir='ltr'><strong>mani-,</strong></span> 
     </span>
     <span class='ocr_line' id='line_1_31' title="bbox 242 2063 1712 2110; baseline 0.001 -12"><span class='ocrx_word' id='word_1_278' title='bbox 242 2064 306 2098; x_wconf 89' lang='lat' dir='ltr'><strong>bus</strong></span> <span class='ocrx_word' id='word_1_279' title='bbox 329 2076 494 2110; x_wconf 84' lang='lat' dir='ltr'><strong>pugnare,</strong></span> <span class='ocrx_word' id='word_1_280' title='bbox 518 2065 601 2099; x_wconf 89' lang='lat' dir='ltr'><strong>licet</strong></span> <span class='ocrx_word' id='word_1_281' title='bbox 624 2064 711 2099; x_wconf 90' lang='lat' dir='ltr'><strong>domi</strong></span> <span class='ocrx_word' id='word_1_282' title='bbox 734 2068 930 2107; x_wconf 85' lang='lat' dir='ltr'><strong>manentes,</strong></span> <span class='ocrx_word' id='word_1_283' title='bbox 965 2069 1000 2100; x_wconf 89' lang='lat' dir='ltr'><strong>et</strong></span> <span class='ocrx_word' id='word_1_284' title='bbox 1031 2069 1101 2099; x_wconf 86' lang='lat' dir='ltr'><strong>tam</strong></span> <span class='ocrx_word' id='word_1_285' title='bbox 1134 2064 1327 2099; x_wconf 85' lang='lat' dir='ltr'><strong>necessario</strong></span> <span class='ocrx_word' id='word_1_286' title='bbox 1349 2068 1504 2110; x_wconf 88' lang='lat' dir='ltr'><strong>tempore</strong></span> <span class='ocrx_word' id='word_1_287' title='bbox 1526 2063 1617 2098; x_wconf 81' lang='lat' dir='ltr'><strong>tueri</strong></span> <span class='ocrx_word' id='word_1_288' title='bbox 1638 2075 1712 2099; x_wconf 83' lang='lat' dir='ltr'><strong>rem</strong></span> 
     </span>
     <span class='ocr_line' id='line_1_32' title="bbox 242 2108 1710 2157; baseline 0.001 -15"><span class='ocrx_word' id='word_1_289' title='bbox 242 2114 278 2143; x_wconf 92' lang='lat' dir='ltr'><strong>et</strong></span> <span class='ocrx_word' id='word_1_290' title='bbox 301 2110 467 2154; x_wconf 80' lang='lat' dir='ltr'><strong>publicam</strong></span> <span class='ocrx_word' id='word_1_291' title='bbox 490 2115 525 2145; x_wconf 88' lang='lat' dir='ltr'><strong>et</strong></span> <span class='ocrx_word' id='word_1_292' title='bbox 555 2111 725 2156; x_wconf 89' lang='lat' dir='ltr'><strong>privatam</strong></span> <span class='ocrx_word' id='word_1_293' title='bbox 758 2111 902 2157; x_wconf 88' lang='lat' dir='ltr'><strong>quisque</strong></span> <span class='ocrx_word' id='word_1_294' title='bbox 923 2122 1017 2146; x_wconf 89' lang='lat' dir='ltr'><strong>suam</strong></span> <span class='ocrx_word' id='word_1_295' title='bbox 1039 2111 1256 2153; x_wconf 83' lang='lat' dir='ltr'><strong>viderentur,</strong></span> <span class='ocrx_word' id='word_1_296' title='bbox 1288 2109 1408 2144; x_wconf 87' lang='lat' dir='ltr'><strong>solatio</strong></span> <span class='ocrx_word' id='word_1_297' title='bbox 1430 2111 1584 2144; x_wconf 84' lang='lat' dir='ltr'><strong>iacturae</strong></span> <span class='ocrx_word' id='word_1_298' title='bbox 1607 2112 1643 2143; x_wconf 85' lang='lat' dir='ltr'><strong>et</strong></span> <span class='ocrx_word' id='word_1_299' title='bbox 1665 2108 1710 2144; x_wconf 89' lang='lat' dir='ltr'><strong>ad</strong></span> 
     </span>
     <span class='ocr_line' id='line_1_33' title="bbox 241 2154 1709 2202; baseline -0.001 -13"><span class='ocrx_word' id='word_1_300' title='bbox 241 2154 355 2189; x_wconf 84' lang='lat' dir='ltr'><strong>damni</strong></span> <span class='ocrx_word' id='word_1_301' title='bbox 377 2156 576 2200; x_wconf 83' lang='lat' dir='ltr'><strong>patientiam</strong></span> <span class='ocrx_word' id='word_1_302' title='bbox 597 2157 766 2191; x_wconf 88' lang='lat' dir='ltr'><strong>incentivo</strong></span> <span class='ocrx_word' id='word_1_303' title='bbox 789 2169 855 2192; x_wconf 92' lang='lat' dir='ltr'><strong>non</strong></span> <span class='ocrx_word' id='word_1_304' title='bbox 877 2156 1019 2192; x_wconf 87' lang='lat' dir='ltr'><strong>modico.</strong></span> <span class='ocrx_word' id='word_1_305' title='bbox 1067 2168 1216 2191; x_wconf 82' lang='lat' dir='ltr'><strong>annuere</strong></span> <span class='ocrx_word' id='word_1_306' title='bbox 1247 2156 1298 2190; x_wconf 85' lang='lat' dir='ltr'><strong>his</strong></span> <span class='ocrx_word' id='word_1_307' title='bbox 1325 2159 1360 2190; x_wconf 83' lang='lat' dir='ltr'><strong>et</strong></span> <span class='ocrx_word' id='word_1_308' title='bbox 1382 2157 1531 2202; x_wconf 86' lang='lat' dir='ltr'><strong>probare</strong></span> <span class='ocrx_word' id='word_1_309' title='bbox 1552 2155 1641 2200; x_wconf 88' lang='lat' dir='ltr'><strong>quod</strong></span> <span class='ocrx_word' id='word_1_310' title='bbox 1665 2154 1709 2189; x_wconf 87' lang='lat' dir='ltr'><strong>ad</strong></span> 
     </span>
     <span class='ocr_line' id='line_1_34' title="bbox 244 2200 1710 2248; baseline -0.001 -14"><span class='ocrx_word' id='word_1_311' title='bbox 244 2211 283 2234; x_wconf 86' lang='lat' dir='ltr'><strong>se</strong></span> <span class='ocrx_word' id='word_1_312' title='bbox 305 2201 477 2244; x_wconf 85' lang='lat' dir='ltr'><strong>attineret,</strong></span> <span class='ocrx_word' id='word_1_313' title='bbox 499 2206 660 2248; x_wconf 86' lang='lat' dir='ltr'><strong>quantum</strong></span> <span class='ocrx_word' id='word_1_314' title='bbox 683 2207 758 2237; x_wconf 83' lang='lat' dir='ltr'><strong>erat</strong></span> <span class='ocrx_word' id='word_1_315' title='bbox 780 2202 823 2238; x_wconf 88' lang='lat' dir='ltr'><strong>de</strong></span> <span class='ocrx_word' id='word_1_316' title='bbox 842 2203 1054 2238; x_wconf 83' lang='lat' dir='ltr'><strong>monasteriis</strong></span> <span class='ocrx_word' id='word_1_317' title='bbox 1075 2207 1112 2237; x_wconf 89' lang='lat' dir='ltr'><strong>et</strong></span> <span class='ocrx_word' id='word_1_318' title='bbox 1134 2203 1287 2238; x_wconf 82' lang='lat' dir='ltr'><strong>ecclesiis</strong></span> <span class='ocrx_word' id='word_1_319' title='bbox 1309 2202 1493 2244; x_wconf 85' lang='lat' dir='ltr'><strong>decretum,</strong></span> <span class='ocrx_word' id='word_1_320' title='bbox 1515 2200 1710 2245; x_wconf 82' lang='lat' dir='ltr'><strong>significare</strong></span> 
     </span>
     <span class='ocr_line' id='line_1_35' title="bbox 244 2245 1710 2294; baseline 0 -15"><span class='ocrx_word' id='word_1_321' title='bbox 244 2245 336 2280; x_wconf 84' lang='lat' dir='ltr'><strong>visus</strong></span> <span class='ocrx_word' id='word_1_322' title='bbox 358 2247 554 2292; x_wconf 82' lang='lat' dir='ltr'><strong>patriarcha</strong></span> <span class='ocrx_word' id='word_1_323' title='bbox 577 2253 651 2292; x_wconf 86' lang='lat' dir='ltr'><strong>est,</strong></span> <span class='ocrx_word' id='word_1_324' title='bbox 676 2249 779 2284; x_wconf 87' lang='lat' dir='ltr'><strong>misso</strong></span> <span class='ocrx_word' id='word_1_325' title='bbox 808 2250 852 2283; x_wconf 84' lang='lat' dir='ltr'><strong>ad</strong></span> <span class='ocrx_word' id='word_1_326' title='bbox 878 2250 1064 2294; x_wconf 83' lang='lat' dir='ltr'><strong>Augustum</strong></span> <span class='ocrx_word' id='word_1_327' title='bbox 1087 2250 1184 2283; x_wconf 83' lang='lat' dir='ltr'><strong>oleae</strong></span> <span class='ocrx_word' id='word_1_328' title='bbox 1205 2259 1318 2290; x_wconf 87' lang='lat' dir='ltr'><strong>ramo,</strong></span> <span class='ocrx_word' id='word_1_329' title='bbox 1339 2247 1430 2282; x_wconf 91' lang='lat' dir='ltr'><strong>nullo</strong></span> <span class='ocrx_word' id='word_1_330' title='bbox 1452 2247 1556 2282; x_wconf 84' lang='lat' dir='ltr'><strong>verbo</strong></span> <span class='ocrx_word' id='word_1_331' title='bbox 1581 2245 1710 2280; x_wconf 87' lang='lat' dir='ltr'><strong>addito.</strong></span> 
     </span>
     <span class='ocr_line' id='line_1_36' title="bbox 244 2291 1712 2341; baseline 0.001 -16"><span class='ocrx_word' id='word_1_332' title='bbox 244 2291 279 2325; x_wconf 90' lang='lat' dir='ltr'><strong>id</strong></span> <span class='ocrx_word' id='word_1_333' title='bbox 303 2293 406 2336; x_wconf 88' lang='lat' dir='ltr'><strong>quod,</strong></span> <span class='ocrx_word' id='word_1_334' title='bbox 429 2304 491 2337; x_wconf 89' lang='lat' dir='ltr'><strong>pro</strong></span> <span class='ocrx_word' id='word_1_335' title='bbox 513 2293 642 2338; x_wconf 83' lang='lat' dir='ltr'><strong>ingenti</strong></span> <span class='ocrx_word' id='word_1_336' title='bbox 665 2306 734 2340; x_wconf 89' lang='lat' dir='ltr'><strong>qua</strong></span> <span class='ocrx_word' id='word_1_337' title='bbox 757 2300 1026 2341; x_wconf 86' lang='lat' dir='ltr'><strong>praeoccupatus</strong></span> <span class='ocrx_word' id='word_1_338' title='bbox 1049 2295 1261 2329; x_wconf 86' lang='lat' dir='ltr'><strong>Andronicus</strong></span> <span class='ocrx_word' id='word_1_339' title='bbox 1293 2296 1367 2328; x_wconf 81' lang='lat' dir='ltr'><strong>erat</strong></span> <span class='ocrx_word' id='word_1_340' title='bbox 1389 2291 1563 2327; x_wconf 77' lang='lat' dir='ltr'><strong>Athanasii</strong></span> <span class='ocrx_word' id='word_1_341' title='bbox 1593 2292 1712 2326; x_wconf 87' lang='lat' dir='ltr'><strong>existi-</strong></span> 
     </span>
     <span class='ocr_line' id='line_1_37' title="bbox 244 2336 1710 2384; baseline 0.001 -14"><span class='ocrx_word' id='word_1_342' title='bbox 244 2337 392 2371; x_wconf 86' lang='lat' dir='ltr'><strong>matione</strong></span> <span class='ocrx_word' id='word_1_343' title='bbox 414 2349 455 2372; x_wconf 87' lang='lat' dir='ltr'><strong>ac</strong></span> <span class='ocrx_word' id='word_1_344' title='bbox 478 2339 688 2382; x_wconf 85' lang='lat' dir='ltr'><strong>reverentia,</strong></span> <span class='ocrx_word' id='word_1_345' title='bbox 720 2342 871 2384; x_wconf 84' lang='lat' dir='ltr'><strong>mysterii</strong></span> <span class='ocrx_word' id='word_1_346' title='bbox 892 2343 966 2375; x_wconf 92' lang='lat' dir='ltr'><strong>loco</strong></span> <span class='ocrx_word' id='word_1_347' title='bbox 990 2342 1034 2376; x_wconf 89' lang='lat' dir='ltr'><strong>ab</strong></span> <span class='ocrx_word' id='word_1_348' title='bbox 1058 2353 1098 2375; x_wconf 89' lang='lat' dir='ltr'><strong>eo</strong></span> <span class='ocrx_word' id='word_1_349' title='bbox 1122 2340 1271 2375; x_wconf 85' lang='lat' dir='ltr'><strong>habitum</strong></span> <span class='ocrx_word' id='word_1_350' title='bbox 1296 2342 1331 2373; x_wconf 81' lang='lat' dir='ltr'><strong>et</strong></span> <span class='ocrx_word' id='word_1_351' title='bbox 1351 2338 1385 2372; x_wconf 88' lang='lat' dir='ltr'><strong>in</strong></span> <span class='ocrx_word' id='word_1_352' title='bbox 1409 2349 1483 2372; x_wconf 85' lang='lat' dir='ltr'><strong>eam</strong></span> <span class='ocrx_word' id='word_1_353' title='bbox 1505 2336 1636 2371; x_wconf 87' lang='lat' dir='ltr'><strong>scilicet</strong></span> <span class='ocrx_word' id='word_1_354' title='bbox 1657 2337 1710 2371; x_wconf 84' lang='lat' dir='ltr'><strong>in-</strong></span> 
     </span>
     <span class='ocr_line' id='line_1_38' title="bbox 244 2382 1712 2431; baseline 0 -15"><span class='ocrx_word' id='word_1_355' title='bbox 244 2383 520 2428; x_wconf 83' lang='lat' dir='ltr'><strong>terpretationem</strong></span> <span class='ocrx_word' id='word_1_356' title='bbox 551 2390 686 2431; x_wconf 89' lang='lat' dir='ltr'><strong>raptum</strong></span> <span class='ocrx_word' id='word_1_357' title='bbox 718 2389 791 2428; x_wconf 85' lang='lat' dir='ltr'><strong>est,</strong></span> <span class='ocrx_word' id='word_1_358' title='bbox 826 2391 864 2421; x_wconf 88' lang='lat' dir='ltr'><strong>ut</strong></span> <span class='ocrx_word' id='word_1_359' title='bbox 891 2387 991 2421; x_wconf 85' lang='lat' dir='ltr'><strong>brevi</strong></span> <span class='ocrx_word' id='word_1_360' title='bbox 1023 2391 1215 2421; x_wconf 89' lang='lat' dir='ltr'><strong>secuturam</strong></span> <span class='ocrx_word' id='word_1_361' title='bbox 1245 2396 1287 2419; x_wconf 86' lang='lat' dir='ltr'><strong>ex</strong></span> <span class='ocrx_word' id='word_1_362' title='bbox 1311 2383 1409 2418; x_wconf 80' lang='lat' dir='ltr'><strong>huius</strong></span> <span class='ocrx_word' id='word_1_363' title='bbox 1431 2382 1557 2417; x_wconf 79' lang='lat' dir='ltr'><strong>effectu</strong></span> <span class='ocrx_word' id='word_1_364' title='bbox 1581 2383 1712 2417; x_wconf 86' lang='lat' dir='ltr'><strong>consilii</strong></span> 
     </span>
     <span class='ocr_line' id='line_1_39' title="bbox 242 2429 1711 2507; baseline 0.001 -46"><span class='ocrx_word' id='word_1_365' title='bbox 242 2439 324 2507; x_wconf 56' lang='lat' dir='ltr'><strong>pros</strong></span> <span class='ocrx_word' id='word_1_366' title='bbox 351 2441 441 2463; x_wconf 89' lang='lat' dir='ltr'><strong>eram</strong></span> <span class='ocrx_word' id='word_1_367' title='bbox 474 2441 611 2475; x_wconf 87' lang='lat' dir='ltr'><strong>pacem,</strong></span> <span class='ocrx_word' id='word_1_368' title='bbox 642 2442 708 2464; x_wconf 91' lang='lat' dir='ltr'><strong>non</strong></span> <span class='ocrx_word' id='word_1_369' title='bbox 738 2432 867 2466; x_wconf 89' lang='lat' dir='ltr'><strong>modico</strong></span> <span class='ocrx_word' id='word_1_370' title='bbox 897 2433 934 2466; x_wconf 88' lang='lat' dir='ltr'><strong>in</strong></span> <span class='ocrx_word' id='word_1_371' title='bbox 966 2432 1040 2466; x_wconf 85' lang='lat' dir='ltr'><strong>sinu</strong></span> <span class='ocrx_word' id='word_1_372' title='bbox 1062 2432 1207 2476; x_wconf 82' lang='lat' dir='ltr'><strong>gaudio,</strong></span> <span class='ocrx_word' id='word_1_373' title='bbox 1238 2430 1434 2464; x_wconf 84' lang='lat' dir='ltr'><strong>confideret.</strong></span> <span class='ocrx_word' id='word_1_374' title='bbox 1482 2439 1601 2462; x_wconf 87' lang='lat' dir='ltr'><strong>verum</strong></span> <span class='ocrx_word' id='word_1_375' title='bbox 1622 2429 1711 2463; x_wconf 83' lang='lat' dir='ltr'><strong>haec</strong></span> 
     </span>
    </p>

    <p class='ocr_par' dir='ltr' id='par_1_9' title="bbox 244 2474 1771 2890">
     <span class='ocr_line' id='line_1_40' title="bbox 269 2474 1711 2522; baseline 0.001 -14"><span class='ocrx_word' id='word_1_376' title='bbox 269 2485 311 2508; x_wconf 87' lang='lat' dir='ltr'><strong>au</strong></span> <span class='ocrx_word' id='word_1_377' title='bbox 358 2475 446 2509; x_wconf 87' lang='lat' dir='ltr'><strong>ultra</strong></span> <span class='ocrx_word' id='word_1_378' title='bbox 468 2475 735 2520; x_wconf 83' lang='lat' dir='ltr'><strong>designationem</strong></span> <span class='ocrx_word' id='word_1_379' title='bbox 758 2477 1006 2522; x_wconf 87' lang='lat' dir='ltr'><strong>procedebant,</strong></span> <span class='ocrx_word' id='word_1_380' title='bbox 1039 2477 1236 2511; x_wconf 85' lang='lat' dir='ltr'><strong>absentibus</strong></span> <span class='ocrx_word' id='word_1_381' title='bbox 1259 2476 1369 2510; x_wconf 86' lang='lat' dir='ltr'><strong>adhuc</strong></span> <span class='ocrx_word' id='word_1_382' title='bbox 1390 2474 1456 2508; x_wconf 88' lang='lat' dir='ltr'><strong>illis</strong></span> <span class='ocrx_word' id='word_1_383' title='bbox 1489 2475 1610 2520; x_wconf 90' lang='lat' dir='ltr'><strong>quibus</strong></span> <span class='ocrx_word' id='word_1_384' title='bbox 1632 2476 1711 2509; x_wconf 90' lang='lat' dir='ltr'><strong>fue-</strong></span> 
     </span>
     <span class='ocr_line' id='line_1_41' title="bbox 244 2519 1709 2574; baseline 0.001 -21"><span class='ocrx_word' id='word_1_385' title='bbox 244 2523 302 2555; x_wconf 85' lang='lat' dir='ltr'><strong>rat</strong></span> <span class='ocrx_word' id='word_1_386' title='bbox 324 2519 422 2555; x_wconf 82' lang='lat' dir='ltr'><strong>istius</strong></span> <span class='ocrx_word' id='word_1_387' title='bbox 454 2520 584 2555; x_wconf 88' lang='lat' dir='ltr'><strong>decreti</strong></span> <span class='ocrx_word' id='word_1_388' title='bbox 618 2522 773 2556; x_wconf 88' lang='lat' dir='ltr'><strong>executio</strong></span> <span class='ocrx_word' id='word_1_389' title='bbox 809 2523 977 2558; x_wconf 77' lang='lat' dir='ltr'><strong>mandata,</strong></span> <span class='ocrx_word' id='word_1_390' title='bbox 1021 2523 1158 2557; x_wconf 81' lang='lat' dir='ltr'><strong>interim</strong></span> <span class='ocrx_word' id='word_1_391' title='bbox 1193 2526 1305 2557; x_wconf 89' lang='lat' dir='ltr'><strong>autem</strong></span> <span class='ocrx_word' id='word_1_392' title='bbox 1326 2521 1454 2555; x_wconf 84' lang='lat' dir='ltr'><strong>Persae</strong></span> <span class='ocrx_word' id='word_1_393' title='bbox 1475 2520 1709 2574; x_wconf 81' lang='lat' dir='ltr'><strong>undecumque</strong></span> 
     </span>
     <span class='ocr_line' id='line_1_42' title="bbox 245 2565 1710 2614; baseline 0 -15"><span class='ocrx_word' id='word_1_394' title='bbox 245 2565 435 2608; x_wconf 88' lang='lat' dir='ltr'><strong>irruentes,</strong></span> <span class='ocrx_word' id='word_1_395' title='bbox 465 2578 550 2612; x_wconf 90' lang='lat' dir='ltr'><strong>quos</strong></span> <span class='ocrx_word' id='word_1_396' title='bbox 584 2567 717 2612; x_wconf 90' lang='lat' dir='ltr'><strong>quidem</strong></span> <span class='ocrx_word' id='word_1_397' title='bbox 747 2571 938 2602; x_wconf 86' lang='lat' dir='ltr'><strong>nostrorum</strong></span> <span class='ocrx_word' id='word_1_398' title='bbox 969 2568 1106 2614; x_wconf 87' lang='lat' dir='ltr'><strong>assequi</strong></span> <span class='ocrx_word' id='word_1_399' title='bbox 1140 2571 1302 2614; x_wconf 86' lang='lat' dir='ltr'><strong>potuere,</strong></span> <span class='ocrx_word' id='word_1_400' title='bbox 1334 2570 1551 2612; x_wconf 85' lang='lat' dir='ltr'><strong>peremerunt</strong></span> <span class='ocrx_word' id='word_1_401' title='bbox 1573 2566 1710 2611; x_wconf 80' lang='lat' dir='ltr'><strong>glad103</strong></span> 
     </span>
     <span class='ocr_line' id='line_1_43' title="bbox 246 2611 1710 2666; baseline 0 -20"><span class='ocrx_word' id='word_1_402' title='bbox 246 2611 317 2654; x_wconf 85' lang='lat' dir='ltr'><strong>alii,</strong></span> <span class='ocrx_word' id='word_1_403' title='bbox 342 2611 462 2666; x_wconf 77' lang='lat' dir='ltr'><strong>quibus</strong></span> <span class='ocrx_word' id='word_1_404' title='bbox 483 2612 574 2647; x_wconf 88' lang='lat' dir='ltr'><strong>vires</strong></span> <span class='ocrx_word' id='word_1_405' title='bbox 597 2613 640 2647; x_wconf 90' lang='lat' dir='ltr'><strong>ad</strong></span> <span class='ocrx_word' id='word_1_406' title='bbox 663 2614 779 2657; x_wconf 77' lang='lat' dir='ltr'><strong>fugam</strong></span> <span class='ocrx_word' id='word_1_407' title='bbox 801 2625 868 2647; x_wconf 88' lang='lat' dir='ltr'><strong>non</strong></span> <span class='ocrx_word' id='word_1_408' title='bbox 890 2615 1054 2656; x_wconf 85' lang='lat' dir='ltr'><strong>defuere,</strong></span> <span class='ocrx_word' id='word_1_409' title='bbox 1075 2616 1279 2659; x_wconf 89' lang='lat' dir='ltr'><strong>receperunt</strong></span> <span class='ocrx_word' id='word_1_410' title='bbox 1301 2623 1378 2647; x_wconf 89' lang='lat' dir='ltr'><strong>sese</strong></span> <span class='ocrx_word' id='word_1_411' title='bbox 1399 2613 1490 2647; x_wconf 85' lang='lat' dir='ltr'><strong>intra</strong></span> <span class='ocrx_word' id='word_1_412' title='bbox 1511 2612 1710 2646; x_wconf 79' lang='lat' dir='ltr'><strong>munitiones</strong></span> 
     </span>
     <span class='ocr_line' id='line_1_44' title="bbox 249 2657 1710 2704; baseline 0.001 -13"><span class='ocrx_word' id='word_1_413' title='bbox 249 2657 384 2702; x_wconf 76' lang='lat' dir='ltr'><strong>Cyzici,</strong></span> <span class='ocrx_word' id='word_1_414' title='bbox 408 2669 493 2704; x_wconf 84' lang='lat' dir='ltr'><strong>quas</strong></span> <span class='ocrx_word' id='word_1_415' title='bbox 515 2670 634 2693; x_wconf 88' lang='lat' dir='ltr'><strong>recens</strong></span> <span class='ocrx_word' id='word_1_416' title='bbox 655 2659 784 2693; x_wconf 85' lang='lat' dir='ltr'><strong>validas</strong></span> <span class='ocrx_word' id='word_1_417' title='bbox 810 2664 969 2694; x_wconf 86' lang='lat' dir='ltr'><strong>erexerat</strong></span> <span class='ocrx_word' id='word_1_418' title='bbox 993 2659 1064 2693; x_wconf 91' lang='lat' dir='ltr'><strong>eius</strong></span> <span class='ocrx_word' id='word_1_419' title='bbox 1085 2660 1179 2694; x_wconf 88' lang='lat' dir='ltr'><strong>urbis</strong></span> <span class='ocrx_word' id='word_1_420' title='bbox 1202 2670 1342 2704; x_wconf 88' lang='lat' dir='ltr'><strong>praeses</strong></span> <span class='ocrx_word' id='word_1_421' title='bbox 1366 2658 1517 2704; x_wconf 86' lang='lat' dir='ltr'><strong>Niphon‚</strong></span> <span class='ocrx_word' id='word_1_422' title='bbox 1541 2658 1596 2693; x_wconf 83' lang='lat' dir='ltr'><strong>vir</strong></span> <span class='ocrx_word' id='word_1_423' title='bbox 1618 2661 1710 2692; x_wconf 82' lang='lat' dir='ltr'><strong>stre-</strong></span> 
     </span>
     <span class='ocr_line' id='line_1_45' title="bbox 248 2704 1710 2750; baseline 0 -13"><span class='ocrx_word' id='word_1_424' title='bbox 248 2714 334 2738; x_wconf 84' lang='lat' dir='ltr'><strong>nuus</strong></span> <span class='ocrx_word' id='word_1_425' title='bbox 357 2707 393 2738; x_wconf 83' lang='lat' dir='ltr'><strong>et</strong></span> <span class='ocrx_word' id='word_1_426' title='bbox 414 2704 450 2738; x_wconf 91' lang='lat' dir='ltr'><strong>in</strong></span> <span class='ocrx_word' id='word_1_427' title='bbox 471 2704 589 2749; x_wconf 88' lang='lat' dir='ltr'><strong>paucis</strong></span> <span class='ocrx_word' id='word_1_428' title='bbox 611 2705 729 2748; x_wconf 87' lang='lat' dir='ltr'><strong>solers,</strong></span> <span class='ocrx_word' id='word_1_429' title='bbox 752 2716 816 2739; x_wconf 88' lang='lat' dir='ltr'><strong>nec</strong></span> <span class='ocrx_word' id='word_1_430' title='bbox 836 2705 871 2740; x_wconf 90' lang='lat' dir='ltr'><strong>in</strong></span> <span class='ocrx_word' id='word_1_431' title='bbox 894 2705 1126 2750; x_wconf 81' lang='lat' dir='ltr'><strong>spiritualibus</strong></span> <span class='ocrx_word' id='word_1_432' title='bbox 1149 2705 1254 2750; x_wconf 82' lang='lat' dir='ltr'><strong>magis</strong></span> <span class='ocrx_word' id='word_1_433' title='bbox 1272 2717 1371 2750; x_wconf 85' lang='lat' dir='ltr'><strong>quam</strong></span> <span class='ocrx_word' id='word_1_434' title='bbox 1394 2704 1625 2739; x_wconf 85' lang='lat' dir='ltr'><strong>saecularibus</strong></span> <span class='ocrx_word' id='word_1_435' title='bbox 1647 2714 1710 2737; x_wconf 86' lang='lat' dir='ltr'><strong>ne-</strong></span> 
     </span>
     <span class='ocr_line' id='line_1_46' title="bbox 247 2749 1771 2796; baseline 0.001 -14"><span class='ocrx_word' id='word_1_436' title='bbox 247 2749 350 2793; x_wconf 86' lang='lat' dir='ltr'><strong>gotiis</strong></span> <span class='ocrx_word' id='word_1_437' title='bbox 373 2760 437 2783; x_wconf 89' lang='lat' dir='ltr'><strong>usu</strong></span> <span class='ocrx_word' id='word_1_438' title='bbox 459 2761 578 2794; x_wconf 86' lang='lat' dir='ltr'><strong>magno</strong></span> <span class='ocrx_word' id='word_1_439' title='bbox 600 2751 713 2787; x_wconf 87' lang='lat' dir='ltr'><strong>tritus.</strong></span> <span class='ocrx_word' id='word_1_440' title='bbox 757 2751 848 2785; x_wconf 90' lang='lat' dir='ltr'><strong>intra</strong></span> <span class='ocrx_word' id='word_1_441' title='bbox 869 2751 955 2785; x_wconf 90' lang='lat' dir='ltr'><strong>haec</strong></span> <span class='ocrx_word' id='word_1_442' title='bbox 977 2762 1060 2796; x_wconf 87' lang='lat' dir='ltr'><strong>ergo</strong></span> <span class='ocrx_word' id='word_1_443' title='bbox 1077 2751 1279 2786; x_wconf 85' lang='lat' dir='ltr'><strong>munimenta</strong></span> <span class='ocrx_word' id='word_1_444' title='bbox 1295 2751 1437 2786; x_wconf 85' lang='lat' dir='ltr'><strong>Romani</strong></span> <span class='ocrx_word' id='word_1_445' title='bbox 1459 2762 1534 2785; x_wconf 90' lang='lat' dir='ltr'><strong>cum</strong></span> <span class='ocrx_word' id='word_1_446' title='bbox 1555 2762 1594 2785; x_wconf 92' lang='lat' dir='ltr'><strong>se</strong></span> <span class='ocrx_word' id='word_1_447' title='bbox 1615 2749 1710 2795; x_wconf 86' lang='lat' dir='ltr'><strong>ipsos</strong></span> <span class='ocrx_word' id='word_1_448' title='bbox 1761 2785 1771 2794; x_wconf 62' lang='grc'><strong>,</strong></span> 
     </span>
     <span class='ocr_line' id='line_1_47' title="bbox 247 2795 1709 2843; baseline 0.001 -15"><span class='ocrx_word' id='word_1_449' title='bbox 247 2806 290 2829; x_wconf 88' lang='lat' dir='ltr'><strong>ac</strong></span> <span class='ocrx_word' id='word_1_450' title='bbox 314 2795 472 2840; x_wconf 87' lang='lat' dir='ltr'><strong>coniuges</strong></span> <span class='ocrx_word' id='word_1_451' title='bbox 494 2796 698 2842; x_wconf 87' lang='lat' dir='ltr'><strong>liberosque,</strong></span> <span class='ocrx_word' id='word_1_452' title='bbox 723 2799 794 2831; x_wconf 86' lang='lat' dir='ltr'><strong>tum</strong></span> <span class='ocrx_word' id='word_1_453' title='bbox 817 2797 975 2832; x_wconf 85' lang='lat' dir='ltr'><strong>animalia</strong></span> <span class='ocrx_word' id='word_1_454' title='bbox 997 2803 1034 2832; x_wconf 88' lang='lat' dir='ltr'><strong>et</strong></span> <span class='ocrx_word' id='word_1_455' title='bbox 1055 2798 1216 2843; x_wconf 84' lang='lat' dir='ltr'><strong>reliquias</strong></span> <span class='ocrx_word' id='word_1_456' title='bbox 1238 2797 1291 2831; x_wconf 89' lang='lat' dir='ltr'><strong>rei</strong></span> <span class='ocrx_word' id='word_1_457' title='bbox 1312 2797 1508 2841; x_wconf 77' lang='lat' dir='ltr'><strong>familiaris,</strong></span> <span class='ocrx_word' id='word_1_458' title='bbox 1531 2805 1709 2843; x_wconf 83' lang='lat' dir='ltr'><strong>quascum-</strong></span> 
     </span>
     <span class='ocr_line' id='line_1_48' title="bbox 248 2842 1357 2890; baseline 0.005 -15"><span class='ocrx_word' id='word_1_459' title='bbox 248 2850 316 2886; x_wconf 84' lang='lat' dir='ltr'><strong>que</strong></span> <span class='ocrx_word' id='word_1_460' title='bbox 338 2842 539 2877; x_wconf 87' lang='lat' dir='ltr'><strong>subtrahere</strong></span> <span class='ocrx_word' id='word_1_461' title='bbox 559 2843 669 2878; x_wconf 79' lang='lat' dir='ltr'><strong>furori</strong></span> <span class='ocrx_word' id='word_1_462' title='bbox 690 2843 870 2879; x_wconf 83' lang='lat' dir='ltr'><strong>barbarico</strong></span> <span class='ocrx_word' id='word_1_463' title='bbox 892 2844 1092 2890; x_wconf 81' lang='lat' dir='ltr'><strong>valuerant,</strong></span> <span class='ocrx_word' id='word_1_464' title='bbox 1116 2844 1357 2881; x_wconf 86' lang='lat' dir='ltr'><strong>concluserunt.</strong></span> 
     </span>
    </p>
   </div>
  </div>
 </body>
</html>
