1858 3126
332 119 407 162 DE
433 114 766 160 ANDRONICO
800 111 1174 157 PALAEOLOGO
1206 112 1253 155 L.
1280 112 1336 154 V.
1477 110 1577 157 383

111 233 185 279 οὐκ
201 232 370 277 ἐδείκνυ.
439 229 540 278 τέως
572 227 767 280 συλλέξας
791 226 989 282 ἀρχιερεῖς
1017 228 1084 269 καὶ
1116 225 1332 282 κληρικοὺς
1357 224 1433 280 τὴν
1460 221 1578 267 him„

112 300 259 359 ἐδήλου
284 304 359 344 τοῦ
389 298 652 355 ἅφορισμοῦ,
700 298 994 352 παρεμφαίνων
1035 296 1106 338 καί
1134 311 1240 338 τισιν
1278 296 1321 345 ἐξ
1353 293 1491 337 αὐτῶν
1531 295 1579 337 τὸ

111 369 296 428 γράμμα.
363 369 429 410 καὶ
455 371 514 426 τῷ
544 368 755 418 ἐντεῦθεν,
794 366 877 407 ἐπεὶ
897 364 971 407 οὐκ
988 359 1039 419 ἦν
1069 363 1170 408 ἄλλο
1198 362 1367 419 ἕφέξον,
1404 360 1461 412 ὥς
1486 360 1580 406 ἐδό-

113 458 171 483 κει
187 472 199 491 ,
232 439 308 493 τὴν
335 439 505 492 πρᾶξιν,
546 438 709 477 πολλῶν
728 432 1038 487 ὑπονοουμένων
1070 434 1136 475 καὶ
1161 432 1294 475 ἄλλων
1316 431 1423 475 κατὰ
1445 431 1492 474 τὸ
1514 436 1582 475 λε-

81 520 102 555 5
116 505 272 564 ληθός,
306 503 418 560 ὅμως
438 502 495 554 ὥς
525 505 654 558 δῆθεν
674 504 1000 560 περιαιρεθείσης
1022 507 1110 550 τοῖς
1128 500 1355 556 ἀρχιερεῦσι
1378 505 1453 556 τῆς
1480 500 1580 544 ἐκεῖ·
1604 510 1632 544 Β

113 582 191 620 θεν
212 571 479 631 προφάσεως,
516 569 731 625 σαββάτου
750 576 824 614 τοῦ
848 568 1031 620 ἐπιόντος
1058 572 1126 612 καὶ
1149 574 1344 626 κυριακῆς
1363 570 1424 611 ἐπὶ
1446 567 1582 628 τοίτῳ

114 647 155 688 ἓν
177 649 233 703 τῷ
254 645 357 700 θείῳ
378 642 428 695 δὴ
459 639 579 684 πάλιν
608 645 690 684 τῶν
715 638 839 696 ἁγίων
871 637 1114 682 ἀποστόλων
1141 641 1209 680 καὶ
1231 636 1474 695 περιωνῦμῳ
1495 644 1582 697 ναῷ

113 712 363 769 προσέταττε
394 706 646 765 συνάγεσθαι
668 706 850 760 πάντας,
888 710 956 751 καὶ
973 708 1102 763 μηδὲν
1125 705 1260 766 κύκλῳ
1284 709 1582 761 περιβαλλομέ-

113 799 210 832 νους
230 778 423 834 ὁμονοίας
445 781 611 834 τρίβους
630 784 755 821 ποιεῖν
774 779 842 820 καὶ
862 774 1018 820 τούτων
1039 774 1261 828 ἅπτεσθαι,
1293 774 1349 825 ὥς
1369 775 1418 819 οὗ
1438 777 1584 833 τριβὰς

63 859 106 893 10
116 855 189 894 τοῦ
212 852 355 905 καιροῦ
376 851 623 903 χωροῦντος.
693 847 827 903 γέγονε
852 850 975 890 τοῦτο
1001 845 1107 888 κατὰ
1134 845 1209 899 τὴν
1228 843 1476 901 πρόσταξιν,
1513 849 1583 889 καὶ

115 923 175 978 τῷ
207 915 320 976 τόπῳ
353 913 620 973 συναγόμενοι
654 914 818 970 ἇπεΐχον
845 919 984 973 πολλῷ
1011 914 1088 963 τὰς
1107 912 1275 969 γνώμας
1305 916 1371 955 καὶ
1394 912 1580 968 ὅμονοεΐν

116 987 191 1031 οὐκ
211 983 422 1031 ἔδίναντο.
492 985 574 1027 ἐπεὶ
595 979 668 1028 οὖν
688 984 855 1038 πέμπων
878 981 899 1026 ὅ
917 983 1112 1036 βασιλεῦς
1131 982 1154 1026 ὅ
1174 1000 1213 1025 τι
1231 983 1379 1037 λέγοιεν
1394 982 1580 1027 ε’πυνθᾶ-
1604 993 1635 1027 C

116 1073 207 1099 νετο
218 1087 233 1108 ,
271 1055 433 1111 εἶκοστῇ
454 1053 572 1110 τρίτῃ
602 1053 733 1108 μηνὸς
763 1057 837 1095 τοῦ
858 1051 987 1095 αὐτοῦ
1001 1085 1014 1103 ,
1052 1054 1142 1107 περὶ
1162 1052 1208 1094 τι)
1234 1056 1308 1106 τῆς
1327 1055 1587 1109 μεσημβρίας

115 1125 387 1178 μεσαίτατον,
424 1122 567 1176 ἐπιβὰς
585 1123 711 1164 ἵππου
730 1121 802 1165 τὸν
820 1126 937 1164 θεῖον
958 1119 1264 1174 καταλαμβάνει
1294 1125 1376 1163 τῶν
1403 1121 1588 1165 ἀποστό-

63 1200 105 1236 15
118 1197 199 1237 λων
231 1189 344 1235 ναόν.
416 1192 483 1233 καὶ
509 1190 562 1233 τὰ
590 1190 723 1233 πολλὰ
755 1190 1004 1246 συγγεγονὼς
1029 1192 1192 1246 σφίσιν,
1237 1190 1321 1232 ἐπεὶ
1353 1189 1429 1232 οὐκ
1457 1186 1509 1245 ἦν
1536 1192 1586 1234 τὸ

117 1258 313 1317 παράπαν
335 1257 518 1313 ὁμονοεῖν
528 1291 541 1311 ,
581 1259 721 1311 λαβὼν
746 1259 893 1308 ἐκεῖνος
919 1259 1016 1308 τοὺς
1036 1259 1278 1313 δεχομένους
1305 1258 1376 1301 τὸν
1404 1257 1590 1303 Ἀθανά-

118 1346 221 1382 σιον,
251 1328 368 1385 ἀφεὶς
387 1327 485 1377 τοὺς
502 1328 560 1381 μὴ
582 1327 835 1381 δεχομένους,
877 1326 981 1370 εὐθὺ
1005 1332 1078 1381 τῆς
1094 1331 1226 1382 μονῆς
1249 1327 1399 1369 ἐκείνου
1419 1330 1586 1384 γίνεται,

118 1399 187 1440 καὶ
227 1395 283 1447 ὥς
313 1393 399 1439 οἷόν
427 1395 470 1438 τ’
502 1391 552 1450 ἦν
576 1396 724 1439 ἐκεῖνον
751 1395 1043 1453 ἄρχιερατικῶς
1073 1394 1457 1454 ἐπισκευασάμενοι,
1493 1400 1590 1455 πεζῇ

118 1539 207 1576 tavit
228 1540 287 1576 ille
307 1538 442 1586 quidem
466 1542 526 1574 aut
557 1541 671 1574 notum
701 1540 819 1574 facere
847 1538 1139 1574 indiscriminatim
1161 1539 1317 1575 omnibus
1340 1539 1460 1576 voluit.
1507 1553 1588 1576 con-

117 1587 250 1621 vocatis
271 1590 387 1620 tamen
410 1585 579 1630 episcopis
602 1591 639 1620 et
661 1586 794 1620 clericis
817 1585 1026 1630 significavit
1048 1587 1295 1620 revocationem
1320 1588 1587 1622 excommunica-

119 1633 246 1675 tionis3
281 1637 317 1666 et
349 1632 511 1677 scriptum
536 1632 688 1674 Ioannis,
719 1643 787 1677 qua
811 1639 911 1676 parte
937 1633 1113 1666 dumtaxat
1141 1633 1229 1666 illius
1260 1632 1502 1667 relaxationem
1526 1646 1587 1667 ex-

118 1679 299 1724 primebat,
323 1678 520 1722 quibusdam
545 1689 587 1712 ex
612 1678 664 1712 his
687 1678 846 1712 ostendit.
893 1679 1124 1722 exceptionem
1148 1679 1302 1712 nimirum
1325 1679 1455 1722 scripto
1479 1691 1588 1724 appo-

118 1725 219 1759 sitam
252 1728 372 1758 contra
391 1725 635 1768 promotionem
658 1724 856 1766 Athanasii,
890 1735 933 1757 ne
966 1725 1103 1758 obesset
1125 1725 1281 1768 negotio,
1305 1725 1587 1759 manifestandam

118 1781 187 1804 non
207 1769 355 1815 putavit,
382 1781 521 1813 pronam
544 1771 623 1804 binc
645 1770 811 1804 fluxuram
835 1781 935 1816 quam
958 1771 1104 1814 urgebat
1125 1781 1195 1804 rem
1219 1771 1420 1808 arbitratus,
1457 1771 1485 1804 si
1508 1777 1586 1805 tan-

119 1822 192 1850 tum
210 1815 443 1849 declararetur
466 1815 590 1849 amotio
614 1817 785 1861 praecipui
810 1817 974 1850 hactenus
997 1817 1029 1849 ei
1061 1818 1199 1850 obstare
1222 1816 1287 1849 visi
1310 1816 1420 1859 palam
1442 1815 1586 1861 impedi-

120 1860 246 1903 menti,
269 1861 422 1895 nimirum
451 1862 803 1896 excommunicationis
826 1874 847 1895 a
869 1863 995 1895 Ioanne
1018 1862 1130 1903 latae,
1165 1862 1319 1906 quamvis
1351 1867 1388 1894 et
1418 1862 1484 1895 alia
1517 1873 1585 1896 non

121 1906 250 1940 minora
272 1907 335 1941 hoc
355 1907 530 1940 obstacula
551 1907 608 1940 isti
630 1914 700 1941 tam
723 1909 843 1942 merito
866 1908 1079 1942 exauctorati
1100 1907 1178 1941 olim
1201 1906 1341 1940 hominis
1362 1909 1586 1942 redauctora-

122 1952 207 1985 tioni
229 1952 353 1996 opponi
375 1953 480 1985 tacite
502 1952 562 1986 alii
583 1959 820 1997 suspectantes
842 1957 1070 1987 autumarunt.
1093 1956 1265 1996 Augustus
1287 1952 1404 1996 igitur,
1420 1964 1462 1986 ea
1485 1964 1588 1998 quam

121 1997 192 2030 dixi
215 2007 277 2041 spe
299 2007 522 2041 processurae
541 1999 689 2032 secundo
713 2010 827 2039 cursu,
848 1999 945 2033 velut
966 1999 1053 2031 omni
1077 2009 1211 2031 remora
1232 1998 1377 2041 sublata,
1399 1998 1433 2032 in
1455 2000 1589 2044 episco-

123 2053 242 2088 porum
265 2042 508 2076 deliberatione
530 2044 744 2087 repositionis
767 2044 942 2078 Athanasii
964 2044 1000 2077 in
1022 2044 1149 2084 sedem,
1176 2043 1357 2077 convenire
1379 2045 1489 2078 denuo
1510 2045 1586 2080 illos

122 2098 238 2122 omnes
262 2087 307 2121 ad
330 2088 394 2121 hoc
414 2088 534 2129 iussit,
566 2089 709 2122 sabbato
732 2093 768 2122 et
794 2089 960 2122 dominica
988 2089 1170 2129 insecutis,
1200 2090 1290 2134 apud
1312 2101 1443 2124 sacram
1468 2091 1587 2125 aedem

122 2137 314 2168 sanctorum
346 2133 603 2179 Apostolorum,
636 2136 864 2178 praemonitos
895 2140 932 2168 ut
963 2135 1048 2167 nihil
1072 2135 1139 2168 iam
1170 2135 1263 2168 circa
1284 2136 1398 2170 orbem
1431 2141 1588 2171 errarent

120 2179 255 2213 frivolis
277 2179 462 2223 allegandis
485 2180 731 2223 praetextibus,
754 2180 815 2213 sed
838 2186 950 2213 rectas
971 2183 1127 2214 facerent
1148 2181 1223 2214 vias
1245 2183 1456 2224 concordiae,
1481 2183 1588 2229 idque

122 2230 163 2259 ut
183 2225 302 2261 summi
325 2224 483 2259 momenti
505 2225 675 2267 negotium
697 2226 787 2259 serio
809 2225 943 2258 tandem
967 2230 1202 2268 capesserent:
1227 2238 1268 2260 eo
1287 2227 1414 2273 quippe
1432 2240 1488 2262 res
1505 2240 1587 2274 pro-

122 2271 288 2313 cessisse,
323 2278 362 2304 ut
384 2282 499 2304 morae
522 2271 664 2316 amplius
686 2273 800 2304 nullae
820 2271 979 2304 ferendae
1001 2271 1192 2306 videantur.
1239 2274 1394 2308 fecerunt
1418 2274 1589 2320 imperata.

121 2316 171 2351 illi
193 2317 357 2351 hactenus
380 2322 418 2350 ut
442 2317 551 2350 locum
572 2318 607 2350 in
630 2327 731 2349 unum
754 2319 898 2350 coirent.
943 2320 981 2350 at
1001 2322 1132 2351 tantum
1163 2317 1234 2352 illic
1264 2318 1437 2355 distabant
1460 2321 1587 2355 animo-

118 2372 194 2396 rum
218 2363 383 2403 sensibus,
406 2371 566 2407 quantum
589 2362 733 2396 invicem
757 2366 971 2396 accesserant
991 2362 1118 2400 vicinia,
1137 2375 1333 2409 corporum:
1357 2367 1589 2401 consensionis

121 2418 206 2441 vero
240 2409 331 2442 nulla
363 2409 429 2442 iam
460 2420 540 2453 spes
571 2413 632 2442 aut
654 2409 739 2442 ratio
772 2408 1003 2442 conciliandae
1025 2408 1114 2442 inter
1135 2410 1227 2454 ipsos
1251 2413 1449 2455 apparebat.
1494 2418 1587 2458 quod

123 2464 198 2487 cum
220 2453 404 2499 imperator
427 2465 488 2498 per
510 2466 551 2488 eo
575 2455 693 2488 missos
715 2455 774 2499 qui
797 2466 988 2488 successum
1013 2456 1229 2499 explorarent
1249 2457 1484 2501 intellexisset,
1499 2470 1586 2504 quo—

122 2500 364 2544 modocumque
394 2500 572 2534 absolvere
601 2511 671 2534 rem
708 2501 867 2542 studens,
896 2500 1000 2534 tertia
1028 2507 1064 2532 et
1096 2501 1256 2536 vicesima
1288 2504 1411 2537 mensis
1435 2504 1585 2538 eiusdem

123 2544 191 2583 dic.
216 2545 298 2579 hora
320 2545 396 2589 ipsa
418 2546 613 2586 meridiana,
636 2558 722 2591 equo
746 2557 928 2580 conscenso
952 2546 987 2578 in
1010 2557 1143 2580 sacrum
1165 2549 1406 2592 Apostolorum
1427 2553 1589 2596 templum

125 2589 279 2632 advenit,
313 2591 427 2636 ibique
462 2594 567 2625 multa
589 2603 663 2626 cum
695 2592 863 2637 episcopis
886 2593 1036 2632 locutus,
1050 2592 1121 2625 ‘ubi
1145 2594 1238 2627 clare
1259 2591 1435 2640 perspexit
1457 2597 1590 2630 frustra

124 2636 250 2686 tentari
272 2636 347 2670 vias
369 2648 483 2671 omnes
505 2649 620 2671 eorum
643 2638 678 2671 in
709 2639 958 2672 consensionem
984 2637 1274 2681 adducendorum,
1310 2641 1452 2685 sumptis
1473 2651 1587 2676 secum

125 2678 169 2712 iis
191 2680 249 2724 qui
270 2682 490 2716 Athanasium
510 2684 545 2716 in
567 2684 649 2717 sede
671 2685 856 2729 repositum
879 2684 1058 2724 volebant,
1091 2684 1217 2719 relictis
1240 2697 1320 2720 vero
1342 2686 1411 2719 illic
1433 2686 1477 2719 iis
1500 2697 1589 2732 quo·
1627 2698 1633 2708 ⁴

124 2734 198 2758 rum
222 2732 320 2760 erant
348 2728 464 2762 studia
486 2729 678 2770 contraria,
707 2734 803 2764 recta
831 2729 947 2774 pergit
969 2729 1012 2763 ad
1036 2731 1272 2765 monasterium
1295 2731 1355 2764 uhi
1378 2732 1587 2766 Athanasius

126 2769 284 2814 degebat,
306 2783 349 2807 ac
370 2777 459 2816 eum,
482 2780 586 2819 prout
607 2786 651 2809 ex
672 2779 827 2820 tempore
848 2776 955 2817 licuit,
978 2775 1216 2820 pontificaliter
1238 2781 1404 2821 ornatum,
1427 2777 1504 2823 ipse
1525 2789 1589 2824 pe-
