1820 3112
192 157 286 205 134
610 156 844 203 GEORGII
875 159 1226 205 PACHYMERIS
1288 200 1292 201 ι

188 272 293 317 κατὰ
323 271 394 315 τὸν
422 267 550 327 τόμον
577 270 832 330 ὖφέρποντος
855 270 1226 329 πλημμελήματος,
1271 273 1347 330 οὔχ
1372 273 1504 327 οὕτως
1531 275 1648 331 ἠξίου

187 344 258 385 ε’ἇν
290 338 550 395 ἀδιόρθωτον
560 373 573 394 ,
621 344 689 385 καὶ
713 340 912 392 συνόδους
937 340 1186 397 συνεκρότει,
1222 344 1290 385 καὶ
1320 341 1516 399 πνεύματι
1545 347 1646 398 ζῶν-

187 427 264 460 τας
283 409 439 465 σοφοὺς
460 409 662 466 συνέλεγε,
698 413 764 453 καὶ
785 415 896 468 κοινῇ
919 412 1058 463 σκέψει
1076 411 1320 464 μονωθέντα
1338 412 1410 455 τὸν
1426 411 1554 467 τόμον
1573 418 1648 457 τοῦ

186 482 353 534 βοηθοῦ
373 476 422 536 (ὅ
445 478 489 521 δ’
514 474 563 533 ἦν
583 482 625 522 Γ
622 477 827 536 ρηγόριος)
864 480 1135 533 προσέταττεν
1154 477 1358 532 ἐξετάζειν.
1418 483 1484 523 καὶ
1504 487 1650 539 πρῶτα

186 548 260 601 μὲν
281 547 385 589 κατὰ
408 546 455 589 τὸ
473 547 576 602 μέγα
595 546 794 591 παλάτιον
817 546 981 602 συνάμα
1001 552 1167 602 βασιλεῖ
1180 548 1469 604 συναχθέντων
1485 550 1681 605 σεισμός5

136 621 167 655 Β
193 614 402 670 ἐνσκήψας
421 616 613 672 ἐξαίφνης
631 616 702 659 τὸν
724 614 921 672 σύλλογον
945 618 1092 659 ἐκεῖνον
1116 619 1183 660 καὶ
1213 617 1287 672 τὴν
1306 617 1450 672 σκέψιν
1470 616 1650 662 διέλυεν·

189 683 276 727 εἶτα
296 684 400 726 κατὰ
418 684 470 726 τὰ
492 689 576 727 τῶν
604 688 849 741 Βλαχερνῶν
868 683 1074 742 ἀνάκτορα
1105 688 1170 727 καὶ
1192 681 1317 736 αὖθις
1338 684 1562 742 συνήγοντο
1582 689 1651 730 καὶ

189 753 490 809 ἐπιμελέστερον
516 754 811 800 διεσκέπτοντο.
883 756 949 796 καὶ
971 754 1009 796 οἱ
1025 755 1100 807 μὲν
1117 754 1169 797 τὰ
1198 755 1237 798 οἶ
1262 757 1307 798 δὲ
1325 755 1378 799 τὰ
1397 756 1460 798 ἐπὶ
1479 760 1651 806 πολλαῖς

189 828 279 871 ταῖς
298 820 466 877 ἧμέραις
485 823 872 878 διαφιλονεικοῦντες
897 825 963 865 καὶ
984 823 1185 878 λέγοντες,
1224 823 1361 877 τέλος,
1399 825 1483 867 ἐπεὶ
1504 824 1579 867 οὐκ
1599 819 1651 880 ἦν

191 897 423 947 συμφωνεῖν
450 891 512 932 εἠὶ
541 896 593 948 τῇ
623 896 695 934 τοῦ
725 889 966 948 γράμματος
989 890 1238 946 διορθώσει,
1286 891 1494 943 ὖπεξεΐλον
1516 893 1707 938 τέλεον10

189 959 265 1014 τὴν
287 957 493 1015 ἐξήγησιν,
532 967 713 1015 κρεῖττον
733 958 976 1016 ἡγησάμενοι
994 960 1052 1015 μὴ
1077 959 1181 1011 ὅλως
1206 960 1252 1004 τὸ
1274 961 1398 1019 ῥητὸν
1419 962 1654 1018 ἐξηγεῖσθαι

189 1026 217 1083 ἢ
238 1027 530 1083 ἐξηγουμένους
549 1028 808 1085 ἀναρρίπτειν
833 1030 1032 1072 κίνδυνον.

140 1107 170 1142 Α
334 1097 409 1141 12.
485 1094 657 1140 Τούτων
691 1097 741 1153 δὴ
773 1095 992 1153 γεγονότων
1023 1095 1177 1149 οὕτως,
1221 1097 1414 1150 βασιλεὺς
1442 1099 1508 1141 καὶ
1525 1093 1652 1149 αὖθις

190 1164 319 1214 πολὺς
349 1160 400 1219 ἦν
435 1163 570 1219 ἀλγῶν
599 1167 663 1208 ἐπὶ
691 1170 743 1224 τῇ
773 1163 981 1209 διαστάσει
1011 1170 1094 1208 τῶν
1122 1165 1414 1221 Ἀρσενιατῶν,
1456 1169 1523 1209 καὶ
1546 1166 1654 1217 ἅπας

192 1234 363 1289 ἐγίγνετο
394 1235 428 1275 εἰ
455 1231 543 1276 οἶόν
571 1251 613 1277 τε
641 1233 906 1289 συμβιβὰζειν
937 1234 1088 1284 αὐτοὺς
1125 1236 1191 1276 καὶ
1223 1238 1273 1291 τῇ
1304 1233 1652 1294 ἐκκλησίαένοῦν.
1665 1244 1709 1280 15

193 1301 336 1356 ἔτυχον
355 1301 432 1357 γὰρ
453 1304 520 1344 καὶ
543 1302 660 1346 αὐτοὶ
691 1303 797 1346 καθ’
831 1302 1001 1353 ἑαυτοὺς
1031 1300 1350 1356 στασιάσαντες,
1389 1301 1445 1354 ὥς
1465 1302 1541 1347 δύο
1559 1305 1656 1359 μοί-

193 1387 269 1424 ρας
285 1370 474 1425 γενέσθαι
488 1403 500 1423 ,
537 1371 636 1421 τοὺς
664 1372 738 1425 μὲν
760 1373 923 1422 πλείους
943 1371 1048 1427 ἀμφὶ
1080 1371 1151 1414 τὸν
1169 1370 1391 1415 ςΥάκινθον
1403 1405 1417 1425 ,
1455 1373 1586 1423 ένίους
1610 1374 1656 1416 δὲ

192 1440 234 1480 ἓν
263 1442 321 1497 τῷ
352 1438 643 1498 Ταρχανειώτῃ
671 1438 840 1498 Ἰωάννῃ
868 1438 1072 1493 σαλεύειν,
1112 1439 1526 1496 ἀκριβολογουμένους
1550 1439 1654 1498 ὑπὲρ

139 1506 168 1540 Β
193 1508 366 1556 ἐκείνους
396 1508 448 1550 τὰ
479 1513 673 1561 πλεῖστα,
711 1511 776 1551 καὶ
806 1509 867 1552 ὅτι
893 1510 996 1563 χθὲς
1025 1511 1091 1551 καὶ
1114 1509 1192 1564 πρὸ
1215 1511 1354 1566 τρίτης
1379 1511 1421 1552 ἐν
1439 1512 1535 1567 πυρὶ
1559 1508 1655 1552 ἐκά-

195 1580 294 1618 λουν
316 1576 416 1619 θεὸν
436 1576 475 1619 οἷ
494 1576 600 1635 ἀμφὶ
627 1578 697 1622 τὸν
712 1576 935 1621 εΥάκινθον
948 1612 960 1632 ,
995 1575 1284 1636 πυρσολάτρας
1304 1578 1475 1628 ἐκείνους
1496 1577 1713 1622 daona-20

192 1705 290 1741 terim
323 1718 364 1741 ac
394 1707 463 1742 late
497 1720 636 1755 serpere
665 1721 825 1744 arcanum
855 1720 1006 1743 murmur
1029 1709 1072 1743 de
1093 1708 1224 1753 flagitio
1238 1733 1250 1750 ,
1283 1708 1372 1755 quod
1393 1708 1475 1743 tomi
1497 1709 1658 1743 mendose

193 1753 315 1798 scripti
345 1758 472 1788 temere
501 1756 677 1800 probanda
708 1756 857 1790 editione
888 1755 990 1799 vulgo
1021 1755 1205 1789 conscitum
1227 1760 1428 1800 putaretur,
1459 1755 1547 1789 haud
1570 1765 1658 1800 qua-

194 1809 296 1843 quam
318 1799 527 1834 tolerandum
550 1802 678 1836 diutius
700 1803 822 1836 statuit
843 1801 909 1836 teri
930 1800 1083 1835 manibus
1105 1802 1364 1844 inemendatum,
1378 1805 1418 1835 ut
1439 1806 1515 1836 erat
1536 1801 1657 1845 adhuc,

152 1859 158 1865 ·
193 1844 347 1878 volumen
369 1845 460 1880 istud
483 1851 519 1880 et
545 1846 682 1892 impune
710 1859 772 1893 pro
801 1848 967 1882 inoffenso
991 1858 1179 1892 securoque
1202 1847 1423 1884 circumferri.
1469 1858 1552 1892 ergo
1576 1858 1658 1881 con-

193 1896 316 1924 ventus
338 1890 458 1926 indicit·
489 1893 630 1927 delectis
651 1894 685 1927 in
717 1905 776 1928 eos
798 1894 882 1928 viris
906 1893 1029 1939 spiritu
1051 1892 1246 1927 viventibus
1269 1897 1305 1927 et
1330 1893 1550 1938 sapientibus.
1596 1893 1660 1927 hos

194 1935 293 1969 iussit
317 1937 413 1971 simul
435 1950 550 1972 omnes
573 1939 752 1984 explorare
781 1940 853 1974 acri
889 1939 1042 1973 examine
1064 1942 1188 1973 tomum
1211 1950 1274 1984 per
1296 1951 1334 1973 se
1357 1939 1482 1980 solum,
1514 1939 1582 1973 hoc
1603 1942 1660 1973 est

194 1982 395 2016 destitutum
427 1985 599 2030 praesenti
631 1985 819 2030 patrocinio
843 1985 993 2020 auctoris
1021 1990 1058 2019 et
1089 1985 1278 2019 defensoris
1301 1985 1352 2019 sui
1376 1984 1550 2030 Gregorii.
1596 1985 1660 2019 ho-

193 2038 267 2060 rum
293 2034 446 2063 coetuum
471 2030 597 2075 primus
620 2031 738 2065 haberi
761 2035 921 2077 coeperat
945 2034 1034 2077 apud
1058 2042 1211 2076 magnum
1235 2031 1416 2076 palatiumz
1448 2042 1565 2065 verum
1595 2030 1662 2064 im-

193 2078 356 2117 peratore
378 2074 444 2109 iam
468 2076 537 2110 illic
559 2089 631 2111 cum
655 2077 822 2111 universis
844 2077 901 2123 qui
925 2076 1039 2111 vocati
1061 2078 1198 2111 fuerant
1220 2078 1380 2119 sedente,
1412 2080 1661 2111 terraemotus

194 2118 355 2161 ingruens
379 2122 555 2156 concilium
580 2123 714 2168 trepide
738 2123 913 2166 dissolvit,
938 2123 1076 2168 negotio
1100 2123 1256 2168 abrupto.
1303 2128 1382 2168 post
1403 2123 1489 2158 haec
1509 2123 1543 2156 in
1566 2122 1661 2166 regia

197 2163 462 2200 Blachernarum
484 2167 605 2202 iterum
629 2169 828 2214 congregati
851 2170 1042 2203 accuratius
1074 2169 1118 2203 de
1142 2180 1180 2202 re
1202 2174 1277 2204 tota
1300 2169 1550 2209 consultat-unt,
1584 2167 1662 2202 aliis

197 2209 274 2249 hoc,
298 2210 373 2244 aliis
395 2211 475 2245 illud
499 2215 728 2256 censentibus,
753 2215 864 2261 quoad
887 2215 1054 2249 continuis
1076 2214 1202 2249 dierum
1225 2215 1404 2249 multarum
1429 2213 1663 2248 altercationi-

137 2278 141 2285 .
200 2255 264 2288 bus
287 2255 320 2288 in
340 2256 462 2290 nullum
487 2261 662 2294 concordis
686 2262 729 2295 de
752 2261 851 2295 istius
875 2261 993 2307 scripti
1018 2260 1228 2295 correctione
1257 2260 1447 2294 sententiae
1478 2258 1664 2292 desinenti-

202 2301 266 2333 bus
288 2301 402 2345 finem,
424 2304 558 2338 tandem
583 2312 810 2341 convenerunt
838 2307 875 2340 in
899 2307 999 2352 plane
1029 2307 1178 2341 tollenda
1200 2305 1415 2340 enarratione
1447 2304 1514 2338 loci
1534 2304 1662 2339 Dama-

200 2345 306 2388 sceui,
327 2349 564 2391 praestabilius
577 2350 738 2386 ducentes
753 2353 977 2398 inexpositum
995 2353 1137 2397 relinqui
1151 2351 1378 2386 testimonium
1395 2350 1476 2384 illud
1497 2361 1597 2395 quam
1618 2362 1660 2384 eo

202 2393 400 2437 exponendo
422 2395 603 2429 veritatem
623 2397 787 2441 dogmatis
816 2405 852 2431 et
875 2399 1041 2443 publicam
1057 2399 1203 2444 quietem
1222 2397 1390 2431 adducere
1407 2397 1443 2430 in
1466 2396 1663 2441 periculum.

296 2451 349 2485 12.
397 2450 462 2485 His
485 2463 587 2496 porro
616 2452 666 2486 sic
689 2455 871 2488 transactis
893 2455 1077 2500 imperator
1103 2465 1218 2488 rursus
1242 2454 1364 2487 multus
1388 2456 1463 2487 erat
1487 2452 1523 2486 in
1545 2452 1665 2498 deplo-

202 2495 311 2529 randa
333 2497 540 2542 ferendaque
563 2497 851 2543 impatientissime
883 2500 1072 2534 secessione
1106 2499 1384 2541 Arseuiatarum,
1417 2502 1452 2532 et
1484 2501 1593 2533 totum
1625 2509 1664 2532 se

202 2541 352 2575 addebat
374 2542 410 2576 in
434 2548 586 2577 conatum
621 2545 871 2589 procurandae,
905 2545 935 2579 si
967 2545 1043 2579 fieri
1078 2549 1211 2590 posset,
1243 2544 1482 2579 conciliationis
1513 2543 1663 2589 ipsorum

202 2592 238 2620 et
260 2587 476 2623 reiunctionis
500 2600 574 2622 cum
597 2590 751 2625 ecclesia.
797 2591 935 2624 fovebat
958 2591 1029 2624 eius
1051 2591 1085 2624 in
1109 2602 1148 2624 eo
1172 2602 1296 2635 genere
1318 2602 1436 2635 spem,
1467 2589 1558 2635 quod
1581 2595 1663 2623 tunc

203 2633 408 2668 commodum
431 2634 595 2669 dissidere
616 2635 691 2670 illos
714 2636 802 2669 inter
825 2647 901 2670 sese
925 2637 1110 2678 ferebatur,
1133 2636 1168 2670 in
1191 2636 1354 2671 factiones
1382 2635 1542 2670 discissos
1567 2635 1665 2677 duas,

202 2690 343 2723 quarum
377 2681 583 2714 numerosior
611 2681 727 2715 ducem
760 2683 965 2727 sequebatur
995 2682 1242 2726 Hyacinthum,
1285 2682 1387 2727 pauci
1426 2681 1484 2715 alii
1522 2686 1664 2716 auctore

200 2723 328 2759 Joanne
351 2725 584 2760 Tarchaniota
607 2727 811 2761 fluctuantes
834 2727 1113 2762 conflictabantur
1143 2728 1309 2774 scrupulis
1329 2727 1496 2763 subtilium
1521 2726 1666 2762 cavilla-

201 2770 445 2815 tiuncularum3
470 2773 558 2806 unde
580 2773 612 2806 in
639 2785 788 2807 morosas
811 2773 952 2807 aliorum
974 2774 1202 2818 sugillationes
1225 2775 1463 2820 erumpebant,
1490 2773 1664 2818 culpantes

201 2826 261 2849 eos
284 2817 318 2851 in
341 2818 514 2863 plurimis,
550 2830 592 2853 ac
615 2819 703 2866 qnod
727 2819 965 2865 Hyacinthiani
997 2820 1087 2855 haud
1109 2820 1157 2854 ita
1181 2820 1310 2867 pridem
1334 2820 1433 2855 deum
1456 2819 1490 2854 in
1511 2819 1590 2865 igue
1611 2817 1665 2853 in-
