1858 3126
174 1837 327 1874 P595‘

285 155 386 216 ¹320
689 164 998 209 OBSERVAT.
1028 165 1337 210 PACHYMER.

290 282 480 328 concepto
498 274 541 312 in
564 272 719 312 Abakae
737 274 924 313 familiam
945 273 1084 322 furori,
1107 272 1201 311 dum
1224 271 1421 323 Argunem
1436 271 1589 313 Abakae
1607 273 1735 312 filium

291 335 423 374 studet
444 330 693 383 opprimere,
722 331 770 368 ab
796 344 841 368 eo
873 336 912 369 et
944 330 977 367 ei
1000 329 1249 382 studentibus
1278 326 1397 367 fuisse
1415 329 1736 380 comprehensum

291 397 332 429 et
351 387 552 428 custodiae
581 388 849 439 mancipatum
880 385 943 424 die
970 386 1154 424 Mercurii
1170 384 1320 423 Iomadi
1350 384 1495 436 prioris
1517 385 1737 435 undecimo,

293 446 386 484 anni
407 443 570 494 Hegirae
599 445 695 490 683,
716 443 782 494 qui
806 442 956 494 incepit
976 456 996 479 a
1018 441 1081 480 die
1099 445 1154 483 20
1174 440 1304 478 Martii
1322 449 1424 478 atino
1449 439 1595 478 Christi
1619 441 1738 483 1284.

294 509 354 541 est
372 499 525 540 Iomadi
550 498 660 551 prior
684 500 844 548 quintus
874 497 1011 536 ordine
1040 496 1184 535 mensis
1207 497 1248 534 in
1278 509 1381 534 anno
1413 496 1604 545 Arabic03
1628 496 1738 534 cuius

295 557 487 596 kalendae
521 569 540 592 a
577 558 631 595 20
657 555 789 593 Martii
819 559 1044 592 numeratae
1076 553 1258 591 incidunt
1283 553 1325 589 in
1359 551 1556 590 decimum
1585 557 1739 590 sextum

295 614 387 653 Iulii
412 613 493 650 eius
514 603 660 648 Christi
699 611 791 649 anni
816 611 921 652 1284
947 609 1182 657 bissextilis,
1222 608 1335 645 cuius
1356 608 1489 659 cyclus
1508 607 1602 646 solis
1620 607 1697 645 fuit
1714 605 1740 647 5

297 676 337 708 et
357 670 471 709 litera
492 666 740 706 dominicalis
759 664 790 704 B
815 666 858 714 A,
887 667 992 704 unde
1023 668 1129 717 patet
1161 664 1408 702 undecimum
1430 663 1578 701 Iomadi
1597 663 1742 715 prioris

297 735 343 766 re
371 739 463 764 vera
493 723 614 761 fuisse
642 721 744 760 diem
776 720 984 760 Mercurii:
1013 721 1104 759 talis
1133 721 1234 758 enim
1254 720 1328 758 fuit
1348 719 1444 758 feria
1465 723 1519 762 26
1541 719 1622 758 dies
1639 719 1743 768 Iulii,

299 796 391 821 cum
413 779 623 819 undecimo
650 778 713 816 die
729 777 879 816 Iomadi
898 778 1041 828 prioris
1064 777 1303 814 coincidens.
1358 775 1436 813 iam
1462 781 1547 813 tum
1569 789 1592 813 a
1607 775 1742 813 clauso

298 839 342 876 in
363 849 517 875 carcere
539 829 712 872 Ahmede
727 834 858 885 coepit
877 833 1162 884 Mogulensium
1179 844 1371 870 consensu
1394 831 1587 883 imperare
1607 831 1742 881 Argun

299 894 419 932 titulo
449 888 592 930 chanis
621 893 846 942 assumpto}
876 900 966 927 nam
985 889 1168 940 deinceps
1185 888 1365 939 Argun-
1379 887 1493 925 Clzan
1524 894 1583 926 est
1602 887 1741 925 dictus.

299 949 476 988 meminit
503 939 622 984 liuius
647 945 907 997 Pachymeres
933 960 975 998 p.
1003 944 1084 986 327
1105 957 1143 983 v.
1163 947 1218 985 22
1239 941 1420 994 Arganen
1438 943 1566 980 Kanin
1582 955 1743 982 vocans.

303 1006 539 1043 censuerunt
559 1007 687 1040 autem
708 1001 905 1053 principes
927 1000 1158 1048 Ahmedem,
1188 1006 1232 1037 ut
1254 998 1383 1037 caedis
1405 997 1742 1037 Abakae—Chanis

301 1056 438 1106 reum,
478 1058 563 1096 iure
595 1066 710 1108 posse
742 1056 931 1102 interfici3
966 1056 1087 1106 idque
1114 1062 1291 1093 auctores
1323 1054 1399 1105 ipsi
1428 1054 1588 1092 iubendi
1621 1060 1743 1093 erant.

302 1129 437 1154 verum
457 1114 526 1151 ille
548 1114 769 1161 recusavit,
799 1112 892 1150 satis
912 1112 1059 1150 habens
1078 1111 1290 1149 Almiedem
1323 1110 1440 1147 matri
1460 1106 1680 1161 Kungortai
1706 1115 1744 1147 et

302 1163 421 1209 huius
440 1169 532 1207 filiis
548 1168 706 1218 dedere,
737 1167 804 1219 qu‘i
823 1180 910 1205 eum
930 1166 1161 1206 'occiderunt
1180 1167 1222 1204 in
1240 1167 1429 1204 ultionem
1446 1172 1628 1217 paternae
1649 1179 1744 1203 cae-

305 1226 365 1265 dis
381 1226 443 1263 die
471 1227 498 1266 2
527 1224 673 1262 Iomadi
702 1223 956 1276 posterioris,
997 1237 1095 1274 quae
1122 1223 1204 1262 dies
1235 1222 1275 1260 in
1298 1221 1432 1260 feriam
1449 1221 1541 1260 item
1565 1227 1744 1273 quartam

304 1275 466 1331 incidit,
501 1285 545 1317 ut
572 1280 626 1317 ait
660 1278 972 1330 Abulpbaragius
998 1286 1036 1316 et
1066 1292 1201 1317 verum
1232 1277 1426 1322 cernitur,
1457 1277 1647 1328 siquidem
1675 1277 1745 1316 Io-

306 1337 413 1376 inadi
446 1335 696 1388 posterioris,
736 1335 839 1373 sexti
868 1335 1011 1372 mensis
1039 1335 1232 1382 Arabum,
1269 1334 1352 1372 dies
1370 1334 1565 1372 secundus
1584 1333 1624 1371 in
1643 1333 1743 1372 diem

307 1408 352 1431 eo
375 1406 477 1430 anno
497 1381 643 1430 Christi
666 1391 774 1433 1284
793 1390 895 1428 cedit
915 1396 1070 1428 'sextum
1088 1390 1275 1441 decimum
1301 1389 1444 1427 mensis
1473 1389 1650 1440 Augusti,
1681 1387 1746 1426 cui

308 1449 387 1487 diei
414 1447 462 1485 ad
488 1445 702 1497 marginem
728 1445 879 1484 adiacet
901 1445 943 1484 in
974 1447 1148 1484 Romano
1176 1445 1404 1484 kalendario
1429 1445 1543 1484 litera
1569 1446 1622 1494 D,
1651 1450 1747 1482 nota

309 1510 469 1554 quartae
493 1503 631 1551 feriae5
662 1501 839 1553 quando,
867 1507 914 1539 ut
934 1508 1031 1540 tunc
1045 1531 1055 1549 ‚
1085 1503 1197 1540 litera
1217 1501 1336 1540 feriae
1356 1501 1504 1553 primae
1521 1501 1603 1540 sive
1624 1500 1746 1538 dumi-

309 1559 421 1597 nicae
438 1557 557 1594 index
577 1563 636 1595 est
656 1558 701 1595 A.
757 1552 822 1595 hie
844 1556 984 1595 desinit
1006 1551 1229 1595 'Chronicon
1250 1547 1549 1609 Abulpharagii5
1580 1556 1645 1594 cui
1665 1551 1748 1592 La-

310 1609 420 1652 tinus
437 1612 631 1663 interpres
652 1612 868 1663 perutiliter
883 1613 1193 1663 supplementum
1216 1613 1386 1650 attexuit
1414 1625 1462 1662 ex
1482 1612 1530 1649 Al
1547 1611 1747 1659 Iannabio,

312 1667 502 1719 Abulfeda
514 1698 525 1716 ‚
557 1667 641 1705 Ebn
660 1664 844 1718 Yusepho
863 1673 901 1704 et
922 1668 1007 1705 aliis
1032 1668 1279 1718 chronologis
1298 1667 1484 1706 Arabibus
1503 1675 1748 1719 expressum,

312 1724 421 1762 unde
437 1721 504 1761 hie
523 1721 756 1772 Mogulensis
774 1723 926 1773 imperii
955 1725 1127 1762 extrema
1149 1730 1325 1775 tempora
1337 1752 1348 1772 ‚
1386 1728 1576 1774 quantum
1595 1723 1646 1761 ad
1665 1736 1748 1761 rem

312 1785 486 1825 nostram
508 1779 708 1827 conferet,
736 1778 952 1833 reddemus.
1048 1827 1053 1830 Ι
1499 1789 1503 1791 ’

425 1832 533 1873 XVI.
591 1832 874 1885 Arguu-Chan
910 1843 1011 1871 anuo
1042 1833 1139 1884 Heg.
1168 1835 1261 1883 6903
1289 1833 1356 1885 qui
1390 1839 1411 1872 a
1438 1833 1501 1872 die
1529 1833 1555 1876 4
1581 1833 1750 1873 Ianuarii

316 1890 409 1930 anni
427 1888 570 1928 Christi
599 1892 703 1931 1291
726 1890 843 1927 duxit
859 1890 1035 1938 initium,
1064 1889 1182 1942 finem
1202 1890 1421 1942 imperandi
1441 1893 1479 1928 et
1498 1890 1660 1941 vivendi
1686 1891 1749 1929 fe·

316 1948 397 1996 cit,
422 1950 596 1996 venene,
624 1948 671 1983 ut
702 1948 760 1983 est
786 1945 999 1995 creditum3
1030 1945 1205 1983 sublatus
1235 1959 1255 1983 a
1283 1943 1454 1992 Iudaeis,
1482 1951 1612 1984 meuse
1627 1946 1748 1985 flabia

316 2001 464 2055 priori:
495 1998 561 2040 hic
586 2000 723 2039 tertius
751 2006 809 2040 est
831 2002 873 2039 iri
894 2015 997 2039 anno
1019 2001 1206 2051 Arabico,
1243 2008 1282 2040 et
1300 1996 1396 2039 tunc
1412 2001 1548 2039 maiori
1568 2015 1617 2040 ex
1638 2007 1749 2052 parte

317 2056 458 2107 Martio
479 2057 630 2095 Iuliano
655 2057 872 2108 respondit.
935 2057 1030 2095 huic
1070 2057 1256 2095 successit
1289 2057 1462 2095 Caichtzz
1490 2057 1576 2106 vel,
1611 2063 1662 2095 ut,
1683 2057 1750 2095 alii

318 2111 516 2161 scribunt,
550 2113 752 2162 θαηὶάίιι,
782 2113 847 2150 cui
866 2113 1086 2151 communis
1106 2122 1193 2150 cum
1216 2113 1376 2163 Argun-
1392 2113 1522 2150 Chane
1544 2119 1654 2164 pater
1674 2113 1750 2152 fuit

319 2166 465 2208 Abaka.
520 2165 628 2205 hunc
649 2173 803 2206 morum
827 2166 1077 2219 improbitate
1099 2168 1177 2205 suis
1202 2177 1361 2206 exosum
1381 2169 1526 2207 factum
1546 2169 1750 2220 Mogu'len-

320 2224 423 2261 sium
449 2223 627 2274 plerique
654 2223 756 2261 facta
790 2223 1080 2273 coniuratione,
1117 2224 1229 2262 cuius
1256 2225 1339 2262 dux
1366 2225 1443 2262 fuit
1471 2224 1616 2263 Raida
1644 2222 1749 2263 filius

319 2266 479 2328 Targihi
506 2278 637 2316 fratris
669 2275 845 2328 Abakae,
890 2279 1099 2329 fugientem
1135 2281 1299 2318 assecuti
1338 2276 1603 2327 trucidarunt,
1647 2293 1750 2318 anno

321 2331 485 2383 Hegirae
514 2333 616 2382 694,
652 2334 764 2372 cuius
803 2334 991 2372 kalendae
1030 2326 1264 2373 Muharrami
1297 2336 1398 2373 diem
1426 2341 1672 2386 occuparunt
1695 2338 1747 2378 21

320 2387 552 2434 Novembris
582 2387 626 2425 in
655 2402 757 2427 anno
787 2390 930 2428 Christi
954 2391 1080 2436 12943
1108 2391 1213 2428 unde
1241 2391 1520 2428 mensisRsbia
1540 2390 1750 2441 posterior,

320 2457 397 2494 quo
424 2442 597 2481 Caielztu
618 2438 764 2482 'dicitur
781 2446 946 2492 occisus,
979 2447 1190 2484 extremam
1207 2438 1346 2484 iuliani
1365 2442 1565 2484 Februarii
1586 2449 1623 2484 et
1645 2448 1752 2498 prio-

320 2505 403 2538 re'm
421 2497 551 2537 Martii
575 2502 726 2550 partem
751 2500 896 2538 insedit
914 2502 956 2538 i'n
984 2508 1086 2539 anno
1111 2501 1254 2539 Christi
1281 2502 1401 2543 1295.
1455 2499 1554 2552 puto
1573 2508 1750 2541 extremo

319 2555 484 2606 Argun-
498 2549 639 2592 chanis
656 2554 883 2606 principatu
899 2556 1111 2606 cogitatum
1124 2557 1171 2593 ab
1184 2570 1228 2594 eo
1248 2557 1296 2594 d‘e
1305 2557 1580 2607 recuperandis
1594 2563 1751 2609 septen-

320 2610 556 2660 trionalibus
586 2609 765 2662 Europae
798 2611 1016 2662 provinciis
1041 2609 1145 2649 u'l'tra
1172 2611 1419 2661 Bulgariam;
1465 2626 1582 2663 quas,
1618 2619 1663 2652 ut
1690 2621 1753 2652 *est

323 2665 503 2718 superius
519 2665 668 2704 (lictum
689 2679 727 2702 n.
745 2668 784 2709 6,
811 2666 994 2717 auspiciis
1020 2667 1164 2704 Kaanis
1189 2667 1349 2705 secundi
1368 2668 1649 2718 Mogulensium
1666 2669 1752 2708 im-

324 2721 516 2772 peratoris
536 2735 558 2759 a
576 2722 700 2759 Batuo
719 2721 938 2772 subiugatas
957 2721 1084 2772 Nega,
1113 2722 1168 2760 eis
1188 2723 1343 2761 tuendis
1365 2737 1386 2761 a
1406 2724 1529 2762 Batuo
1556 2724 1751 2764 Persidem

323 2777 682 2816 versus'reeedente
698 2778 936 2829 Praefectus,
963 2786 1172 2830 progressu
1193 2779 1378 2831 temporis
1397 2792 1486 2818 suas
1502 2780 1660 2830 fecerat,
1681 2780 1752 2819 ob-
