1858 3126
567 158 674 206 Lm.
705 155 739 202 1.
809 153 1181 199 GLOSSARIUM.
1504 150 1602 197 715

152 275 211 307 eet
228 266 410 318 (Manlius
431 279 510 307 cos.
528 278 618 304 cum
637 266 815 303 Romano
831 262 1040 313 exercitu),
1064 268 1242 314 pontem,
1269 256 1370 313 quia
1383 258 1490 300 vado
1509 274 1607 299 nue-

152 338 279 377 quam
312 325 512 362 transitus
541 329 650 371 erat,
674 323 820 371 facere
845 321 1038 360 instituit.
1106 319 1335 369 Sangarius
1367 332 1414 356 ex
1445 315 1607 356 Adoreo

152 387 282 418 monte
311 394 383 432 per
407 379 632 430 Phrygiam
657 379 792 428 fluens
818 378 1005 414 miscetur
1029 372 1089 411 ad
1111 375 1352 426 Bitlimiam
1385 373 1609 425 ΊῖῃηιΙη-ιιὶ

141 437 301 488 fluvio‚·
329 434 423 473 inde
449 437 582 472 maior
609 435 694 472 iam
718 434 938 485 geminatis
966 433 1088 482 aquis
1108 445 1182 482 per
1203 430 1445 481 Bithyniam
1468 430 1611 481 firtur

153 499 192 530 et
214 494 257 530 in
273 489 558 543 Propontidem
583 504 664 528 sese
682 490 871 542 effundit,
901 502 979 526 non
1002 495 1087 524 tum
1107 486 1390 538 magnitudine
1412 500 1612 524 memora—-

155 547 252 586 bilis
268 561 395 600 quam
413 546 525 599 quod
534 549 714 599 piscium
737 546 885 584 accolis
904 546 1103 595 ingentem
1123 546 1206 581 vim
1223 543 1400 594 praebet.
1456 542 1512 582 ita
1531 542 1612 582 ille.

267 604 485 644 Ποσειδε
498 600 564 643 τόν
595 617 632 655 p.
653 605 736 645 268
754 615 792 641 v.
811 602 876 643 15.
932 599 1040 651 quod
1058 599 1099 637 in
1119 600 1243 651 priori
1256 599 1451 637 Glossario
1471 599 1612 638 admo-
1635 600 1664 635 P
1687 599 1756 636 506

153 658 308 708 nehem,
335 660 377 697 in
393 659 590 711 prioribus
608 672 677 697 sex
691 658 802 696 libris
824 656 941 696 huius
961 655 1148 694 historiae
1167 655 1380 694 desiderari
1395 654 1616 706 Pachyme-

151 715 310 755 rianum
330 715 495 766 Augusti
515 715 657 754 mensis
672 727 833 762 nomen,
863 709 1114 765 μνημονικὸν
1134 712 1211 750 suit
1233 708 1397 763 σφάλμα
1411 739 1424 760 ,
1453 718 1501 750 ut
1518 725 1614 751 mox

155 771 297 813 dicam.
362 778 467 809 certe
502 771 580 809 hoc
607 771 694 809 loco
719 771 994 816 Ποσειδεῶνος
1020 769 1215 808 vocabulo
1244 768 1362 819 plane
1389 769 1546 806 sextilis
1575 774 1616 807 et

153 827 372 880 Augustus
397 828 542 866 Latinis
566 828 693 866 dictus
713 826 855 865 mensis
885 824 1135 876 exprimitur.
1190 824 1233 862 id
1261 824 1506 863 demonstrat
1532 838 1615 863 non

153 885 274 922 modo
299 897 415 933 quam
437 884 624 922 continuo
654 889 792 921 auctor
818 881 1002 931 adhibet,
1029 880 1215 919 indicatio
1238 881 1480 933 tempestatis
1508 881 1615 931 anni,

156 953 235 991 qua
254 939 438 978 nimirum
462 940 514 978 ab
542 941 695 977 aestivo
722 938 888 977 cardine
906 937 964 975 ad
980 938 1315 988 aequinoctialem
1334 938 1400 975 sol
1415 936 1614 976 declinat:

154 996 227 1035 sed
244 997 347 1034 clare
366 996 490 1035 Vatic.
515 995 700 1048 paraphr.
718 995 912 1047 exprimit,
945 994 999 1032 sic
1015 994 1069 1031 ibi
1086 993 1276 1032 scribens:
1303 989 1391 1034 τότε
1407 992 1450 1033 δὲ
1468 990 1613 1047 {vitatu

153 1051 225 1094 καὶ
245 1052 404 1107 εἰκοστῇ
419 1054 494 1092 τοῦ
508 1049 744 1106 Αὐγούστου
764 1047 898 1103 μηνός.
955 1055 1240 1088 memoraverat
1259 1056 1297 1088 et
1318 1049 1428 1088 hunc
1441 1063 1614 1088 mensem

154 1108 271 1149 v01.1
295 1121 337 1159 p.
356 1108 437 1150 493
457 1122 496 1149 v.
519 1111 545 1149 3
576 1114 726 1157 noster,
754 1108 843 1146 licet
863 1120 931 1158 ego
952 1119 1022 1157 per
1038 1106 1288 1155 oblivionem,
1316 1106 1378 1145 uti
1393 1106 1469 1144 iam
1486 1107 1613 1145 fassus

154 1177 267 1213 sum,
294 1164 404 1204 vol.l
427 1177 466 1216 p.
492 1167 575 1206 692
599 1164 818 1216 scripserim
837 1163 1003 1214 Augusti
1023 1162 1372 1214 Pachymerianum
1401 1175 1542 1200 nomen
1569 1163 1612 1200 in

155 1233 203 1260 eo
220 1219 420 1259 volumine
436 1233 630 1271 nusquam
645 1227 795 1259 extare.
850 1220 905 1258 sic
923 1219 1025 1257 enim
1041 1219 1096 1257 ibi
1113 1220 1269 1258 scribit:
1297 1216 1386 1260 τότε
1405 1217 1448 1259 δὲ
1467 1221 1614 1260 Ποσει-

155 1277 308 1324 δεῶνος
327 1273 585 1331 ἑκκαιδεκάτῃ
614 1274 709 1328 neni
733 1274 807 1328 τήν
829 1279 901 1328 τῆς
917 1271 1114 1316 θεοτόκου
1133 1271 1289 1327 ἑορτήν.
1342 1275 1475 1325 ibique
1496 1275 1612 1314 ambo

154 1332 311 1372 codices
332 1332 469 1384 optimi
486 1333 716 1371 adscribunt
744 1344 834 1371 orae
860 1331 1043 1382 marginis
1064 1327 1316 1384 Αὖγοῦστος,
1346 1338 1387 1369 et
1403 1332 1614 1370 Vaticanus

154 1389 284 1428 solum
301 1388 347 1426 id
363 1401 504 1427 nomen
525 1389 567 1427 in
586 1395 818 1427 contextum
837 1389 990 1439 recipit.
1047 1387 1367 1438 demonstratque
1385 1387 1488 1426 idem
1509 1388 1615 1437 safis,

156 1451 205 1484 ut
226 1444 300 1482 alia
318 1444 462 1483 indicia
481 1445 677 1494 deessent,
706 1444 814 1496 quod
836 1451 984 1483 sextam
1010 1444 1198 1482 decimam
1220 1444 1328 1482 illam
1346 1444 1456 1482 cuius
1475 1444 1617 1482 memi-

116 1498 121 1502 ’
157 1501 220 1540 nit
247 1500 350 1538 diem
384 1501 560 1540 illuxisse
600 1502 656 1539 ait
681 1500 882 1552 postridie
907 1500 1015 1551 festi
1043 1499 1250 1552 deiparae,
1285 1500 1447 1538 maximi
1475 1513 1617 1552 nempe

157 1557 334 1597 omnium
347 1557 493 1596 Mariae
515 1558 654 1596 matris
676 1558 739 1596 dei
757 1558 865 1607 sesti,
897 1557 1004 1607 quod
1024 1557 1081 1594 sic
1106 1570 1175 1608 per
1202 1557 1511 1595 antonomasiam
1533 1557 1618 1595 sine

157 1613 296 1652 addito
315 1620 504 1662 vocatur,
533 1627 671 1665 nempe
691 1613 965 1665 assumptionis
981 1613 1062 1651 eius
1086 1613 1129 1650 in
1146 1614 1319 1664 coelum,
1348 1613 1456 1663 quod
1478 1614 1618 1652 Graeci

155 1670 271 1708 iuxta
311 1682 402 1707 cum
431 1670 577 1708 Latinis
610 1670 673 1708 die
698 1669 865 1721 Augusti
901 1669 1043 1707 mensis
1080 1670 1366 1720 quintadecima
1405 1669 1618 1708 celebrant.

157 1731 219 1764 est
241 1731 372 1764 tamen
390 1727 458 1764 ubi
478 1726 735 1778 Pachymeres
755 1740 778 1764 a
802 1740 843 1764 se
860 1726 942 1777 ipse
962 1725 1253 1776 quodammodo
1275 1724 1478 1773 deficiens,
1507 1731 1548 1763 et
1565 1739 1617 1764 ex

157 1781 296 1830 aliena,
324 1788 373 1820 ut
390 1783 548 1835 opinor,
576 1783 696 1834 magis
718 1797 834 1833 quam
860 1795 909 1820 ex
928 1782 1088 1833 propria
1103 1782 1314 1829 sententia,
1341 1793 1514 1818 mensem
1529 1781 1617 1819 Au-

158 1843 315 1888 gustum
332 1851 415 1875 non
435 1840 692 1879 Ποσειδεῶνα
708 1839 778 1876 sed
797 1841 1148 1889 Μαιμακτηριῶνα
1169 1833 1258 1877 κατ’
1273 1834 1516 1886 Ἀθηναίους
1535 1850 1613 1875 vo-

159 1898 246 1940 cat,
273 1905 312 1942 p.
334 1895 415 1934 382
437 1907 476 1932 v.
496 1898 562 1936 19.
617 1895 658 1931 in
687 1907 802 1944 quem
820 1895 951 1932 locum
977 1893 1068 1931 vide
1089 1907 1187 1942 quae
1213 1899 1445 1930 annotamus
1470 1892 1514 1929 in
1534 1892 1614 1930 hoc

159 1948 247 1999 ipso
263 1948 480 1999 Glossan‘o,
509 1949 631 1988 verbo
649 1948 993 2003 Μαιμακτηριών,
1022 1954 1064 1986 et
1087 1949 1116 1988 1.
1132 1951 1160 1991 3
1187 1948 1331 1986 harum
1356 1948 1614 1988 Observatio-

160 2017 259 2042 num
275 2003 350 2043 c.4
373 2017 414 2041 n.
437 2004 476 2045 5.
1611 2044 1614 2049 ,

273 2059 433 2110 πρόνο
446 2075 520 2100 iai
546 2073 586 2110 p.
609 2062 690 2102 209
710 2073 750 2098 v.
774 2062 841 2101 11.
898 2058 1086 2096 dicuntur
1107 2058 1173 2096 hic
1192 2054 1376 2111 πρόνοιαι
1387 2061 1610 2110 pensiones,

161 2128 262 2167 quae
279 2115 344 2154 vel
361 2115 401 2152 in
422 2116 639 2153 mercedem
660 2128 799 2166 operae
817 2115 1031 2166 praesentis
1047 2114 1111 2153 vel
1130 2115 1171 2152 in
1187 2115 1403 2165 praemium
1419 2117 1610 2166 praeteri-

161 2178 227 2210 tae
250 2171 487 2209 merentibus
506 2177 576 2209 aut
594 2171 762 2209 emeritis
782 2183 802 2207 e
825 2170 980 2221 publico
1000 2171 1230 2219 solvuntur3
1257 2172 1390 2220 quales
1415 2171 1611 2222 hodieque

162 2229 213 2266 ab
230 2228 336 2265 Italis
355 2233 394 2264 et
414 2227 531 2265 Gallis
543 2228 783 2277 provisioni,
808 2228 1036 2277 provisions
1053 2226 1218 2264 vocitari
1237 2227 1430 2268 audimus.
1486 2242 1613 2266 auno-

161 2291 264 2322 tasse
278 2284 355 2321 iam
373 2282 451 2321 hoc
477 2283 733 2320 debueramus
754 2283 794 2320 in
820 2282 917 2319 tomi
938 2282 1080 2332 prioris
1099 2283 1315 2321 Glossario:
1341 2283 1492 2336 saepius
1509 2285 1614 2323 enim

161 2341 203 2379 iu
228 2339 395 2378 historia
418 2339 617 2378 Michaelis
643 2345 778 2376 noster
806 2337 909 2375 hanc
935 2351 1072 2376 vocem
1101 2338 1177 2376 ista
1205 2339 1366 2377 notione
1394 2341 1615 2391 usurpavit,

162 2409 261 2447 quae
279 2397 320 2434 in
342 2395 506 2433 classicis
521 2409 603 2434 nou
620 2395 815 2446 reperitur
834 2394 1074 2432 auctoribus.
1130 2407 1254 2433 unum
1278 2395 1343 2434 hic
1367 2409 1387 2432 e
1411 2397 1545 2435 multis
1570 2397 1616 2434 in

161 2453 357 2503 specimen
374 2451 504 2490 locum
520 2464 685 2503 ponam,
714 2465 753 2502 p.
776 2453 826 2492 16
845 2463 886 2488 v.
908 2453 951 2491 9:
979 2450 1187 2501 προνοίαις
1211 2446 1251 2491 δ’
1277 2450 1320 2492 ἐκ
1341 2448 1494 2492 τούτων
1521 2449 1617 2499 τούς

131 2542 135 2544 .
161 2507 461 2559 ἔπιδοξοτέρους
479 2506 547 2548 καὶ
570 2503 631 2556 οἷς
658 2510 838 2560 τολμοῖεν
858 2503 903 2547 τὸ
927 2501 1119 2560 φρόνημα
1146 2503 1371 2560 γράμμασιν
1389 2507 1616 2560 ἐδωροῦντο

191 2567 392 2611 ασιλικοῖς.

162 2565 191 2615 β
276 2618 639 2671 προσκομίζων
665 2631 706 2670 Ρ.
725 2619 806 2660 616
829 2630 867 2656 v.
888 2616 927 2661 5.
985 2622 1124 2655 contra
1149 2630 1276 2656 meam
1298 2617 1416 2656 huius
1438 2616 1516 2654 loci
1545 2628 1617 2655 ex-

166 2673 419 2724 positionem,
449 2687 526 2724 qua
550 2674 864 2726 nooonouigomfa
887 2671 1130 2711 sacerdotem
1145 2674 1401 2712 celebrantem
1418 2672 1618 2723 interpre-

167 2733 275 2766 tatus
293 2742 402 2778 sum,
434 2742 552 2780 grave
568 2736 673 2768 stare
696 2729 982 2781 praeiudicium
1009 2729 1126 2767 video
1150 2728 1319 2768 hominis
1346 2728 1483 2779 utique
1501 2727 1618 2772 valde

170 2782 275 2821 docti
299 2790 341 2823 et
359 2798 383 2823 a
406 2796 471 2823 me
497 2797 647 2837 semper
670 2798 760 2825 cum
782 2797 854 2824 suo
878 2790 965 2823 tum
988 2784 1048 2823 sui
1076 2785 1225 2824 ordinis
1252 2785 1394 2824 merito
1417 2783 1618 2838 permagni
