1858 3126
300 138 398 185 638
717 137 951 182 GEORGII
987 139 1337 186 PACHYMERIS

299 252 375 308 μὲν
395 249 658 305 ἀμπελῶνας,
692 250 896 309 ἀφανίζειν
918 252 963 296 δὲ
988 249 1106 309 λῆϊα,
1141 254 1207 297 καὶ
1233 252 1348 305 τέλος
1375 260 1620 312 προσβαλεῖν
1643 260 1751 313 Tyn-²

301 321 440 379 κοκκίᾳ
461 324 520 380 τῷ
547 324 629 363 τῶν
658 321 860 364 Νικαιέων
887 323 1197 376 ἐπιτειχίσματι,
1235 324 1301 365 καὶ
1331 326 1650 378 περικαθίσαντα
1670 325 1746 368 σῦν

301 386 452 443 πλήθει
481 390 601 431 παντὶ
627 393 686 447 τῷ
711 392 800 444 περὶ
829 390 952 433 αὐτὸν
983 395 1064 434 τῶν
1095 394 1268 447 Περσῶν
1296 391 1427 433 πολλὰ
1444 392 1517 444 μὲν
1535 398 1684 436 παθεῖν
1702 394 1745 445 ἐξ

302 456 459 499 ἐκείνων
487 457 730 511 ἇρειμανίων
760 457 888 501 ὅντων
919 460 986 500 καὶ
1014 463 1172 512 μᾶλλον
1198 457 1384 516 ῥυτήρων
1403 458 1531 510 τόξων
1551 460 1744 515 ἀρχῆθεν,

254 532 284 565 Β
308 525 420 574 τέλος
443 526 486 568 δέ
502 525 599 575 τούς
615 524 820 582 τάφρους,
852 525 912 576 οἷς
930 524 1150 584 ἐθάρρουν,
1186 534 1378 584 σταυροῖς
1393 526 1663 582 ἀναχώσαντα
1681 530 1780 572 καὶὸ

302 593 468 648 πέτραις
490 595 556 637 καὶ
585 594 765 649 δένδροις
796 597 861 637 καὶ
886 593 1073 650 χώμασιν
1104 595 1256 646 αὐτοὺς
1275 595 1646 652 παραστήσασθαι,
1683 598 1753 639 καὶ

303 660 430 719 φόνον
446 662 519 716 μὲν
538 662 666 705 nativ
685 661 1005 718 ἐξεργάσασθαι,
1043 663 1174 723 ἑαυτῷ
1198 664 1243 706 δὲ
1267 663 1319 706 τὰ
1349 664 1471 707 πιστὰ
1493 667 1658 716 δοῦναι,
1695 662 1751 714 ὥς

303 747 346 786 γε
363 728 473 789 ἐῴκει
485 761 499 782 ,
536 731 637 785 πρὸς
658 731 731 784 τὴν
750 736 831 774 τῶν
854 730 1074 787 Τοχάρων,
1113 733 1144 775 εἶ
1166 733 1401 784 ἒπιστῶσιν,
1438 733 1630 777 ἐπίθεσιν.

443 798 599 854 Θέρους
626 800 670 841 δέ
697 794 747 854 ἦν
776 798 911 854 ἀκμή,
955 802 1020 842 καὶ
1053 801 1097 842 αἱ
1126 801 1199 854 μὲν
1230 805 1303 843 τοῦ
1335 800 1535 854 βασιλέως
1551 805 1643 855 νῆες
1659 799 1755 857 περί

302 883 383 909 που
403 866 499 908 δέκα
520 867 623 920 μετὰ
642 871 714 909 τοῦ
739 869 802 909 ἐπὶ
824 873 898 910 τοῦ
928 873 1107 924 στρατοῦ
1134 866 1343 924 Μαρούλη
1375 868 1478 924 πρὸς
1500 866 1641 912 Θάσον
1657 869 1751 919 ἐξα-
1762 873 1806 907 10

304 935 582 978 πεστέλλοντο.
652 936 718 977 καὶ
738 935 814 991 γὰρ
841 936 1007 986 ἐπιστὰς
1038 942 1088 993 τῇ
1122 935 1233 995 νήσῳ
1266 938 1359 979 δυσὶ
1377 938 1495 979 ναυσὶ
1516 934 1712 992 πρότερον
1728 933 1751 979 ὃ

305 1007 378 1045 τοῦ
411 1001 617 1058 Μανουήλ
646 1006 857 1059 Ζαχαρίου
888 1004 1135 1048 πιστοτάτου
1166 1009 1216 1061 τῇ
1247 1007 1433 1065 βασιλεία
1453 1005 1568 1048 θείου
1588 1003 1755 1059 ἀνεψιὸς

255 1077 286 1111 C
310 1069 606 1122 ἀπιστότατος,
643 1073 708 1113 καὶ
737 1077 928 1127 πειρατοῦ
950 1071 1100 1128 τρόπον
1121 1070 1397 1127 ἐπιχειρήσας,
1435 1073 1543 1127 αἱρεῖ
1554 1071 1601 1115 τὸ
1621 1069 1754 1128 φρού-

307 1156 408 1193 ριον.
479 1138 500 1182 ὃ
521 1139 569 1195 δὴ
592 1141 657 1181 καὶ
678 1139 898 1191 ἀνακτίσας
918 1139 972 1191 ὥς
991 1143 1121 1199 ἐχυρῷ
1143 1142 1287 1196 ἐχρᾶτο
1309 1141 1516 1198 φρουρίῳ,
1552 1142 1618 1182 καὶ
1639 1139 1754 1182 ἀπὼν

307 1208 375 1249 διὰ
398 1211 480 1250 τῶν
500 1208 662 1250 οἶκείων
675 1215 842 1263 κατεῖχε.
913 1211 979 1252 καὶ
1002 1209 1071 1252 διὰ
1101 1214 1232 1251 ταῦτα
1255 1208 1447 1261 βασιλεῦς
1467 1210 1804 1258 ἐξαποστείλας15

303 1275 375 1317 τὸν
406 1276 467 1317 ἐπὶ
498 1280 572 1318 τοῦ
605 1281 785 1332 στρατοῦ
819 1277 894 1320 σὺν
924 1279 1068 1330 ναυσί,
1102 1274 1404 1333 προηγούμενον
1429 1275 1504 1330 μὲν
1525 1275 1665 1325 αὐτοῖς
1680 1274 1756 1330 τὴν

303 1344 368 1386 ἐπὶ
390 1343 464 1398 τὴν
497 1348 623 1399 νῆσον
652 1347 897 1401 προσεδριάν
927 1346 1207 1397 {navari-9210,
1241 1344 1311 1401 ἐφ’
1343 1338 1376 1403 ᾧ
1397 1345 1463 1386 καὶ
1493 1343 1540 1386 τὸ
1560 1340 1756 1400 φρούριον

304 1409 653 1469 παραστήσαιντο,
688 1413 907 1469 ἐπέσκηπτε
929 1414 974 1457 δὲ
991 1418 1211 1471 πολυωρεῖν
1228 1414 1294 1456 καὶ
1308 1412 1410 1470 πρὸς
1427 1410 1559 1456 Αἶνον
1574 1411 1643 1455 διὰ
1659 1410 1757 1461 τοὺς

393 1530 428 1564 5.
452 1526 704 1575 ἀναχώσαντες
727 1532 766 1567 Ρ,

308 1632 373 1666 bus
397 1631 667 1676 corrumpendis;
696 1644 772 1666 mox
796 1644 990 1678 oppugnare
1023 1634 1219 1678 aggreditur
1241 1633 1474 1677 Tricoeciam,
1497 1642 1609 1667 arcem
1630 1631 1664 1666 in
1686 1630 1755 1666 Ni-

307 1688 412 1712 caeae
434 1677 560 1711 vicinia
582 1678 831 1713 munitissimam
866 1686 902 1713 et
936 1680 1027 1713 velut
1059 1678 1340 1724 propugnaculum
1375 1679 1448 1712 eius
1473 1677 1631 1711 civitatis.
1677 1682 1755 1711 arta

305 1723 411 1767 igitur
433 1723 467 1756 id
490 1726 655 1765 castrum,
688 1724 837 1758 omnibus
861 1725 984 1759 circum
1009 1726 1078 1759 suis
1101 1725 1205 1769 copiis
1227 1723 1417 1768 dispositis,
1446 1723 1619 1758 obsidione
1639 1721 1754 1766 cingit.

308 1768 506 1802 obtinebant
536 1780 608 1802 eam
638 1780 747 1803 arcem
781 1771 987 1816 praesidiarii
1018 1770 1190 1804 fortissimi
1221 1775 1256 1803 et
1289 1781 1331 1803 ex
1363 1770 1461 1814 longo
1485 1767 1756 1802 exercitatissimi

309 1813 489 1859 arquitae3
519 1815 607 1848 unde
635 1816 678 1849 ab
712 1816 764 1849 bis
796 1827 923 1850 summa
957 1816 989 1850 vi
1024 1815 1287 1861 repugnantibus
1322 1815 1426 1849 multa
1463 1819 1500 1848 et
1528 1813 1648 1857 gravia
1681 1812 1756 1858 pati

309 1860 430 1893 damna
452 1859 575 1894 milites
597 1861 746 1895 Atmanis
766 1862 915 1905 contigit.
961 1866 1071 1896 tamen
1093 1862 1129 1896 hi
1160 1866 1255 1895 trans
1285 1861 1396 1895 omnia
1416 1859 1589 1895 obstacula
1612 1869 1757 1904 pergen-

308 1908 362 1939 tes
386 1916 491 1950 usque
512 1906 554 1939 ad
577 1905 700 1941 fossam
728 1911 962 1951 processerunt
986 1908 1185 1952 profundam
1207 1913 1243 1940 et
1257 1906 1370 1948 latam,
1394 1917 1462 1951 qua
1476 1904 1607 1939 obsessi
1617 1915 1756 1949 magno-

310 1961 396 1995 pere
419 1951 580 1987 fidebant.
629 1956 665 1986 at
693 1964 766 1986 eam
789 1954 913 1987 Persae
935 1953 1136 1986 decussatim
1161 1951 1316 1986 connexis
1338 1963 1358 1985 e
1379 1950 1534 1985 trabibus
1556 1961 1660 1994 super
1681 1960 1756 1983 enm

311 1996 408 2040 quasi
432 2002 565 2041 pontem
598 1998 859 2042 suspendentes,
887 2004 955 2033 tum
979 2004 1095 2043 petras
1118 1999 1283 2042 desuper,
1315 1997 1473 2039 arbores,
1507 2000 1621 2030 terrae
1642 2006 1758 2029 cumu-

311 2041 363 2074 los
387 2047 423 2074 et
445 2042 622 2085 ruderum,
654 2044 740 2077 mole
765 2044 893 2087 ingenti
924 2044 1161 2085 devolventes,
1191 2045 1420 2088 coaequarunt
1451 2041 1607 2084 tandem,
1637 2043 1672 2074 et
1694 2050 1757 2085 pet

310 2085 401 2119 illam
424 2087 475 2120 sic
498 2092 702 2122 constratam
736 2089 918 2124 insilientes
947 2091 982 2124 in
1012 2100 1123 2123 muros
1144 2088 1358 2123 Tricocciam
1380 2088 1418 2121 vi
1440 2090 1624 2131 ceperunt,
1651 2084 1757 2121 caede

311 2131 444 2166 immani
468 2138 674 2177 repertorum
698 2135 788 2168 intus
810 2135 911 2169 edita.
957 2147 998 2170 ea
1028 2135 1062 2168 in
1085 2135 1266 2169 munitione
1288 2145 1308 2167 a
1330 2145 1367 2167 se
1387 2132 1578 2166 instaurata
1599 2134 1637 2165 et
1655 2140 1758 2176 prae-

312 2176 395 2210 sidio
420 2177 483 2211 sibi
507 2178 737 2214 fidissimorum
770 2181 962 2225 praevalido
993 2182 1123 2214 insessa
1159 2179 1346 2225 perfugium
1379 2179 1505 2212 habere
1525 2188 1563 2210 se
1585 2178 1692 2209 tntum
1713 2185 1756 2208 ac

311 2227 466 2266 paratum
489 2224 652 2259 adversus
674 2237 787 2260 omnes
809 2238 907 2260 casus
937 2226 1033 2269 belli,
1064 2225 1153 2270 quod
1174 2225 1343 2258 imminere
1364 2223 1429 2269 ipsi
1449 2222 1618 2256 diceretur
1639 2231 1661 2254 a
1682 2219 1757 2254 To·-

313 2267 423 2300 cbaris
446 2269 618 2312 suppetias
638 2271 789 2314 Augusto
813 2272 1041 2312 venientibus,
1066 2273 1186 2305 Atman
1209 2269 1364 2304 credidit.

404 2314 523 2346 Aestas
546 2325 646 2357 porro
670 2321 745 2350 erat
767 2329 913 2359 summa3
938 2324 973 2350 et
995 2315 1205 2361 imperatoris
1231 2325 1334 2348 naves
1356 2312 1491 2347 circiter
1512 2309 1647 2351 decem,
1669 2309 1757 2344 dnoe

310 2355 379 2390 illis
401 2360 592 2402 praeposito
615 2361 671 2404 qui
694 2363 857 2396 exercitui
890 2363 1106 2406 praefuerat,
1137 2360 1287 2400 Marule,
1318 2359 1467 2392 Thasum
1496 2366 1613 2389 versus
1643 2355 1757 2390 iussae

312 2401 495 2436 solverunt.
543 2415 645 2438 causa
668 2406 819 2440 mittendi
842 2407 926 2449 fuit,
959 2408 1047 2452 quod
1071 2406 1206 2440 Manuel
1229 2403 1340 2449 patrui
1371 2402 1424 2436 vel
1447 2400 1602 2435 avunculi
1622 2400 1758 2434 Zacha-

311 2446 385 2480 riae
415 2446 554 2491 imperio
581 2449 776 2485 fidelissimi.
796 2463 899 2496 nepos
931 2463 973 2486 ex
1005 2453 1113 2485 fratre
1143 2455 1202 2483 aut
1231 2459 1346 2482 sorore
1374 2445 1692 2492 perfidiosissimus,
1721 2445 1756 2479 in

312 2503 386 2526 eam
411 2492 510 2536 paulo
533 2499 611 2526 ante
634 2494 773 2528 insulam
797 2497 929 2540 piratae
951 2497 1017 2530 ritu
1039 2496 1168 2529 duabus
1190 2493 1330 2527 navibus
1353 2492 1562 2534 irrumpens,
1585 2502 1696 2525 arcem
1718 2489 1757 2524 in

311 2549 354 2571 ea
376 2537 473 2571 sitam
496 2545 741 2582 occupaverat,
772 2540 946 2585 denuoque
975 2540 1163 2584 diligentius
1193 2538 1347 2572 munitam
1378 2539 1416 2570 ut
1447 2536 1511 2569 iam
1534 2546 1628 2570 suam
1650 2536 1757 2570 habe-

311 2583 383 2623 bat,
405 2583 524 2617 absens
546 2583 678 2628 quidem
701 2585 784 2629 ipse,
806 2586 865 2619 sed
888 2586 1015 2620 vicaria
1033 2585 1098 2619 sibi
1120 2584 1261 2617 fidorum
1284 2582 1352 2615 illic
1375 2581 1564 2626 degentium
1586 2583 1757 2625 potestate

313 2639 446 2671 regens.
491 2628 552 2662 hos
575 2632 612 2662 ut
633 2629 711 2663 inde
734 2630 885 2673 pelleret,
909 2636 945 2664 et
967 2630 1105 2675 imperio
1128 2628 1324 2662 restitueret
1345 2626 1469 2660 iniuste
1484 2631 1677 2670 usurpatam
1700 2625 1757 2660 in-

314 2673 440 2713 sulam,
462 2685 560 2718 quem
582 2674 766 2715 nominavi,
788 2687 862 2709 cum
886 2675 1033 2709 exercitu
1067 2674 1207 2708 navibus
1228 2678 1324 2707 vecto
1347 2672 1530 2716 imperator
1552 2671 1668 2706 ducem
1690 2670 1755 2705 mi-

313 2718 372 2752 sit.
418 2718 494 2759 ille,
515 2724 554 2752 ut
584 2725 659 2754 erat
680 2720 810 2764 iussus,
835 2721 988 2765 exposito
1020 2720 1055 2754 in
1077 2720 1225 2753 Thasum
1250 2718 1373 2758 milite,
1407 2716 1478 2750 illic
1500 2715 1676 2751 immorans
1699 2725 1757 2749 ar·-

315 2775 387 2799 cem
410 2765 563 2800 amissam
586 2777 789 2812 recuperare
821 2767 1018 2802 conabatur.
1060 2766 1174 2800 suerat
1205 2769 1317 2799 antem
1340 2762 1388 2797 illi
1410 2764 1589 2808 praeterea
1610 2761 1757 2807 impera·
