1858 3126
284 167 381 213 832
677 166 987 215 OBSERVAT.
1019 164 1333 216 PAeHYMERr

495 283 591 313 tuno
618 275 889 327 Bithynorum
917 284 1063 316 terram
1092 278 1180 331 lapi
1205 279 1470 319 habitabant

494 331 632 370 divino
649 334 816 373 consilio
822 348 837 382 ,-
853 334 1025 372 celeriter
1039 343 1175 373 autem
1188 338 1427 388 superveniet
1436 336 1721 392 (horum)prin-

1091 394 1254 443 cipatus·

497 446 597 482 viris
624 448 698 498 qui
723 449 920 498 Byzantia
946 447 1076 486 solum
1102 450 1296 490 incolunt.

276 518 396 561 huius
423 530 608 562 eventum
629 524 859 577 prophetiae
878 532 1043 564 conatur
1063 525 1239 565 Zosimus
1261 526 1447 580 adaptare
1475 527 1591 566 aetati
1617 526 1720 574 Con-

277 579 441 617 stantini
462 579 504 618 et'
519 581 796 620 restaurationi
815 588 931 633 atque
954 582 1250 634 amplificationi
1275 595 1347 635 per
1373 596 1461 622 eum
1485 584 1610 622 factae
1637 583 1721 635 By-

276 635 409 687 zantii,
469 650 583 687 quam
607 644 732 686 recte,
763 637 847 689 ipse
871 638 1031 676 viderit:
1063 653 1142 676 non
1173 639 1276 677 enim
1309 639 1400 677 satis
1432 645 1596 693 apparet
1623 635 1722 691 quid'

273 692 347 730 ista
375 693 520 731 mentio
553 693 742 743 luporum
770 694 1008 744 Bithyniam
1037 695 1313 733 habitantium
1342 709 1431 735 cum
1462 692 1719 734 exornatione

273 745 516 798 Byzantinae
541 749 649 787 urbis
668 763 874 788 commune
892 749 1044 789 habeat.
1103 751 1276 789 dicamus
1297 765 1367 790 nos
1386 750 1477 790 licet
1494 765 1718 790 accommo-

274 804 405 842 datius
435 803 484 842 ad
514 805 680 856 speciem
716 806 826 855 veri,
865 821 934 858 per
963 807 1150 858 Sibyllam
1187 808 1323 846 divino
1362 807 1532 846 afflatam
1562 807 1718 859 spiritu,

274 866 386 898 tanto
417 867 507 899 ante
535 861 595 899 his
627 862 745 900 fuisse
777 864 1095 914 praenuntiatum
1126 864 1254 902 verbis
1278 870 1456 902 exortum
1478 863 1719 903 Ottomanici

273 917 427 969 imperii
456 931 476 955 a
511 918 777 968 praedonibus
806 919 932 957 avidis
963 926 1000 958 et
1024 920 1159 972 lupina
1182 921 1394 958 voracitate
1415 933 1461 958 ac
1484 920 1719 958 crudelitate

271 972 462 1025 praeditis
492 973 532 1010 in
561 973 746 1026 Bithynia
774 975 951 1021 fundati,
983 976 1046 1014 cui
1073 991 1149 1014 non
1170 976 1293 1015 multo
1313 981 1405 1028 post
1426 981 1603 1028 tempore
1626 989 1718 1014 suc-

272 1029 457 1067 cumbere
488 1029 644 1068 deberet
672 1030 910 1082 Byzantinae
945 1032 1052 1070 urbis
1081 1033 1307 1084 imperantis
1329 1031 1501 1083 potentia
1520 1037 1560 1070 et
1579 1032 1718 1084 splen-

274 1082 366 1134 dor,
397 1082 622 1125 barbaricae
651 1086 835 1139 deinceps
865 1088 1066 1126 servitutis
1093 1088 1228 1138 iugum
1254 1087 1528 1139 gravissimum
1555 1093 1594 1124 et
1619 1102 1717 1140 pro-

270 1141 540 1181 brosissimum
569 1143 730 1182 laturae.
788 1144 926 1182 Graeci
954 1144 1161 1195 Byzantini
1181 1143 1221 1181 in
1243 1157 1412 1196 poenam
1429 1142 1541 1196 impii
1564 1149 1603 1182 et
1626 1157 1717 1195 per-

269 1197 409 1236 tinacis
443 1198 489 1236 ab
519 1199 679 1238 ecclesia
705 1200 877 1238 Romana
908 1203 1083 1238 omnium
1109 1205 1232 1238 matre
1255 1199 1348 1238 inde
1374 1212 1497 1251 usque
1528 1212 1550 1236 a
1582 1197 1716 1244 Photii

269 1254 515 1306 temporibus
543 1256 763 1294 continuati
788 1255 1031 1305 schismatis,
1063 1256 1202 1294 duram
1226 1270 1247 1293 a
1270 1255 1418 1294 Latinis
1436 1255 1716 1294 Constantino-

266 1311 391 1362 polim
412 1322 481 1361 per
502 1324 626 1350 annos
644 1315 733 1350 octo
754 1326 873 1364 supra
896 1312 1177 1364 quinquaginta
1195 1311 1463 1350 obtinentibus
1483 1311 1713 1363 servitutem

265 1366 369 1418 passi
398 1367 578 1417 fuerant3
608 1381 656 1407 ex
687 1382 761 1419 qua
793 1369 1004 1420 profecisse
1032 1368 1106 1407 visi
1133 1374 1246 1418 sunt,
1277 1367 1371 1406 dum
1390 1381 1433 1406 ea
1451 1367 1608 1406 liberati
1635 1368 1714 1405 Ro-

265 1423 371 1461 mani
398 1437 522 1474 papae
549 1423 766 1474 primatum
797 1431 1053 1475 agnoverunt.
1110 1431 1150 1462 at
1177 1423 1244 1462 ubi
1271 1423 1460 1463 Michaele
1479 1423 1592 1462 istius
1613 1437 1714 1472 con—¹

264 1479 421 1517 cordiae
447 1486 606 1517 auctore
629 1487 810 1530 mortuo,
839 1481 943 1519 filius
966 1481 1049 1520 eius
1073 1479 1322 1519 Andronicus
1339 1479 1509 1532 pessimo
1532 1479 1711 1528 consilio,

264 1546 364 1585 quae
394 1541 503 1584 pater
533 1535 785 1574 saluberrime
805 1543 992 1576 statuerat
1006 1536 1232 1575 rescindens
1246 1568 1256 1585 ,
1278 1549 1320 1574 se
1339 1549 1510 1587 suosque
1530 1535 1670 1574 iterum
1690 1548 1714 1572 a

264 1589 356 1628 sede
388 1589 491 1627 Petri
515 1593 800 1630 contumaciter
830 1593 1005 1644 abrupit,
1043 1592 1173 1630 statim
1201 1592 1262 1630 dei
1293 1591 1434 1630 ultoris
1463 1590 1713 1643 providentia

263 1645 490 1698 praeparari
521 1646 652 1697 coepit
683 1653 721 1684 et
749 1648 891 1686 sensim
913 1648 953 1685 in
973 1646 1159 1699 Bithynia
1189 1660 1438 1685 concrescere
1461 1646 1710 1684 Ottomanica

263 1700 472 1753 tyrannis,
508 1715 530 1739 a
555 1715 631 1753 qua
662 1702 760 1741 diris
786 1704 1033 1742 continenter
1067 1700 1245 1741 cladibus
1277 1702 1462 1752 flagellati
1489 1701 1710 1752 Byzantini,

264 1771 355 1796 cum
379 1757 539 1796 minime
559 1759 835 1810 resipiscerent
857 1760 924 1798 sed
946 1758 1066 1809 magis
1090 1759 1288 1809 magisque
1304 1757 1347 1795 in
1363 1756 1514 1796 haeresi
1530 1770 1578 1794 ac
1599 1756 1711 1796 schi-

265 1819 388 1853 smate
409 1811 732 1863 obfirmarentur,
762 1816 800 1855 vi
819 1815 974 1855 tandem
995 1829 1109 1854 saeva
1126 1814 1276 1853 subacti
1292 1814 1338 1851 ab
1359 1827 1440 1868 uno
1462 1826 1511 1852 ex
1530 1813 1710 1866 Atmanis

267 1870 558 1910 successoribus
586 1869 802 1909 Mahomete
821 1872 1016 1920 secundo,
1045 1885 1147 1909 anno
1169 1867 1258 1910 Chr.
1277 1869 1410 1919 1453,
1440 1868 1708 1922 captivitatem

266 1923 510 1978 Babylonica
538 1924 771 1965 Iudaeorum
806 1941 850 1965 eo
876 1927 1108 1976 tristiorem,
1140 1926 1248 1978 quod
1282 1925 1427 1977 Cyrum
1459 1925 1614 1963 nullum
1639 1925 1710 1976 qui

268 1995 353 2020 eam
383 1983 511 2021 solvat
542 1990 770 2035 expectant,
800 1984 980 2022 ducentis
1000 1983 1075 2022 iam
1097 1988 1133 2023 et
1161 1981 1266 2033 quod
1285 1980 1458 2020 excurrit
1474 1981 1585 2021 annis
1605 1980 1710 2018 infe-

267 2037 443 2076 licissimi
469 2039 660 2089 tolerant,
686 2039 803 2077 fidem
833 2039 983 2091 ingenti
1013 2053 1085 2078 suo
1116 2039 1231 2078 luctu
1256 2037 1474 2076 sancientes
1507 2036 1706 2089 Sibyllini,

267 2093 376 2144 quod
396 2092 623 2146 retulimus,
654 2095 816 2133 oraculi.

376 2181 478 2220 VIII.
536 2183 654 2222 Aliud
673 2184 720 2222 de
739 2183 799 2221 his
819 2183 1003 2222 habemus
1029 2179 1242 2234 suspicioni
1260 2180 1429 2219 fictionis
1447 2178 1607 2218 minime
1625 2179 1706 2217 ob·—

264 2236 429 2276 noxium
459 2239 692 2278 vaticinium
707 2270 718 2290 ,
749 2240 893 2291 quippe
913 2239 1016 2290 quod
1038 2240 1078 2277 in
1103 2253 1213 2276 sacro
1236 2244 1273 2276 et
1293 2237 1481 2275 canonico
1499 2234 1600 2273 libro
1621 2235 1705 2272 cla—

262 2292 414 2331 rissime
438 2294 612 2345 legatur,
642 2296 880 2348 Apocalypsi
911 2298 950 2337 S.
980 2295 1148 2334 loannis.
1204 2294 1245 2331 in
1273 2306 1315 2331 ea
1343 2293 1444 2332 Novi
1465 2290 1704 2329 Testamenti

262 2349 493 2400 prophetia,
531 2357 665 2390 eventa
691 2351 972 2403 complectente
995 2351 1206 2404 praecipua
1235 2362 1365 2388 rerum
1391 2360 1489 2398 quae
1516 2360 1538 2383 a
1557 2345 1704 2384 Christi

261 2406 549 2443 resurrectione
578 2414 614 2444 et
642 2408 766 2458 prima
795 2407 1026 2445 fundatione
1057 2407 1242 2445 ecclesiae
1259 2405 1307 2442 ad
1323 2404 1426 2441 hanc
1454 2413 1576 2452 usque
1597 2401 1700 2440 diem

262 2459 327 2498 dei
352 2474 514 2511 regnum
542 2461 750 2501 attinentes
785 2463 1054 2513 contigerunt,
1086 2468 1292 2514 postquam
1314 2458 1602 2510 persecutiones
1620 2457 1701 2495 im-

126 2520 151 2552 P
175 2521 241 2556 604
264 2523 486 2567 peratorum
514 2518 765 2556 adumbratae
789 2525 881 2556 sunt
910 2533 930 2556 a
959 2532 992 2558 c.
1020 2521 1070 2559 12
1087 2518 1135 2554 ad
1155 2521 1231 2564 20,
1261 2515 1302 2552 in
1323 2514 1398 2551 hoc
1414 2513 1491 2550 iam
1508 2526 1578 2563 per
1594 2526 1701 2564 sym-

260 2573 395 2611 bolum
422 2572 654 2623 alligationis
684 2576 846 2611 Satanae
866 2580 1017 2625 tempus
1039 2573 1140 2610 illud
1161 2570 1394 2608 describitur
1414 2582 1490 2619 quo
1510 2569 1700 2606 Constan-

260 2628 390 2676 tinus,
419 2629 524 2667 victo
543 2636 582 2667 et
599 2629 727 2667 occiso
749 2629 896 2666 Licinio
916 2628 1072 2679 imperii
1094 2626 1254 2665 Romani
1278 2625 1389 2676 plene
1408 2631 1566 2676 potens,
1595 2624 1698 2661 libe-

259 2685 461 2724 ralissimis
491 2691 527 2724 et
553 2685 659 2737 quasi
687 2683 989 2737 triumphalibus
1019 2683 1153 2721 edictis
1182 2681 1407 2730 religionem
1438 2680 1699 2719 Christianam

262 2741 414 2778 studuit
430 2754 578 2781 ornare.
613 2742 686 2779 ista
712 2741 836 2780 edicta
856 2740 1071 2778 recitantur
1088 2738 1135 2776 ab
1155 2738 1317 2776 Eusebio
1338 2738 1366 2778 l.
1384 2740 1410 2778 2
1427 2736 1475 2774 de
1495 2738 1574 2775 vita
1594 2736 1699 2773 Con-

264 2797 444 2844 stantini,
474 2810 495 2835 a
516 2810 548 2836 c.
571 2798 624 2840 25
646 2798 694 2836 ad
715 2801 779 2840 60.
820 2797 861 2834 in
879 2791 1022 2835 horum
1038 2809 1114 2834 uuo
1140 2793 1242 2845 (tria
1265 2794 1368 2833 enim
1386 2790 1506 2846 sunt)
1519 2821 1530 2842 ‚
1560 2803 1699 2844 nempe
