1820 3112
323 159 398 202 DE
432 154 769 200 ANDRONICO
804 151 1183 198 PALAEOLOGO
1218 153 1264 195 L.
1298 150 1373 195 ΠΙ.
1480 150 1575 197 271

116 269 338 330 κρινάντων
359 271 427 314 καὶ
448 269 509 325 μὴ
526 273 611 312 τῶν
627 264 836 324 τυχόντων
858 266 925 308 καὶ
942 264 1286 322 ἂλογιστοτέρων,
1323 263 1398 307 οὐκ
1415 263 1578 323 ἔφθασε
1602 266 1632 301 D

113 340 381 396 τελεσθῆναι·
419 338 493 382 τὸν
518 334 832 393 Μελιτηνιῶτην
865 335 913 377 δὲ
936 331 1198 391 ἐξαγαγόντες
1236 335 1391 378 ἐκεῖθεν
1418 336 1486 377 καὶ
1519 339 1579 394 τῷ

116 409 222 454 κατὰ
241 409 316 463 τὴν
344 405 463 452 πόλιν
491 406 708 464 Μετοχίτῃ
735 400 1060 456 συνδυᾶσαντες,
1096 402 1181 446 ἐπεὶ
1201 401 1277 446 οὔκ
1295 397 1347 457 ἦν
1366 403 1506 460 σφίσιν
1521 405 1582 446 εῖ-

118 475 323 535 ρηνεῦειν,
361 473 506 525 καθὼς
534 472 719 532 ἀπῄτουν
744 474 788 516 o‘a'
803 489 845 516 τε
867 472 959 529 περὶ
988 471 1062 515 τὸν
1077 470 1252 524 βασιλέα
1272 473 1339 514 καὶ
1360 472 1400 515 οἱ
1416 477 1492 528 τῆς
1512 473 1580 515 ἕκ-

84 547 312 603 5κλησίας,
355 544 460 588 κατὰ
487 542 536 586 τὸ
561 543 666 599 μέγα
692 538 892 585 παλᾶτιον
934 540 1266 593 κατακλείουσιν,
1322 539 1427 584 ὅπου
1463 543 1530 584 καὶ
1556 539 1578 585 ὅ

120 611 436 671 Ταρχανειῶτης
462 608 654 668 Ἰωάννης
688 612 730 661 ἐς
769 609 944 666 ὕστερον
971 608 1264 652 κατακλείεται.
1345 610 1422 665 τὴν
1458 611 1507 653 δέ
1538 628 1581 666 γε

116 682 299 741 ἀδελφὴν
319 682 524 725 Εὖδοκίαν
545 678 746 738 ὄκρατῶν
763 675 1087 733 ὑποδεξάμενος,
1117 678 1184 720 καὶ
1210 677 1262 720 τὰ
1292 676 1428 722 εἶκότα
1452 677 1581 722 συνά-

115 770 177 807 μα
200 752 326 808 μητρὶ
357 755 410 809 τῇ
445 746 600 804 ταύτης
631 745 973 806 περιαλγήσαντες
1006 750 1231 806 συμφορᾷ,
1275 746 1382 804 παρ’
1415 745 1578 798 ἑαυτοῖς
1600 755 1632 789 Ε

116 820 218 871 τέως
237 818 345 874 εἶχον
372 817 429 870 ὥς
461 819 529 862 καὶ
557 813 684 867 αὖθις
711 817 1105 866 ἀνταποστελοῦντες
1132 814 1236 872 πρὸς
1260 815 1333 859 τὸν
1362 813 1478 871 υἱόν,
1515 819 1585 860 καὶ

63 896 108 931 10
118 888 234 948 αὐτῷ
252 888 305 944 δὴ
325 887 378 931 τὰ
399 891 473 943 τῆς
494 885 626 944 ἀρχῆς
655 884 713 936 ὥς
740 883 826 929 οἶόν
855 902 899 928 τε
926 881 1354 942 κατασφαλισᾶμενοι,
1402 886 1487 929 ἐπεὶ
1514 888 1582 930 καὶ

118 961 178 1017 τῷ
194 961 359 1012 βασιλεῖ
378 954 400 1000 ὅ
420 962 518 1005 παΐς
538 954 652 1013 παρὰ
674 958 748 998 τοῦ
771 953 929 1011 πατρὸς
946 953 1236 1010 ἐπετέτραπτο.

254 1025 334 1071 30.
398 1024 468 1067 Ἕν
489 1020 624 1083 τούτῳ
642 1027 862 1080 τοιγαροῦν
884 1021 1013 1066 ὄντων
1035 1024 1176 1066 δεινῶν
1192 1022 1267 1077 μὲν
1288 1021 1409 1065 ἔνθεν
1429 1019 1451 1066 ὅ
1476 1019 1578 1079 κρᾶ-
1602 1024 1632 1059 Ρ
1657 1023 1723 1061 184

116 1099 193 1150 λης
209 1093 386 1150 Σερβίας
410 1091 529 1136 ἔνθεν
557 1093 603 1135 δὲ
635 1090 656 1135 ὅ
689 1092 842 1135 ἐκείνου
866 1088 1177 1148 ὑποστράτηγος
1203 1092 1459 1147 Κοτανίτζης
1475 1093 1542 1134 καὶ
1559 1089 1582 1136 ὃ

118 1163 334 1220 Τορνίκιος
351 1161 588 1218 ἠγγέλλοντο
608 1160 661 1204 τὰ
681 1158 905 1218 πρόσχωροι
930 1163 1048 1217 δρᾶν.
1119 1158 1189 1203 διὰ
1209 1164 1343 1203 ταῦτα
1363 1162 1431 1203 καὶ
1455 1158 1478 1203 ὅ
1498 1165 1581 1214 βα-

62 1237 106 1273 15
119 1230 252 1281 σιλεὺς
276 1230 403 1281 πολὺς
431 1225 483 1286 ἦν
516 1231 584 1272 καὶ
619 1228 728 1280 ἅπας
760 1230 933 1286 ἐγίγνετο
962 1229 1036 1273 τὸν
1060 1225 1277 1285 βάρβαρον
1307 1227 1582 1287 ὑπερχόμενος

116 1303 189 1343 νῦν
209 1299 284 1354 μὲν
302 1300 535 1354 πρεσβείαις
555 1302 628 1341 νῦν
650 1299 696 1341 δὲ
713 1299 781 1341 καὶ
805 1301 1043 1353 πολεμικαῖς
1063 1295 1357 1348 ἓπεξελεῦσεσιν
1367 1330 1381 1351 ,
1417 1299 1504 1341 ἐπεί
1517 1316 1583 1342 τοι

116 1369 185 1410 καὶ
202 1364 294 1411 τότε
310 1368 383 1410 τὸν
401 1364 589 1422 τηνικάδε
610 1366 739 1423 μέγαν
763 1370 1041 1410 κονοσταῦλον
1059 1369 1232 1420 Γλαβᾶν
1242 1399 1256 1419 ,
1291 1366 1364 1410 τὸν
1382 1371 1457 1410 τοῦ
1475 1372 1581 1411 θεοῦ

116 1435 342 1493 ἄνθρωπον
369 1436 539 1487 ἐκεῖνον,
583 1433 748 1490 συνάμα
787 1439 972 1494 στιβαρῷ
1012 1432 1289 1491 στρατεύματι
1328 1434 1399 1478 ἐπ’
1429 1436 1579 1479 ἐκεῖνον
1602 1438 1632 1473 Β

116 1505 331 1558 ἐξέπεμπεν
338 1536 354 1557 ,
389 1503 436 1554 ὃς
464 1503 516 1559 δὴ
540 1501 735 1554 πολλάκις
763 1502 1037 1560 προσβάλλων
1057 1502 1133 1558 οὔχ
1161 1502 1272 1553 ὅπως
1291 1502 1438 1559 ἤνυεν,
1475 1505 1582 1548 ἀλλὰ

62 1574 183 1615 2οκαὶ
201 1576 461 1629 προσηττᾶτο
473 1605 488 1625 ,
523 1570 586 1615 ὅτι
617 1574 703 1628 μηδ
709 1571 721 1588 ’
745 1574 789 1615 ἐκ
809 1577 885 1615 τοῦ
916 1577 1157 1630 προφανοῦς
1174 1570 1457 1626 εἶσβάλλοντες
1477 1569 1586 1630 ἦσαν

117 1642 281 1695 ἐκεῖνοι,
320 1640 426 1684 ἀλλὰ
459 1642 649 1699 λῃστείας
675 1638 830 1699 τρόπον
861 1639 917 1692 ὥς
939 1641 993 1685 τὰ
1018 1641 1152 1684 πολλὰ
1184 1643 1474 1699 μετεχείριζον,
1519 1645 1587 1686 καὶ

208 1750 263 1786 12.
288 1749 421 1792 δεινῶς
446 1748 558 1786 ἔνθεν
580 1749 649 1796 μὲν
672 1748 723 1787 ri?

116 1845 572 1922 ffizssi'ssptssss‘ffffihssss
588 1842 1204 1923 &issuzmssxczfffflssfflsshffiss'fiize
1211 1845 1587 1924 ἓξῖἓῖιεηῖἔᾟ

116 1931 287 1976 pularunt.
331 1944 450 1967 verum
479 1938 657 1979 postquam
687 1939 741 1968 est
775 1935 1019 1985 deprehensum
1042 1935 1172 1968 frustra
1194 1933 1329 1979 sperari
1354 1938 1393 1967 ut
1414 1933 1451 1967 in
1474 1946 1516 1969 ea
1537 1935 1586 1970 illi

116 1977 347 2011 consentirent
367 1989 457 2023 quae
477 1979 693 2024 imperatoris
715 1980 862 2014 ministri
883 1986 921 2014 et
943 1979 1166 2014 ecclesiastici
1189 1979 1389 2024 poscebant,
1411 1981 1587 2016 custodiae

116 2021 237 2056 traditi
259 2028 339 2057 sunt
361 2034 470 2068 prope
491 2035 646 2068 magnum
670 2025 856 2070 palatium,
887 2026 948 2059 nbi
978 2030 1015 2059 et
1044 2030 1165 2070 postea
1186 2025 1330 2059 Ioannes
1353 2026 1586 2063 Tarchauiota

116 2067 294 2102 conclusus
315 2075 379 2102 est.
425 2080 520 2103 snam
543 2081 645 2115 porro
668 2081 816 2104 sororem
839 2071 1038 2111 Eudociam,
1061 2070 1196 2104 viduam
1219 2070 1381 2116 principis
1403 2071 1585 2116 Lazorum,

115 2113 302 2147 honorifice
324 2114 553 2159 benevoleque
575 2121 751 2160 exceptam
774 2117 969 2161 imperator,
985 2120 1166 2161 postquam
1187 2116 1260 2150 eius
1282 2117 1388 2152 luctui
1410 2129 1486 2154 cum
1509 2119 1585 2164 ipse

115 2162 187 2193 tum
209 2164 319 2194 mater
341 2160 522 2194 communis
555 2161 729 2195 amborum
762 2161 880 2195 debito
902 2161 1127 2195 miserationis
1151 2161 1264 2196 officio
1294 2165 1460 2209 compassi
1492 2169 1584 2208 sunt,

114 2204 206 2250 apud
241 2216 318 2239 sese
348 2205 516 2247 detinuit,
548 2206 765 2240 remissurum
798 2219 837 2241 se
867 2206 958 2240 illam
982 2206 1025 2240 ad
1047 2207 1154 2240 filium
1174 2207 1211 2241 in
1234 2213 1388 2254 tempore
1409 2210 1583 2255 pollicens,

115 2250 171 2284 eni
191 2249 263 2285 filio
284 2251 319 2285 in
341 2251 455 2293 Lazis,
477 2255 517 2284 nt
539 2251 665 2285 dictum
690 2258 756 2295 est,
780 2252 965 2287 dominanti
986 2252 1077 2286 omni
1098 2252 1164 2287 iam
1187 2265 1275 2288 nunc
1297 2256 1430 2290 ratione
1451 2256 1582 2303 princi-

114 2299 232 2341 patum
261 2296 396 2331 firmare
427 2297 555 2342 sategit
585 2297 789 2343 imperator:
830 2309 907 2332 nam
940 2297 1037 2332 huius
1066 2300 1197 2334 tutelae
1225 2311 1311 2346 puer
1340 2301 1398 2337 ille
1428 2313 1451 2337 a
1481 2306 1584 2350 patre

114 2343 365 2377 commendatus
384 2344 510 2378 fuerat.
1083 2350 1089 2358 '

204 2388 263 2423 30.
309 2389 386 2423 Hac
412 2389 491 2423 vice
522 2399 635 2423 rerum
665 2388 947 2424 increbesoebant
975 2400 1100 2434 graves
1131 2389 1176 2425 ad
1201 2391 1440 2438 imperatorem
1471 2394 1586 2429 nuntii

114 2431 160 2466 de
181 2433 427 2469 incursionibus
448 2435 527 2468 hinc
551 2435 685 2481 quidem
709 2437 812 2471 cralis
841 2435 1004 2476 sarbiae,
1035 2436 1115 2470 inde
1146 2441 1259 2472 autem
1288 2437 1388 2473 huius
1417 2441 1586 2485 praefecti

116 2477 319 2514 Cotanitzae
341 2492 383 2515 ac
404 2480 581 2522 Tomicii,
612 2482 737 2527 quibus
765 2482 929 2516 finitimae
962 2482 1030 2516 illis
1052 2482 1209 2526 partibus
1229 2484 1404 2519 Romanae
1423 2486 1584 2531 regiones

114 2525 349 2562 vastabantur.
394 2526 472 2560 binc
493 2527 618 2561 multus
653 2533 731 2562 erat
752 2528 958 2573 imperator,
992 2532 1098 2572 atque
1120 2528 1207 2563 adeo
1228 2533 1347 2572 totus,
1379 2530 1416 2565 in
1441 2543 1524 2566 eura
1546 2536 1583 2566 et

115 2569 322 2613 cogitatione
342 2571 486 2606 idoneae
507 2572 731 2608 inveniendae
760 2573 903 2608 rationis
933 2573 1191 2609 coercendorum
1219 2575 1476 2611 latrociniorum
1499 2579 1582 2612 bar-

114 2613 190 2648 bari
209 2627 298 2650 nunc
319 2617 544 2662 legationibus
567 2630 656 2653 nnnc
677 2619 881 2654 militaribus
903 2619 1197 2664 expeditionibus,
1231 2621 1398 2668 siquidem
1422 2634 1580 2667 magnum

116 2669 159 2692 ea
177 2663 380 2706 tempestate
402 2665 652 2707 conostaulum,
675 2666 841 2707 Glabam,
864 2664 956 2698 illum
979 2664 1034 2698 dei
1056 2665 1242 2710 bominem,
1276 2679 1351 2702 cnm
1374 2669 1494 2703 validis
1518 2680 1580 2702 co-

116 2703 180 2756 piis
212 2713 331 2742 eontra
351 2709 498 2743 Set-bum
527 2710 640 2754 misit,
672 2711 732 2756 qui
761 2722 866 2757 saepe
896 2709 1082 2754 confligens
1111 2711 1196 2747 adeo
1227 2724 1347 2767 parum
1369 2714 1517 2759 profecit
1539 2718 1580 2750 nt

114 2753 207 2801 victo
236 2751 375 2787 similior
404 2755 626 2798 abscederet,
658 2756 816 2802 quoniam
849 2755 897 2790 illi
927 2755 1106 2791 decretor'n
1135 2759 1260 2803 praehi
1281 2759 1411 2804 copiam
1434 2771 1503 2794 non
1524 2760 1580 2795 fa·

116 2802 268 2839 mentes,
288 2797 466 2834 vitabundi
487 2811 530 2836 ac
550 2812 628 2836 mox
651 2802 842 2837 coorientes
863 2813 906 2838 ex
927 2800 1076 2845 insidiis,
1109 2814 1203 2840 more
1224 2804 1391 2840 latronum
1413 2806 1579 2852 pleraque
