1820 3112
208 164 304 210 188
617 163 853 208 GEORGII
895 163 1247 206 PACHYMERIS

64 284 93 320 P
117 285 182 321 125
344 277 422 323 29.
495 273 602 320 Τότε
631 278 696 320 καὶ
723 277 918 332 βασιλεὺς
942 278 1123 334 Κρονίου
1155 276 1286 332 μηνὸς
1313 272 1529 325 ἐνστάντος
1537 307 1550 328 ,
1589 273 1664 318 οὒκ

204 345 297 391 οἶδα
318 346 394 389 εἴτε
418 345 531 401 παρὰ
553 350 625 401 τῆς
647 347 805 403 μητρὸς
823 348 888 390 καὶ
921 347 1134 400 δεσποίνης
1157 343 1212 395 ὥς
1241 344 1363 388 ἄδικα
1382 342 1540 401 πράξας
1563 342 1668 400 πρὸς

202 415 275 458 τὸν
296 412 413 457 κάσιν
443 413 810 470 παρακνιζόμενος,
855 415 931 458 εἴτε
951 415 1034 470 μὴν
1065 417 1130 457 καὶ
1152 418 1344 471 προφανῆ
1369 414 1503 456 θέλων
1529 417 1665 455 θεῖναι

195 482 408 537 Ῥωμαίοις
430 483 499 525 τὸν
520 485 670 526 ἐκείνου
694 484 796 540 πρὸς
815 482 960 526 ἑαυτὸν
982 482 1103 527 δόλον
1126 485 1191 526 καὶ
1212 481 1385 539 τρόπον,
1424 477 1664 531 συμπάντας

199 549 397 608 ἀγορήνδε
418 556 533 594 καλεῖ
541 585 553 604 ,
592 554 659 595 καὶ
690 553 732 596 ἓν
758 557 816 611 τῷ
833 553 1044 611 Ἀλεξιακῷ
1065 553 1251 610 τρικλίνῳ
1280 551 1572 608 προκαθίξει-αι
1590 549 1698 603 μὲνό

141 626 172 660 Β
203 618 349 672 αὐτός,
381 619 685 676 συνεδριάζουσι
715 621 758 664 δ’
793 622 832 664 οἱ
867 624 908 664 ἐν
939 622 1040 665 τέλει
1070 622 1266 677 ἇρχιερεῖς
1293 637 1336 663 τε
1371 621 1438 662 καὶ
1470 618 1665 674 κληρικοί,

202 691 451 746 παρίσταται
486 690 530 732 δὲ
556 692 623 732 καὶ
656 695 738 733 τῶν
769 695 842 745 τῆς
862 692 1066 740 πολιτείας
1095 689 1192 733 ὅσον
1209 688 1426 746 περιφανές
1447 705 1492 730 τε
1513 688 1580 730 καὶ
1600 685 1667 729 ἕκ-

202 775 353 814 κριτον.
424 759 490 800 καὶ
520 759 626 813 δῆλα
645 756 696 801 τά
724 777 765 802 τε
799 759 892 802 κατ’
928 758 1075 802 ἐκεῖνον
1107 761 1173 801 καὶ
1198 758 1268 801 τὸν
1295 754 1666 813 Στρατηγόπουλον

202 828 394 883 γίνονται.
462 828 529 869 καὶ
559 827 630 869 τὸν
659 828 733 881 μὲν
765 828 994 884 ἐμφανίζειν
1023 827 1215 883 εὐπρεπὲς
1245 825 1320 869 οὐκ
1337 823 1490 878 ἐδόκει,
1527 823 1599 868 τὸν
1619 825 1670 867 δέ

201 911 245 951 γε
264 892 632 950 Στρατηγόπουλον
654 896 716 937 ἐπὶ
733 901 807 938 τοῦ
827 897 955 951 μέσου
976 893 1344 952 παραστησάμενος
1367 894 1418 938 τὰ
1436 893 1533 937 κατ’
1563 893 1663 936 ἐκεί-
1677 900 1720 934 10

153 972 184 1006 C
207 981 287 1007 νων
311 963 447 1015 ἐκίνει,
486 961 542 1013 ὥς
567 965 787 1019 ἐλεγχθεῒεν
820 965 872 1007 τοὶ
904 967 970 1008 καὶ
999 965 1050 1008 τὰ
1079 966 1259 1021 λέγοντες
1281 966 1347 1006 καὶ
1365 963 1416 1007 τὰ
1435 959 1666 1018 βουλευσά-

201 1049 338 1086 μενοι,
375 1031 600 1075 κάντεῦθεν
621 1035 780 1076 δικαίαν
809 1032 835 1090 ’ἢ
853 1038 1012 1089 μᾶλλον
1036 1036 1103 1077 καὶ
1124 1037 1326 1088 συμπαθῆ
1347 1032 1421 1088 τὴν
1443 1030 1540 1074 κατ’
1564 1031 1666 1074 ἐκεί-

201 1118 282 1144 νων
301 1102 480 1155 παρίστα
497 1106 654 1157 ψῆφον.

149 1169 182 1204 Ῑ)
344 1170 421 1214 30.
493 1168 598 1212 Τότε
619 1170 691 1213 καί
712 1187 773 1219 τις
795 1174 876 1213 τῶν
907 1168 1159 1227 Βουλγάρων
1181 1169 1356 1212 ἔκποθεν
1376 1168 1517 1224 φανεὶς
1538 1163 1665 1210 αὐτό-

199 1255 332 1293 ματος
359 1241 568 1291 Λαχανᾶν
593 1256 634 1281 τε
669 1237 815 1281 ἑαυτὸν
846 1238 1095 1296 ἔπιφημίζει,
1133 1240 1198 1281 καὶ
1233 1241 1356 1293 δῆλος
1381 1232 1430 1292 ἦν
1463 1237 1662 1294 πραξείων
1675 1241 1718 1278 15

199 1306 306 1348 κατὰ
327 1311 409 1349 τῶν
434 1308 598 1363 ἐχθρῶν
606 1340 620 1360 ,
660 1309 696 1349 εἲ
713 1307 907 1361 βασιλεὺς
926 1308 1128 1365 ἐπιτρέποι
1141 1340 1154 1359 ,
1191 1307 1244 1349 τὰ
1266 1307 1449 1362 μέγιστα.
1519 1304 1566 1348 τὸ
1587 1304 1663 1359 μὲν

202 1370 275 1417 οὗν
297 1379 461 1430 πρῶτον
484 1377 551 1417 καὶ
582 1375 710 1418 αὐτὸν
740 1374 972 1432 ἓθορῦβησε
989 1377 1189 1430 βασιλέα,
1217 1377 1251 1418 εἲ
1269 1374 1315 1418 ὃν
1341 1373 1447 1429 εἶχον
1464 1389 1664 1430 πεφονευ-

202 1443 321 1496 μένον
355 1443 469 1499 παρὰ
492 1446 610 1499 Νογᾶ
635 1447 709 1486 τοῦ
731 1448 812 1486 τῶν
835 1442 1034 1500 Τοχάρων
1053 1444 1265 1499 ἄρχοντος,
1302 1448 1450 1486 τοῦτον
1467 1441 1664 1496 βλέπουσι

145 1512 179 1547 Ε
204 1513 335 1564 ζῶντα
364 1513 431 1554 καὶ
455 1511 507 1554 τοὶ
537 1509 693 1568 μεγάλα
719 1514 809 1570 περὶ
841 1511 969 1555 αὐτοῦ
1000 1511 1315 1570 φανταζόμενον.
1387 1510 1486 1555 ὅθεν
1504 1512 1572 1554 καὶ
1589 1513 1664 1565 τῆς

291 1687 348 1723 29.
394 1687 496 1722 Tunc
517 1698 620 1732 porro
642 1687 828 1733 imperator
851 1687 913 1722 sub
943 1687 1075 1723 initium
1098 1687 1221 1722 mensis
1243 1686 1382 1730 Martii,
1413 1685 1503 1721 baud
1526 1685 1597 1721 ocio
1619 1697 1664 1721 an

200 1732 478 1779 quiritationibus
502 1733 619 1768 matris
636 1734 821 1778 Augustae,
845 1733 961 1780 inique
985 1738 1096 1768 actum
1119 1735 1162 1768 ab
1187 1746 1227 1768 eo
1251 1745 1327 1768 cum
1349 1734 1456 1767 fratre
1479 1731 1663 1775 causantis,

201 1779 404 1822 stimulatus,
429 1791 473 1814 an
496 1779 620 1825 alioqui
650 1791 712 1814 sua
736 1780 903 1814 interesse
936 1783 1030 1814 ratus
1054 1780 1212 1825 cognosci
1234 1791 1256 1813 a
1278 1780 1438 1813 Romanis
1461 1778 1553 1813 clare
1575 1789 1664 1824 quae

202 1825 445 1860 Constantinus
468 1826 610 1871 despota
641 1837 720 1860 suus
750 1837 930 1870 germanus
959 1830 994 1860 et
1024 1838 1097 1860 cum
1122 1838 1161 1860 eo
1183 1825 1380 1870 conspirans
1403 1825 1665 1870 Strategopulus

199 1872 433 1906 fraudulenter
463 1872 497 1906 in
530 1884 567 1906 se
605 1872 752 1906 fuissent
784 1871 985 1918 ingrateque
1014 1871 1212 1913 machinati,
1255 1871 1433 1906 universos
1462 1871 1499 1904 in
1530 1874 1664 1905 coetum

201 1929 406 1952 communem
429 1920 540 1952 vocat.
587 1922 690 1963 atque
711 1918 745 1952 in
762 1918 923 1952 Alexiaco
945 1918 1090 1952 triclinio
1114 1917 1288 1963 praesidet
1311 1917 1443 1963 quidem
1465 1917 1552 1962 ipse,
1577 1915 1664 1959 assi-5

201 1963 283 1997 dent
307 1971 418 1998 autem
441 1964 490 2008 ei,
513 1963 570 2009 qui
593 1964 808 2009 magistratus
831 1964 1079 1999 ecclesiasticos
1103 1964 1278 2010 primarios
1301 1964 1485 2008 gerebant,
1512 1962 1663 2008 episcopi

200 2013 236 2043 et
260 2009 381 2044 clerici.
408 2011 592 2044 adstabant
615 2010 790 2044 lectissimi
814 2015 849 2045 et
868 2011 1083 2045 illustrissimi
1102 2011 1228 2055 quique
1246 2010 1374 2043 civium.
1398 2009 1444 2043 ibi
1463 2009 1667 2051 recitantur,

199 2066 288 2100 quae
310 2056 465 2102 despota,
490 2067 577 2102 quae
591 2056 850 2102 Strategopulus
874 2061 988 2091 essent
1010 2057 1210 2101 deprehensi
1232 2058 1317 2090 clam
1339 2055 1462 2090 moliri.
1509 2066 1551 2089 ac
1570 2054 1664 2088 illum

198 2101 333 2145 quidem
369 2103 457 2135 haud
489 2106 689 2137 conveniens
720 2108 774 2136 est
804 2103 914 2137 visum
947 2103 1144 2148 producere.
1190 2102 1226 2136 in
1257 2102 1328 2136 solo
1351 2101 1592 2146 Strategopulo
1625 2099 1663 2134 in

194 2147 338 2181 medium
369 2148 512 2182 adducto
543 2153 617 2182 tota
651 2154 704 2183 est
735 2149 916 2183 communis
946 2150 1081 2194 utrique
1105 2148 1269 2182 convictio
1302 2151 1452 2193 peracta.
1497 2144 1664 2192 oppositis

199 2193 231 2225 ei
259 2193 390 2226 scilicet
412 2194 704 2238 irrefragabilibus
728 2195 936 2239 argumentis
960 2198 995 2228 et
1017 2194 1216 2229 testimoniis
1246 2199 1384 2228 coactus
1415 2196 1469 2227 est
1498 2202 1662 2233 recogno-

199 2250 307 2281 scere,
332 2239 415 2284 quid
437 2250 546 2274 rerum
571 2252 732 2274 novarum
763 2253 899 2275 movere
933 2241 1136 2283 studuisset,
1169 2241 1289 2286 quibus
1313 2243 1404 2274 esset
1425 2237 1558 2272 indiciis
1580 2247 1663 2270 con-

197 2283 320 2318 iuratio
345 2285 501 2329 detecta,
525 2298 613 2331 quae
635 2288 742 2321 verba
768 2287 947 2332 utriusque
979 2299 1001 2322 a
1031 2287 1108 2322 fidis
1142 2286 1350 2320 delatoribus
1374 2287 1537 2328 excepta,
1573 2293 1662 2328 quae

198 2341 325 2364 arcana
348 2331 488 2365 consilia
517 2337 612 2366 certo
646 2332 790 2366 fuissent
822 2335 1008 2378 explorata.
1056 2334 1108 2367 bis
1130 2333 1314 2377 imperator
1336 2328 1604 2364 demonstrandis
1625 2327 1661 2362 id

196 2375 357 2411 videlicet
380 2382 554 2411 assecutus
579 2381 650 2421 est,
687 2383 726 2412 ut
757 2390 844 2424 quae
879 2379 973 2424 prius
1007 2379 1206 2424 quibusdam
1228 2376 1336 2412 videri
1360 2385 1480 2409 severa
1503 2377 1663 2420 potuerat

197 2423 368 2456 amborum
392 2423 561 2457 damnatio
586 2436 626 2458 ac
649 2435 777 2470 poena,
810 2425 877 2458 iam
901 2436 964 2470 pro
989 2425 1161 2469 gravitate
1184 2423 1356 2458 criminum
1378 2421 1463 2455 lenis
1485 2431 1527 2455 ac
1547 2419 1662 2455 mode-

194 2472 272 2502 rata
295 2474 502 2505 censeretur.

287 2538 342 2572 30.
390 2538 444 2572 Ea
474 2540 677 2581 tempestate
700 2537 868 2582 Bulgarus
900 2536 1068 2582 quispiam
1091 2535 1245 2570 alicunde
1266 2538 1387 2580 sponte
1409 2533 1592 2579 prodiens,
1623 2543 1663 2568 se

197 2583 389 2618 Lachanam
420 2595 495 2618 esse
525 2583 614 2617 illum
639 2583 762 2616 dudum
793 2583 841 2617 ibi
865 2583 1030 2616 celebrem
1055 2583 1214 2626 iactavit,
1245 2585 1419 2615 ostentans
1451 2579 1553 2614 etiam
1584 2590 1662 2614 sese

195 2628 411 2675 imperatori,
436 2641 478 2664 ac
501 2632 654 2674 paratum
678 2629 826 2663 offerens
850 2629 890 2662 ad
916 2628 1143 2672 aggredienda
1165 2628 1198 2661 in
1221 2628 1356 2667 hostes,
1385 2626 1416 2661 si
1438 2625 1661 2671 permitteret,

197 2675 351 2711 maxima.
396 2675 449 2710 his
471 2676 654 2720 imperator
686 2675 811 2709 auditis
842 2675 999 2708 turbatus
1022 2674 1164 2719 primum
1190 2678 1244 2708 est
1266 2672 1486 2707 admiratione
1507 2671 1662 2718 inopina-

196 2725 255 2755 tae
278 2721 458 2764 novitatis,
489 2721 578 2755 haud
602 2720 740 2766 capiens
764 2732 830 2766 quo
856 2732 956 2762 casu,
990 2731 1088 2766 quem
1111 2719 1193 2755 satis
1217 2720 1396 2754 constabat
1419 2729 1441 2752 a
1465 2717 1567 2762 Noga
1588 2717 1663 2752 To-

197 2767 375 2802 charorum
398 2767 551 2814 principe
573 2766 680 2801 fuisse
702 2767 770 2800 iam
793 2766 921 2812 pridem
944 2766 1170 2808 interfectum,
1196 2765 1228 2800 is
1252 2777 1318 2799 non
1339 2764 1435 2800 vivus
1457 2764 1556 2799 modo
1580 2773 1663 2797 con·

196 2813 405 2859 spiceretur,
442 2814 503 2850 sed
526 2824 647 2859 magna
678 2812 781 2848 etiam
806 2812 956 2860 polliceri
982 2813 1027 2848 de
1050 2823 1088 2847 se
1111 2824 1152 2847 ac
1175 2811 1330 2858 cogitare
1352 2811 1506 2847 auderet.
1554 2819 1664 2856 quare
