1820 3112
329 141 406 186 DE
431 140 763 185 ANDRONICO
794 135 1170 182 PALAEOLOGO
1204 137 1251 182 L.
1286 134 1364 182 lv.
1480 132 1579 180 281

115 261 192 314 τῆς
206 253 373 315 πρῶτης
391 252 625 311 ἑβδομάδος
647 250 847 308 ἐνστάσης
870 257 952 296 τῶν
972 255 1169 308 νηστειῶν
1188 248 1209 294 ὃ
1227 250 1303 306 μὲν
1323 245 1580 307 πατριάρχης

117 325 365 381 καταλαβὼν
395 325 471 380 τὴν
500 324 739 380 Σηλυβρίαν
768 323 836 364 καὶ
868 320 1042 376 βασιλέα
1072 316 1499 377 προσαπεκδεχόμενος
1520 322 1578 378 τῷ

116 394 217 445 τέως
236 392 412 451 ἦσύχαζε
422 427 437 447 ,
486 392 577 452 (2)
601 390 794 447 βασιλεὺς
814 389 859 432 δὲ
877 390 1079 444 σχολαίως
1100 388 1206 431 κατὰ
1227 388 1373 445 μικρὸν
1392 384 1574 444 προσῄει,
1598 391 1630 427 D

119 464 356 519 Σηλυβρίας
374 462 454 517 ὄψέ
470 459 687 516 σαββάτου
704 459 922 513 ἐπέβαινεν.
963 456 992 514 ἦ
1012 456 1108 512 μετ’
1129 456 1260 512 αὐτὴν
1276 457 1352 511 μὲν
1370 458 1438 499 καὶ
1461 453 1584 499 ὕστε-

84 541 107 576 5
121 533 217 590 ραία
237 530 280 591 (ἦ
302 531 344 575 δ’
369 526 420 586 ἦν
438 529 464 586 ἡ
483 535 559 587 τῆς
578 529 827 586 ὄρθοδοξίας
845 525 997 584 ἡμέρα)
1021 526 1252 583 ἐφίσταται,
1287 526 1354 568 καὶ
1374 522 1466 568 τότε
1478 525 1582 579 μετὰ

116 601 376 657 μεσημβρίαν
403 598 500 643 κατ’
536 598 637 648 ἔθος
665 601 739 652 τῆς
766 597 878 653 ἱερᾶς
909 594 1153 650 τελουμένης
1175 595 1426 651 λειτουργίας
1445 594 1583 648 ἐπιμι-

114 667 223 726 γνόει
242 673 302 728 τῷ
317 666 549 726 πατριάρχῃ
570 666 676 710 κατὰ
694 666 766 709 τὸν
784 665 908 708 ἐκεῖσε
927 663 1029 707 νεὼν
1049 667 1124 719 τῆς
1135 667 1267 718 μονῆς
1282 667 1357 706 τοῦ
1378 667 1580 720 σωτῆρος,

116 739 184 781 καὶ
204 736 303 781 ὅσον
323 732 374 792 ἦν
404 735 544 792 ὁμιλεῖ.
615 734 691 779 οὐκ
715 729 766 789 ἦν
785 734 838 787 δὲ
860 729 1024 783 πάντως
1043 729 1136 776 τότε
1153 731 1479 789 προσαναφέρειν
1501 728 1583 774 πα-
1607 737 1637 772 P
1662 735 1726 773 194

115 803 313 863 τριάρχην
333 805 360 849 ἃ
382 805 434 862 δὴ
454 804 559 848 κατὰ
577 803 728 860 σχολὴν
756 802 832 858 τὴν
859 802 1096 859 πρέπουσαν
1119 807 1239 844 κινεῖν
1259 798 1458 855 ἠβούλετο
1472 833 1486 853 ,
1525 794 1582 844 ὧν

63 884 108 918 10
121 870 224 930 ἦσαν
241 872 317 918 δύο
338 874 389 918 τὰ
406 873 599 931 μέγιστα,
633 873 722 929 περὶ
752 866 808 915 ὧν
830 868 1072 914 ἐσπουδάκει
1093 870 1216 913 πλέον
1236 869 1578 928 προσαναφέρειν,

114 941 160 986 ’ἓν
177 944 252 999 μὲν
269 945 453 1000 περὶτοῦ
483 939 797 999 Ταρχανειώτου
821 937 1013 983 Ἰωάννου
1034 938 1114 995 (ἔτι
1139 936 1245 996 γάρ,
1284 937 1340 989 ὥς
1366 939 1578 995 ἐπέμφθη,

115 1016 200 1056 τῶν
229 1016 305 1067 τῆς
335 1011 538 1067 ἀνατολῆς
563 1015 701 1067 μερῶν
731 1006 997 1067 ἡγεμόνευεν)
1029 1006 1086 1058 ὥς
1119 1007 1167 1050 οὗ
1200 1009 1356 1051 δίκαιον
1377 1006 1424 1051 ὃν
1445 1007 1581 1058 ἄλλως

117 1079 210 1123 οὔδ’
233 1079 396 1137 εὔλογον
415 1079 546 1136 ἄνδρα
564 1084 638 1135 τῆς
656 1079 868 1134 ἐκκλησίας
888 1074 1229 1132 ἀποσχιζόμενον,
1260 1078 1329 1119 καὶ
1351 1076 1483 1119 πολλοὶ
1503 1076 1581 1120 σῦν

115 1147 255 1199 ἅλλοις
274 1150 343 1192 καὶ
363 1148 491 1192 αὐτοῦ
510 1146 765 1205 πατριάρχου
786 1150 968 1203 λιπαρῶς
989 1145 1059 1203 ἐφ’
1081 1144 1225 1201 ὕβρεσι
1242 1143 1579 1200 καθαπτόμενον,

116 1217 159 1260 ἓν
189 1217 322 1268 ἀξίαις
358 1216 458 1261 εἶναι
496 1219 703 1274 μεγίσταις
731 1214 946 1272 ἦγεμονίας
983 1216 1051 1257 καὶ
1084 1214 1231 1270 ἀνέδην
1258 1215 1580 1271 κατεπαίρεσθαι

115 1290 198 1329 τῶν
217 1290 401 1340 πολλῶν,
439 1288 506 1329 καὶ
524 1290 682 1340 μᾶλλον
701 1289 784 1327 τῶν
802 1284 925 1327 ἐκεῖσε
956 1282 1195 1340 ἀρχιερέων,
1234 1281 1290 1333 ὦς
1314 1282 1422 1339 ἔλεγε
1435 1316 1448 1336 ,
1484 1280 1579 1326 deti-
1601 1293 1630 1327 B

114 1370 232 1410 τερον
250 1355 295 1397 δὲ
313 1355 360 1398 τὸ
377 1357 466 1410 περὶ
489 1359 564 1397 τοῦ
583 1350 943 1409 συναλλάγματος·
973 1350 1074 1394 εἶναι
1093 1351 1171 1407 γὰρ
1191 1350 1304 1411 αὐτῷ
1327 1350 1450 1395 πόλλ’
1475 1351 1581 1395 ἅττα

114 1421 167 1465 τὰ
191 1421 520 1479 προσιστάμενα,
561 1421 588 1465 ἃ
617 1422 668 1477 δὴ
700 1423 766 1464 καὶ
791 1425 940 1476 χρῆναι
967 1420 1108 1475 σκέψει
1137 1417 1296 1463 διδόναι
1314 1422 1382 1463 καὶ
1402 1419 1513 1464 οὕτω
1532 1422 1581 1464 τὸ

119 1491 247 1546 φανὲν
268 1491 452 1549 ἀσφαλὲς
466 1490 541 1534 ὑπ’
560 1493 675 1534 αἰδοῖ
690 1494 771 1533 τῶν
791 1488 928 1544 νόμων
947 1490 1014 1531 καὶ
1033 1486 1376 1546 διαπράττεσθαι.
1422 1487 1581 1533 τούτων

61 1557 243 1604 Ξοόντων
259 1563 319 1619 τῷ
339 1558 570 1618 πατριάρχῃ
589 1560 658 1604 διὰ
676 1563 831 1602 σκοποῦ
845 1591 858 1611 ,
891 1559 974 1602 ε’πεὶ
994 1558 1048 1600 τὰ
1065 1562 1139 1614 τῆς
1158 1558 1269 1616 ἱερᾶς
1287 1562 1448 1614 τελετῆς
1467 1558 1583 1609 τέλος

113 1702 213 1726 orare
245 1702 284 1726 se
312 1703 356 1726 ne
386 1694 590 1736 gravaretur
618 1691 826 1737 praecedere
851 1690 1066 1735 Selybriam,
1096 1701 1163 1737 quo
1194 1702 1272 1725 mox
1303 1694 1485 1726 secuturus
1507 1691 1581 1737 ipse

114 1738 223 1772 foret:
246 1737 354 1772 locum
377 1738 466 1772 enim
488 1737 524 1772 in
547 1749 614 1782 quo
637 1749 724 1772 nunc
746 1738 976 1771 diversaretur
998 1748 1117 1782 parum
1143 1736 1176 1771 ei
1199 1737 1396 1782 excipiendo
1420 1749 1496 1772 esse
1519 1750 1582 1783 op-

112 1786 305 1827 portunum.
350 1785 436 1818 fecit
465 1784 662 1828 patriarcha
692 1783 783 1830 quod
805 1786 1010 1828 rogabatur,
1041 1794 1083 1816 ac
1114 1787 1210 1817 tanto
1231 1783 1297 1817 iam
1321 1783 1462 1828 amplius
1487 1783 1582 1827 cogi-

51 1826 55 1830 ’
113 1828 210 1862 tandi
231 1833 351 1864 nactus
372 1830 476 1864 otium
499 1834 697 1873 argumenta
719 1832 831 1863 mente
855 1840 993 1863 versans
1014 1828 1211 1873 digerebat,
1234 1828 1356 1874 quibus
1378 1829 1461 1862 nihil
1482 1829 1580 1862 habi-

113 1876 228 1907 turum
249 1875 339 1919 quod
366 1875 587 1921 plausibiliter
609 1880 796 1921 opponeret
817 1875 1007 1919 Augustum
1041 1875 1230 1908 arbitratus
1252 1885 1423 1908 cessurum
1447 1875 1578 1910 omnino

113 1918 382 1966 abstitummque
403 1921 531 1965 coeptis
553 1932 619 1955 non
642 1922 821 1956 dubitabat
842 1920 907 1955 sibi
928 1920 1104 1954 blandiens
1127 1920 1308 1953 confidere.
1353 1919 1488 1954 interim
1506 1921 1578 1955 Au-

114 1969 235 2008 gustus
256 1965 336 1998 licet
358 1966 508 2000 instante
530 1967 638 2011 prima
660 1966 758 2001 verni
780 1966 894 2000 ieiunii
923 1966 1133 2000 hebdomade
1158 1977 1195 1999 se
1225 1965 1443 2010 impatienter
1472 1978 1575 2012 expe·

115 2008 204 2043 ctari
227 2010 406 2054 Selybriae
438 2023 459 2045 a
489 2012 686 2056 patriarcha
706 2023 773 2045 non
803 2012 998 2056 ignoraret,
1029 2011 1133 2044 nihilo
1156 2016 1268 2045 tamen
1290 2011 1454 2046 solicitius
1476 2013 1577 2047 festi-

113 2065 199 2088 nans
230 2055 266 2088 in
296 2067 423 2090 summa
454 2056 569 2102 quiete
601 2058 843 2101 perseverabat
873 2057 1022 2102 Dripeae
1053 2056 1188 2092 morari.
1243 2058 1319 2101 (2)
1353 2062 1391 2092 at
1422 2058 1481 2092 ubi
1514 2059 1578 2093 ali-

113 2099 248 2146 quando
278 2100 358 2135 inde
388 2102 502 2147 coepit
522 2101 714 2146 Selybriam
743 2113 863 2137 versus
892 2102 959 2137 iter
993 2102 1171 2136 intendere
1184 2126 1196 2145 ‚
1230 2102 1382 2148 perlento
1415 2103 1577 2139 incedens

112 2156 217 2191 passu
249 2146 306 2181 vix
335 2147 481 2192 denique
512 2159 657 2192 vespera
687 2147 821 2181 sabbati
850 2159 891 2182 eo
919 2147 1084 2193 pervenit.
1129 2150 1267 2193 postera
1298 2149 1397 2184 huius
1427 2149 1484 2184 die
1498 2176 1508 2194 ,
1541 2150 1578 2185 in

137 2203 213 2226 uam
235 2191 353 2227 incidit
376 2192 541 2228 dominica
564 2193 804 2235 orthodoxiae,
831 2204 895 2238 per
918 2204 1053 2227 causam
1073 2204 1194 2228 sacrae
1216 2194 1394 2240 liturgiae,
1425 2200 1466 2230 ut
1497 2196 1577 2231 talis

136 2237 183 2272 iei
203 2237 290 2272 ritus
323 2239 504 2283 poscebat,
537 2243 617 2283 post
647 2238 817 2273 meridiem
841 2238 1085 2282 celebrandae,
1118 2240 1339 2275 conveniente
1360 2241 1396 2276 in
1418 2242 1579 2288 templum

110 2282 186 2337 illic
202 2284 301 2318 situm
325 2284 368 2318 ad
390 2285 628 2339 monasterium
661 2284 841 2319 salvatoris
864 2284 1039 2329 Augusto,
1073 2285 1268 2330 patriarcha
1286 2286 1367 2341 ‘eius
1388 2287 1578 2333 alloquendi

111 2333 410 2410 amam&
429 2329 1479 2424 ἶῗῖ,ιῗὲἳὲἲῗέωῖἷῗιιὲἷᾝὲἓίι’ὲῗιειῖῗέωὼωμωέἂῖιῗ
1495 2345 1578 2434 ξὶὲῗ

111 2419 174 2454 lixi
196 2432 270 2455 cum
292 2421 499 2467 imperatore
522 2422 686 2457 sermonis
708 2426 928 2468 argumenta,
963 2426 1002 2455 ut
1024 2423 1187 2467 putabat,
1209 2425 1422 2470 necessaria,
1454 2427 1578 2471 quibus

112 2465 320 2509 explicandis
352 2467 514 2502 maiorem
543 2467 578 2502 iu
610 2468 742 2502 modum
774 2467 936 2514 cupiebat
970 2467 1075 2502 otium
1106 2468 1168 2503 sibi
1201 2471 1406 2505 commodum
1428 2472 1579 2506 concedi.

111 2510 253 2556 primum
277 2512 366 2546 enim
397 2525 458 2547 con
483 2514 558 2548 ueri
590 2515 728 2548 volebat
749 2513 794 2548 de
816 2515 1032 2559 praefectura
1058 2513 1199 2550 orientis
1220 2515 1339 2551 Ioanni
1362 2517 1579 2553 Tarcbanio-

112 2560 172 2590 tae
194 2557 372 2600 attributa,
396 2559 522 2594 homini
545 2560 654 2605 palam
678 2560 721 2594 ab
743 2559 887 2594 ecclesia
910 2558 1073 2600 discisso,
1096 2560 1223 2607 quique
1244 2562 1370 2597 nullum
1392 2563 1494 2597 finem
1516 2567 1577 2596 aut

111 2602 243 2636 modum
265 2605 397 2638 faceret
417 2605 550 2650 probris
572 2603 825 2640 lacerandorum
847 2617 922 2640 cum
944 2604 1085 2639 aliorum
1115 2617 1178 2652 per
1198 2619 1258 2642 eos
1279 2609 1478 2654 praesertim
1501 2612 1577 2642 tra-

114 2650 189 2680 ctu·
212 2648 412 2691 antistitum,
435 2653 505 2684 tum
527 2650 647 2696 ipsius,
669 2656 709 2686 ut
730 2651 862 2693 aiebat,
885 2651 1112 2696 patriarchae.
1157 2652 1280 2688 deinde
1302 2655 1394 2689 circa
1417 2653 1574 2698 designa-

113 2696 170 2725 tas
183 2692 365 2729 Simonidis
387 2706 463 2730 cum
485 2696 576 2730 crale
598 2697 746 2743 nuptias,
771 2701 812 2731 ut
833 2708 896 2731 eae
918 2697 984 2730 rite
1007 2707 1048 2730 ac
1074 2709 1147 2733 cum
1170 2698 1287 2734 debita
1308 2699 1501 2734 reverentia
1522 2699 1574 2733 le-

113 2747 192 2780 gum
214 2738 348 2784 fierent,
370 2741 476 2776 multa
498 2741 600 2776 etiam
622 2749 725 2788 atque
747 2742 851 2777 etiam
875 2741 1088 2778 consideratu
1110 2743 1226 2790 digna,
1250 2756 1339 2791 quae
1361 2747 1574 2790 suggereret,

113 2781 180 2818 sibi
200 2783 327 2820 babere
347 2785 537 2822 videbatur.
583 2799 670 2834 quae
692 2788 804 2824 omnia
824 2788 980 2835 perfecto
1000 2787 1068 2824 iam
1087 2800 1187 2826 sacro
1209 2790 1446 2838 propositurus
1466 2790 1575 2838 impe-
