1858 3126
533 166 646 210 Lm.
680 163 716 210 1.
783 162 1148 210 GLOSSARIUM.
1470 163 1568 212 723

228 277 610 328 φυλλοκρινεῖν
636 275 834 327 p-1155
851 277 892 317 8·
953 272 1269 328 ὃφυλλοκρίνονν
1289 268 1467 339 ἆκριβός
1489 273 1567 329 τήν

113 328 315 385 ἐξήγησιν.
343 332 398 370 ita
415 331 630 370 clarissime
649 331 834 383 exprimit
849 329 957 369 hunc
973 331 1104 370 locum
1124 330 1251 370 codex
1273 331 1448 383 optimus
1466 332 1569 371 Bar-

112 389 288 438 berinus,
311 401 425 439 quem
443 387 540 425 haec
560 387 679 425 editio
701 387 909 439 praecipue
924 387 1036 438 sequi
1057 387 1282 439 profitetur.
1311 400 1433 439 quare
1449 388 1568 429 sliam

112 445 323 484 lectionem
340 443 530 482 Allatiani
553 443 832 496 ἔφιλοκρίνουν
855 456 930 495 pro
953 442 1267 496 ἔφυλλοκρίνουν
1290 443 1478 494 legentis,
1508 445 1566 483 si.

112 501 221 540 lente
243 500 471 553 praesertim
494 499 709 549 Vaticano,
738 498 807 551 qui
831 512 983 537 comma
1009 498 1120 538 istud
1153 500 1365 551 praeterit,
1393 500 1568 552 postha-

112 557 281 596 bendam
315 555 438 604 duxi,
466 555 539 594 etsi
565 556 673 594 ultro
701 556 823 594 fatear
851 555 932 594 eius
966 555 1250 607 expeditiorem
1279 569 1438 595 sensum
1467 570 1564 598 esse.

113 626 205 651 nam
230 615 475 665 φιλοκρινεῖν
494 617 631 649 notum
651 610 814 650 verbum
835 617 914 662 est,
943 611 1060 649 etiam
1083 611 1288 650 commode
1307 613 1503 663 quadrans
1523 614 1569 652 in

114 667 349 707 sententiam
373 667 464 706 loci.
520 667 588 705 sed
611 680 699 705 cum
720 667 841 706 sciam
861 666 1140 719 Pachymerem
1160 667 1209 705 ab
1229 667 1357 706 obviis
1374 682 1488 720 saepe
1504 683 1569 708 re-

114 724 257 775 fugere,
288 723 523 762 obsoletior-a
542 723 683 775 cupide
701 736 909 772 accersere,
936 723 1107 762 arbitror
1126 723 1242 762 illum
1259 737 1351 763 raro
1370 725 1567 764 vocabulo

113 779 181 819 hic
208 779 271 818 uti
294 780 477 818 maluisse
491 808 502 828 ,
531 785 568 818 et
588 779 694 830 quod
712 779 837 818 codex
857 779 1035 818 omnium
1055 779 1393 818 emendatissimus
1414 781 1567 830 suadet,

114 836 428 888 ἐφυλλοκρίνουν
453 835 658 887 posuisse,
685 842 731 874 ut
758 836 953 874 indicaret
979 836 1130 886 singula
1158 836 1254 875 solia
1280 836 1568 876 dissertationis

114 906 138 929 ιι
162 891 289 930 Vecco
316 891 485 943 scriptae
519 904 683 929 excussa
714 897 933 943 perattente
950 891 1202 931 electoribus
1230 892 1364 932 fuisse.
1420 892 1569 932 iterum

114 948 242 986 utitur
258 946 335 985 hoc
352 947 471 985 verbo
490 953 624 986 noster
643 961 684 999 p
705 949 782 990 148
799 961 840 989 v.
857 950 898 997 7,
927 947 996 986 ubi
1013 948 1071 986 sic
1089 948 1227 986 scribit
1241 948 1291 987 de
1311 948 1567 988 odiosissimis

115 1003 434 1042 criminatoribus
451 1003 607 1041 asseclis
626 1002 828 1042 Athanasii
850 1003 1117 1073 patriarchae:
1148 1003 1217 1045 καὶ
1234 1006 1427 1046 τοσοῦτον
1448 1004 1568 1055 ἐφυλ-

114 1060 328 1112 λοκρίνουν
344 1061 467 1099 ταῦτα
486 1057 555 1099 και
572 1063 731 1107 ποιναῖς
754 1059 980 1108 ἕξεκολαζον
991 1090 1003 1109 ,
1038 1076 1091 1108 ως
1111 1058 1165 1112 μὴ
1189 1056 1318 1128 μόνον
1337 1075 1432 1109 τους
1448 1058 1567 1102 οἱδια-

114 1118 342 1166 φοροῦντας
365 1114 536 1156 δεδιέναι
555 1113 623 1155 καὶ
645 1114 802 1168 τρέμειν
825 1115 988 1158 ἐκείνων
1010 1115 1260 1164 ἐπιστασίαν,
1290 1111 1388 1156 ἄλλοί
1406 1116 1476 1158 καὶ
1494 1115 1567 1159 τόν

115 1172 313 1212 δοκοῦντα
339 1167 716 1222 προσεκτικαῖτατον.
772 1171 840 1210 hic
869 1172 1052 1210 similiter
1080 1172 1318 1212 Barberinus
1335 1172 1462 1211 codex
1481 1173 1567 1212 cla-

113 1227 267 1266 rissime
286 1227 425 1266 scribit
445 1226 775 1280 ἐφυλλοκρίνουν,
805 1227 1037 1266 Allatiano
1025 1242 1066 1266 in
1084 1242 1156 1266 suo
1175 1228 1456 1280 ἔφιλοκρίνουν
1474 1242 1566 1297 per-

115 1289 342 1332 sever-ante,
370 1283 558 1321 Vaticano
586 1289 716 1321 autem
743 1284 799 1322 sic
825 1284 957 1322 locum
982 1284 1248 1336 exprimente:
1274 1283 1343 1324 καὶ
1369 1288 1565 1327 τοσοῦτον

115 1341 241 1379 ταῦτα
276 1336 516 1387 ἐξετάζοντες
552 1336 776 1387 έξεκόλαζον
812 1336 920 1380 ὥστε.
977 1340 1136 1378 videtur
1163 1340 1263 1378 velle
1290 1346 1431 1380 auctor
1458 1347 1565 1380 totos

114 1394 212 1433 istos
239 1394 358 1433 fuisse
386 1395 430 1432 in
452 1394 627 1433 studiose
646 1395 925 1445 cognoscendis
944 1395 1089 1434 libellis
1112 1395 1378 1446 delationum,
1406 1402 1565 1436 utcum-

116 1463 194 1503 que
221 1451 540 1501 nugatoriarum‚
573 1450 720 1490 chartis
745 1451 971 1490 istiusmodi
1002 1452 1155 1490 cunctis
1183 1452 1300 1491 avide
1326 1453 1563 1493 scrutandis.

116 1506 323 1546 confirmat
344 1505 534 1545 hactenus
558 1507 662 1545 dicta
689 1513 728 1546 et
755 1507 855 1546 alius
875 1508 1002 1546 nostri
1020 1509 1133 1546 locus
1152 1522 1191 1560 p.
1214 1509 1296 1551 357
1315 1522 1352 1548 v.
1373 1511 1423 1550 7.
1452 1510 1566 1561 βασι-

112 1559 206 1610 λευς
239 1557 283 1602 δ’
313 1578 420 1615 ομως
451 1578 556 1611 απας
591 1562 657 1603 διοέ
688 1566 841 1604 σκοποῦ
871 1563 1042 1615 θέμενος
1072 1560 1221 1612 αῦτοῦς
1252 1563 1566 1617 προσλαβέσθαι,

115 1614 237 1660 ουδὲν
260 1618 531 1670 ἕφυλλοκρίνει
555 1617 655 1671 πρὸς
677 1621 800 1660 ταῦτα
820 1619 929 1658 nihil
943 1622 1114 1659 nimium
1131 1622 1312 1659 scrutari
1327 1628 1403 1659 aut
1420 1622 1566 1660 curio-

114 1676 205 1713 sius
220 1673 442 1726 disquirere
467 1674 515 1713 de
533 1675 599 1712 his
615 1673 760 1714 voluit.

225 1734 339 1782 χοᾶς
365 1727 627 1783 θαλάσσης
653 1745 695 1784 p.
712 1734 848 1773 279v.
868 1735 934 1774 12.
990 1731 1080 1771 fixit
1109 1731 1206 1770 mihi
1233 1744 1388 1770 crucem
1413 1729 1480 1769 hic
1497 1731 1564 1770 lo-

116 1799 186 1825 cus
206 1785 353 1825 haud
340 1800 383 1824 m
408 1793 600 1839 promptu
623 1786 785 1826 habenti
811 1788 908 1840 quid
928 1787 994 1826 hic
1024 1795 1153 1827 essent
1184 1793 1252 1826 aut
1278 1799 1465 1837 quorsum
1484 1786 1564 1825 huc

115 1842 288 1880 facerent
301 1844 392 1894 χοαί
408 1856 478 1881 seu
494 1843 640 1893 verius,
662 1850 710 1882 ut
726 1857 821 1882 mox
840 1844 1060 1892 ostendam,
1085 1848 1188 1895 χοεῖς
1208 1839 1430 1893 θαλάσσης.
1466 1842 1565 1893 quid

117 1897 377 1937 divinaverim
410 1912 643 1949 proponam.
699 1899 857 1938 videtur
891 1906 1028 1938 auctor
1054 1899 1229 1937 allusisse
1260 1897 1513 1948 proverbium
1542 1911 1565 1937 e

117 1952 237 1990 sacris
258 1959 460 2005 sumptum
482 1954 606 1991 literis
632 1954 680 1991 de
702 1967 745 1992 re
765 1969 881 2005 quam
902 1955 989 2005 quis
1016 1955 1188 2005 cuipiam
1207 1953 1366 1992 minime
1385 1953 1564 1994 indicare

118 2008 339 2057 curavenit,
368 2015 414 2046 ut
445 2008 539 2046 deus
565 2008 789 2048 hominibus
820 2017 918 2060 quot
942 2008 1104 2060 hydrias
1122 2009 1205 2048 sive
1224 2021 1345 2059 aquae
1361 2021 1564 2048 mensuras

118 2064 320 2103 contineat
351 2077 470 2101 mare.
518 2070 606 2101 ante
643 2065 772 2101 omnia
803 2065 1122 2102 constituendum
1150 2071 1207 2102 est
1234 2077 1371 2103 vocem
1398 2067 1497 2116 χοᾶς
1520 2065 1565 2104 in

80 2121 83 2123 ’
117 2119 327 2158 accusandi
349 2132 442 2157 casu
464 2119 610 2170 plurali
630 2119 755 2169 signis
745 2134 846 2158 care
867 2126 1011 2158 certam
1029 2133 1248 2158 mensuram
1266 2120 1445 2171 liquoris.
1485 2121 1564 2159 do·-

118 2181 181 2213 oet
195 2175 274 2213 hoc
289 2174 515 2213 scholiastes
539 2174 809 2226 Aristophanis
830 2175 880 2213 ad
902 2176 1014 2214 illum
1035 2176 1118 2213 eius
1140 2179 1279 2239 poetae
1298 2176 1342 2213 in
1361 2177 1565 2216 comoedia

118 2230 300 2281 ,Νεφέλαι
317 2231 422 2269 dicta
439 2231 590 2269 locum:
616 2231 659 2278 ἓξ
681 2233 777 2282 χοᾶς
795 2227 1025 2283 χωρήσεται.
1081 2232 1148 2269 ubi
1167 2232 1223 2269 sic
1240 2237 1420 2270 annotat:
1448 2230 1564 2284 χοεῦς

118 2285 163 2327 δέ
184 2286 289 2328 ἐστιν
309 2284 414 2335 εἶδος
438 2285 597 2339 μέτρου,
630 2280 661 2341 ᾦ
684 2290 868 2354 μετροῦσι
889 2284 954 2327 τὸν
976 2284 1105 2327 οἶνον·
1135 2303 1156 2327 ο
1177 2303 1245 2327 και
1259 2289 1428 2328 κλίνεται
1442 2287 1565 2340 χρέως

118 2342 290 2394 πηλέως,
319 2341 374 2391 ὥς
391 2343 459 2383 καὶ
483 2342 526 2383 ἐν
551 2328 768 2390 Ἱππεῦσιν,
814 2338 901 2382 ἄλλ’
926 2341 1056 2395 ἔνεγκέ
1083 2357 1153 2394 μοι
1174 2341 1318 2394 ταχέως
1341 2343 1455 2385 οἴνου
1475 2347 1562 2396 χοᾶ.

118 2397 296 2439 ἐνταῦθα
322 2397 366 2439 δὲ
391 2414 435 2440 το
468 2401 601 2467 χοᾶς,
637 2398 672 2438 εἰ
696 2396 769 2450 μὲν
797 2400 1057 2449 περισπᾶται,
1098 2397 1142 2439 ἐκ
1171 2395 1316 2439 τούτου
1341 2402 1416 2440 τοῦ
1441 2397 1561 2452 χοεῦς
1581 2409 1611 2444 P
1635 2410 1700 2446 514

119 2452 201 2495 lou
218 2452 317 2495 κατιὶ
338 2452 551 2506 ποιητικὴν
574 2451 730 2495 αδειαν·
760 2457 858 2505 χοῆς
878 2469 953 2508 γαρ
978 2451 1148 2503 ωφειλεν
1168 2454 1315 2501 εἰπεῖν,
1344 2454 1400 2503 ὥς
1422 2456 1564 2508 ἱππῆς.

119 2509 298 2549 similiter
320 2516 358 2549 et
381 2510 610 2549 Eustathius
638 2509 687 2548 ad
721 2510 862 2561 Odyss.
886 2524 937 2549 α.-
965 2509 1046 2549 ἒστὶ
1074 2509 1141 2549 καὶ
1166 2509 1190 2550 ὁ
1214 2525 1331 2562 χοευς
1353 2510 1495 2563 μέτρον
1511 2526 1562 2551 τι.

120 2564 213 2603 vide
229 2573 268 2604 et
286 2566 397 2604 illum
416 2566 465 2604 ad
482 2566 596 2605 Iliad.
616 2582 649 2616 ι,
677 2566 727 2604 ad
745 2566 857 2605 iliad.
873 2581 922 2611 π,
956 2571 995 2603 et
1013 2565 1062 2603 ad
1083 2565 1222 2617 Odyss.
1242 2578 1279 2607 σ.
1336 2565 1430 2604 hinc
1450 2579 1562 2605 sum-

121 2620 244 2671 psisse
261 2622 338 2660 hoc
358 2622 521 2660 verbum
542 2621 818 2674 Pachymerem
837 2628 894 2660 est
913 2621 1120 2670 credibile,
1150 2622 1456 2660 versatissimum
1485 2621 1561 2659 ho-

121 2675 267 2714 minem
293 2678 335 2715 in
364 2676 523 2716 scholiis
557 2681 761 2729 ροὲῐειτιιιιι
794 2678 1067 2728 antiquorum,
1096 2677 1154 2715 uti
1176 2677 1292 2716 etiam
1310 2677 1562 2730 peculiariter

122 2729 207 2781 ipse
232 2732 424 2781 significat
441 2746 480 2784 p.
501 2735 583 2776 806
599 2747 640 2772 v.
656 2734 696 2775 5.
752 2737 848 2786 χοᾶς
878 2745 969 2784 ergo
997 2731 1117 2785 μέτρα
1140 2732 1349 2772 intellexit.
1404 2732 1563 2771 videtur

123 2794 252 2824 autem
277 2786 458 2827 habuisse
482 2787 579 2827 haec
603 2789 808 2828 scribens
796 2803 839 2827 ιιι
859 2789 991 2827 animo
1008 2789 1095 2826 loca
1114 2788 1183 2827 illa
1201 2801 1399 2828 sacrarum
1427 2788 1563 2828 litera-
