1858 3126
484 190 588 234 LlB.
605 189 678 234 111.
731 187 1212 233 CHRONOLOGIGUS.
1469 187 1566 233 827

135 307 244 342 ratus
261 314 348 340 cum
373 302 453 340 fato
473 300 631 339 functus
649 304 728 349 est,
756 297 862 350 quod
888 297 1050 348 contigit
1068 311 1168 336 anno
1187 297 1351 347 Hegirae
1369 299 1469 346 687,
1498 297 1568 348 qui

136 358 267 410 coepit
292 371 314 395 a
341 357 404 395 die
434 359 460 399 6
484 354 684 394 Februarii
714 367 817 393 anno
838 353 980 392 Christi
1004 356 1122 396 1288.
1178 353 1314 392 haeres
1344 353 1569 403 Ortogrulis

138 413 311 451 Othman
338 413 433 461 fuit,
462 411 526 449 cui
553 417 598 449 ut
622 411 663 448 in
690 409 934 462 Karaiaptagi
960 409 1186 461 principatu
1216 409 1320 461 patri
1345 409 1570 447 succederet

134 483 260 520 prono
289 469 424 507 favore
452 467 641 505 Aladinus
666 466 852 514 indulsit,
882 471 922 504 et
947 478 1058 514 eum,
1088 465 1246 517 quoad'
1234 478 1319 530 ipse
1336 465 1509 516 perstitit
1528 464 1571 502 in

134 523 331 577 potentia,
359 522 556 562 beneficiis
585 522 696 562 fovit.
749 535 886 560 verum
910 521 1076 559 Aladino
1096 527 1134 560 et
1152 522 1264 559 annis
1283 521 1361 558 iam
1386 522 1512 559 sracto
1534 527 1573 558 et

58 588 61 590 “
135 581 274 632 opibus
296 579 508 626 diminuto,
537 584 581 616 ut
599 578 676 616 iam
695 578 861 630 amplius
882 576 998 615 armis
1015 577 1298 627 Mogulensium
1328 577 1400 614 sub
1424 576 1571 614 Chalaii

136 642 176 674 et
192 635 353 688 Apage
340 649 382 673 in
402 634 488 672 istis
505 634 681 686 partibus
702 633 1008 686 praevalentium
1037 646 1084 670 ae
1111 640 1251 671 cuncta
1278 632 1571 683 subiuganlium

134 705 209 744 par
227 690 467 729 sustinendis
494 689 602 728 haud
619 691 743 739 foret,
769 703 832 728 res
857 689 930 727 sibi
950 702 1038 727 suas
1059 702 1172 739 agere
1194 688 1407 726 Othmanes
1429 688 1572 740 coepit,

136 752 175 786 et
203 747 376 799 propriis
409 746 594 798 auspiciis
628 745 667 783 in
704 745 868 784 Romani
901 744 1054 796 imperii
1084 745 1310 797 provincias
1340 745 1573 796 irrumpere,

135 815 216 841 non
236 802 391 854 praedis
414 802 542 840 solum
562 801 654 840 inde
674 801 871 852 abigendis
890 801 1086 850 intentus,
1115 801 1182 839 sed
1210 807 1249 839 et
1277 800 1431 838 arcibus
1455 807 1573 850 atque

134 858 298 896 urbibus
319 858 465 897 ibidem
490 857 744 910 occupandis.
802 857 909 908 quod
937 862 1120 908 coeptum
1140 870 1229 895 cum
1247 856 1282 894 ei
1299 869 1348 894 ex
1365 862 1461 895 voto
1478 870 1573 894 suc-

137 913 334 963 cessisset,
365 914 597 966 expuguatis
615 919 653 951 et
669 913 865 965 praesidio
887 926 1044 951 suorum
1067 913 1225 951 insessis
1243 913 1386 950 validis
1404 912 1572 963 quibus-

84 974 90 981 '
136 969 227 1007 dam
254 969 559 1018 munitionibus,
589 969 693 1007 unde
713 969 915 1019 regionum
936 968 1015 1006 illis
1032 969 1290 1007 adiacentium
1310 969 1422 1006 facile
1443 968 1572 1006 domi-

135 1024 245 1063 nium
271 1025 347 1063 sibi
374 1031 611 1077 perpetuum
637 1031 848 1072 assereret,
886 1025 1058 1062 sultanis
1087 1031 1170 1063 tum
1199 1025 1354 1062 demum
1383 1024 1568 1071 Othman,

134 1080 211 1118 hoc
236 1085 295 1118 est
321 1080 494 1133 supremi
519 1080 728 1133 principis,
757 1081 917 1118 titulum
940 1081 1070 1132 palam
1098 1081 1328 1132 usurpavit,
1362 1093 1467 1118 anno
1491 1080 1571 1117 He-

133 1135 238 1187 girae
258 1139 360 1184 699,
389 1136 498 1174 cuius
517 1137 706 1175 kalendae
728 1136 966 1175 Muharrami
991 1136 1215 1175 inciderunt
1235 1136 1278 1174 in
1297 1136 1401 1175 diem
1422 1138 1477 1179 28
1494 1137 1571 1173 Se-

132 1191 323 1244 ptembris
345 1191 436 1230 anni
459 1191 601 1231 Christi
619 1194 737 1236 1299.

245 1247 315 1287 111.
369 1247 566 1286 Hactenus
594 1249 717 1286 relata
738 1247 786 1286 de
807 1246 1015 1285 Othmanis
1036 1247 1262 1300 primordiis
1282 1246 1447 1285 tradunt
1470 1245 1571 1286 Ara—

135 1302 203 1341 bes
233 1302 465 1356 scriptores;
494 1317 584 1341 cum
616 1304 757 1354 quibus
789 1317 1016 1354 comparare
1040 1304 1203 1355 sparsim
1232 1303 1280 1341 de
1303 1302 1366 1340 his
1386 1308 1529 1340 asserta
1549 1317 1572 1339 a

135 1357 399 1410 Pachymere‚
426 1372 472 1396 ac
501 1372 617 1410 quam
647 1359 742 1396 haec
770 1358 818 1396 iis
848 1365 937 1410 apte
962 1365 1180 1409 congruant
1207 1359 1430 1407 ostendere,
1459 1358 1572 1396 labor

138 1413 324 1466 deinceps
352 1427 461 1452 meus
485 1415 548 1452 sit.
604 1414 802 1466 principio
830 1421 964 1465 repeto
992 1428 1090 1466 quae
1110 1415 1150 1452 in
1170 1415 1256 1466 ipso
1284 1414 1346 1452 sui
1364 1413 1494 1466 operis
1512 1414 1572 1452 li-

136 1469 243 1508 mine
271 1475 406 1508 noster
434 1469 644 1508 historicus
669 1470 790 1521 partis
813 1473 832 1510 1
862 1470 889 1508 l.
907 1474 929 1512 1
960 1485 981 1508 a
1005 1484 1040 1511 c.
1060 1475 1085 1512 3
1107 1471 1156 1508 ad
1178 1474 1204 1512 6
1233 1471 1318 1509 fuse
1346 1469 1503 1508 disserit
1523 1469 1572 1507 de

136 1525 293 1564 arcibus
312 1525 448 1564 limitis
467 1526 678 1564 Orientalis
694 1527 890 1564 Romanae
906 1525 1068 1564 ditionis
1082 1532 1220 1564 contra
1238 1525 1434 1564 Persidem
1449 1525 1574 1575 deque

137 1581 299 1620 illarum
313 1587 511 1620 momento
529 1582 578 1620 ad
598 1582 761 1635 tutelam
784 1581 958 1633 imperii;
987 1589 1073 1620 tum
1092 1582 1141 1620 de
1160 1595 1253 1620 cura
1266 1613 1277 1633 ,
1307 1594 1384 1633 qua
1407 1594 1470 1619 eas
1489 1595 1575 1618 am-

136 1637 246 1688 plexi
275 1637 519 1676 dominantes
545 1637 705 1676 Nicaeae
733 1643 826 1689 post
848 1637 1026 1676 amissam
1044 1638 1426 1689 Constantinopolim
1447 1637 1575 1688 impe-

138 1698 290 1732 ratores
322 1693 461 1731 Graeci
487 1693 632 1745 optime
655 1693 924 1732 consuluerint
954 1694 1191 1745 reipublicae
1221 1692 1438 1732 numerosis
1467 1693 1578 1731 viro-

138 1761 228 1787 rum
257 1748 421 1787 sortium
448 1749 653 1801 praesidiis
679 1749 722 1787 in
750 1762 795 1787 eo
820 1749 945 1787 limite
961 1750 1237 1798 auctorandis,
1267 1762 1355 1786 cum
1376 1749 1576 1797 largorum

127 1803 425 1855 *stipendiorum
453 1805 531 1842 fida
558 1804 756 1842 solutione
780 1805 827 1843 ad
850 1805 978 1853 diem,
1009 1812 1094 1843 tum
1114 1804 1371 1854 assignatione
1391 1816 1572 1852 agrorum
1600 1809 1627 1843 P
1648 1810 1717 1842 600

138 1858 182 1895 in
203 1858 271 1896 illa
288 1859 431 1896 vicinia
453 1866 493 1897 et
513 1860 760 1898 concessione
786 1861 952 1910 praedae
971 1861 1096 1898 omnis
1120 1873 1234 1910 quam
1252 1873 1301 1896 ex
1324 1858 1458 1896 hostili
1481 1872 1572 1908 agro

138 1913 293 1951 infestis
310 1913 599 1952 incursionibus
619 1921 779 1966 possent
793 1915 1011 1953 corradere.
1066 1915 1271 1964 innuitque
1289 1913 1338 1951 ad
1354 1914 1396 1952 id
1415 1913 1573 1951 adhibi-

139 1974 201 2008 tos
219 1982 242 2006 a
257 1969 486 2023 Byzantinis
501 1969 685 2020 Augustis
704 1975 858 2007 exteros
878 1970 1064 2020 probatae
1076 1970 1236 2008 virtutis
1254 1975 1294 2008 et
1310 1969 1573 2021 experientiae

138 2023 370 2063 bellicarum
386 2037 540 2063 rerum·
530 2052 542 2073 ,
571 2037 738 2075 quorum
761 2025 907 2062 multos
923 2025 1027 2074 illic,
1058 2039 1133 2076 qua
1152 2024 1290 2077 spoliis
1309 2038 1358 2063 ex
1376 2024 1488 2063 hoste
1503 2038 1572 2064 ra-

140 2079 245 2132 ptis,
274 2093 350 2131 qua
378 2080 628 2131 pensionibus
656 2093 745 2118 cum
774 2079 851 2118 fide
881 2080 1114 2130 numeratis,
1147 2094 1221 2131 qua
1241 2080 1435 2119 fructibus
1457 2081 1571 2119 dsto-

139 2149 228 2174 rum
250 2135 347 2187 ipsis
367 2149 570 2186 agrorum,
601 2148 756 2185 magnas
777 2136 937 2185 adeptos
956 2135 1114 2175 divitias
1136 2137 1208 2185 ait,
1237 2137 1342 2175 unde
1356 2142 1469 2174 tanto
1487 2143 1570 2175 ter-

140 2191 336 2230 ribiliores
353 2190 534 2229 hostibus
551 2191 701 2239 fierent,
732 2204 778 2228 ac
794 2191 935 2229 fortius
952 2198 1245 2243 propugnarent
1263 2193 1454 2230 Romanas
1473 2206 1572 2244 pro-

140 2247 314 2296 vincias,
344 2247 517 2285 barbaris
545 2247 686 2298 procul
714 2247 816 2284 intra
844 2246 1019 2298 ipsorum
1046 2254 1169 2286 terras
1190 2248 1255 2285 vel
1273 2254 1423 2286 terrore
1443 2249 1571 2286 conti-

141 2303 302 2352 nendis,
341 2303 406 2341 vel
430 2303 470 2341 vi
495 2303 710 2353 armisque,
739 2303 769 2340 si
796 2315 997 2353 erumpere
1026 2309 1282 2351 conarentur,
1310 2304 1572 2344 retrudendis.

140 2371 225 2397 non
253 2358 414 2397 videtur
442 2358 603 2397 dubium
621 2358 716 2408 quin
739 2371 813 2409 par
832 2357 874 2395 in
892 2358 1130 2397 contrarium
1152 2372 1242 2397 curs
1267 2359 1387 2397 suerit
1408 2360 1573 2398 infesto-

141 2427 231 2452 rum
248 2415 423 2453 Romano
444 2414 593 2452 nomini
615 2420 653 2451 et
674 2412 911 2451 Christianae
927 2414 1102 2464 religioni
1123 2415 1402 2454 Saracenorum
1424 2415 1575 2468 princi-

141 2482 260 2521 pum,
290 2476 360 2508 aut
390 2469 584 2509 Persidem
612 2475 680 2507 aut
707 2469 855 2507 vicinas
875 2470 910 2507 ei
923 2469 1039 2507 limiti
1066 2470 1293 2522 piovincias
1315 2472 1387 2509 sub
1412 2485 1481 2509 sua
1502 2471 1575 2508 di—

142 2525 251 2564 tione
268 2525 521 2574 habentium,
549 2526 654 2563 inter
671 2538 769 2576 quos
785 2524 975 2563 Aladinus
995 2525 1071 2563 suit
1090 2525 1256 2577 dynasta
1271 2526 1430 2566 sedem
1418 2525 1573 2579 lmperii

142 2578 289 2618 habens
317 2581 458 2630 Iconii,
498 2594 598 2632 quae
627 2587 686 2620 est
714 2580 807 2618 urbs
835 2580 1051 2632 Lycaoniae
1079 2582 1275 2632 primaria.
1334 2595 1455 2633 quare
1484 2595 1574 2619 cum

143 2635 252 2684 apud
271 2635 416 2674 Arabas
430 2636 637 2675 historicos
654 2636 815 2687 legimus
834 2642 1038 2675 evocatum
1059 2637 1106 2674 ab
1122 2636 1198 2676 hoc
1215 2651 1264 2676 ex
1279 2636 1575 2688 Transenphra-

143 2689 247 2726 tensi
262 2691 419 2741 regione
441 2692 690 2743 Ortogrulem
714 2706 802 2730 cum
825 2692 971 2730 familia
1000 2698 1038 2730 et
1059 2692 1163 2731 inter
1183 2700 1333 2732 montes
1354 2693 1575 2743 Tumulagii

143 2749 183 2780 et
202 2745 421 2795 Armeniae,
449 2746 492 2784 in
518 2748 607 2786 loco
636 2748 746 2786 cuius
762 2748 839 2799 ipsi
855 2747 1097 2799 toparchiam
1121 2748 1377 2798 concesserit,
1406 2749 1571 2786 colloca-

143 2803 255 2851 tum,
283 2800 500 2853 intelligere
525 2802 707 2843 debemus
730 2803 838 2842 illam
863 2804 1206 2857 Karaiaptagam‚
1234 2804 1430 2856 regionem
1456 2804 1569 2844 ami-
