1820 3112
180 163 245 211 88
600 163 838 207 GEORGII
869 162 1227 206 PACHYMERIS

177 277 275 327 τούς
303 271 504 332 τρόπους,
553 272 705 330 ι’ίγεται.
775 278 818 318 Γ
814 272 1002 332 ρηγόριος
1029 275 1072 318 ‹5'
1100 270 1151 332 ἦν
1185 273 1207 319 ὅ
1235 273 1477 333 ταινιωτής,
1512 277 1651 321 καὶτὰ

178 346 308 403 στέφη
327 342 352 398 ἦ
373 343 600 399 Αὐγοῦστα
619 345 687 385 καὶ
703 341 842 400 μήτηρ
861 344 1034 399 ἐδέχετο.

126 422 156 456 C
316 410 395 457 34.
464 410 571 454 Ἐπεὶ
602 411 645 454 δ’
679 411 744 455 ἐπὶ
772 418 824 470 τῇ
843 411 1019 471 Προύσῃ
1041 410 1330 468 ἔπικεκήρυκ-το
1348 410 1548 471 πρόεδρος
1567 411 1589 456 ὃ
1607 413 1655 465 ἐξ·

177 479 479 537 ἀμαγειρεύτων
500 478 733 533 Νικόλαος,
763 483 1092 537 μετονομασθεὶς
1119 483 1162 523 ἐκ
1185 485 1377 536 μοναχῶν
1403 483 1460 532 εἷς
1479 480 1650 538 Νεόφυ-

174 568 248 593 τον
267 551 352 604 (καὶ
372 554 495 592 τοῦτο
518 549 598 605 γὰρ
622 550 754 592 κανῶν
785 551 946 593 ἐτίθετο
979 551 1083 605 παρ’
1109 551 1295 604 ἐκείνοις,
1327 551 1363 593 εἶ
1382 552 1449 593 καὶ
1470 550 1527 606 μὴ
1547 550 1682 605 ἕχωνᾶ

175 618 281 662 κατὰ
302 617 397 668 τοὺς
430 617 581 667 ἄλλους
610 618 655 661 τὸ
683 618 989 675 ἀπαραίτητον,
1027 619 1075 662 τὸ
1107 617 1286 675 σήμερον
1314 619 1389 674 μὲν
1411 619 1531 662 ἱστᾶν
1550 616 1652 663 ἐνώ-

174 705 266 730 πιον
285 690 389 729 θεοῦ
412 688 479 728 καὶ
508 686 686 742 ἀγγέλων
715 689 782 730 καὶ
810 688 887 737 τὰς
914 685 1130 743 συνθήκας
1170 687 1353 730 ἀπαιτεῖν
1383 692 1458 744 τῆς
1479 705 1652 743 μοναχι-

176 761 250 811 κῆς
270 753 423 806 τάξεως
436 787 448 807 ,
486 753 572 797 εἶτα
593 755 666 798 τὸν
690 757 746 806 εἷς
765 754 977 813 ὗποταγὴν
997 756 1206 811 ταχθέντα
1223 756 1300 811 τὴν
1328 755 1472 811 αὔριον
1499 758 1555 807 εἷς
1574 756 1653 812 ἀρ-

120 827 152 861 1)
173 824 309 880 χιερέα
336 830 603 880 χειροτονεῖν·
640 822 663 867 ὃ
698 824 751 880 δὴ
780 826 847 868 καὶ
880 825 982 868 αὐτὸ
1013 823 1140 868 ἐδόκει
1169 829 1337 875 πολλοῖς
1366 822 1650 882 ἐπιλήψιμον),

173 890 452 946 καταλαβόντι
483 892 558 948 τὴν
587 897 796 948 λαχοῦσαν
825 898 883 951 τῷ
909 894 1010 949 ἱερεῖ
1031 894 1143 944 ἔδοξε
1164 891 1304 937 καινόν
1325 911 1364 936 τι
1392 901 1519 937 ποιεῖν
1535 893 1648 950 παρὰ
1664 906 1708 941 10

174 962 226 1005 τὰ
255 961 496 1017 πραχθέντα
529 961 597 1003 διὰ
630 962 678 1004 τὸ
703 962 898 1016 χθεσινὸν
931 967 1005 1005 τοῦ
1038 961 1156 1005 πάντα
1175 960 1465 1017 μνημόσυνον,
1504 965 1572 1006 καὶ
1598 962 1651 1018 δὴ

174 1035 288 1088 κοινῇ
308 1027 556 1086 προστάσσει
572 1029 640 1087 ἐφ’
664 1028 834 1088 ἡμέραις
846 1033 950 1074 τισὶν
962 1030 1191 1086 ἀπέχεσθαι
1209 1036 1291 1074 τῶν
1312 1035 1441 1087 κρεῶν
1453 1029 1509 1081 ὥς
1520 1029 1652 1086 πρόσ-

175 1117 294 1154 τιμον
327 1103 403 1142 τοῦ
440 1096 723 1156 ῥυπάσματος.
804 1099 852 1143 τὸ
883 1099 927 1141 δ’
965 1095 1038 1142 οὖν
1065 1100 1176 1156 βαρὺ
1215 1101 1473 1156 Προυσαίοις
1507 1098 1649 1152 δόξαν,

59 1176 88 1210 Ρ
111 1176 156 1212 56
180 1172 237 1227 τῷ
261 1168 379 1226 αῗτίῳ
413 1171 496 1210 τῶν
529 1169 635 1222 χθὲς
664 1165 913 1222 συμβάντων
936 1169 1161 1218 ἐνίπτοντες
1191 1173 1428 1224 κατηρῶντο
1454 1169 1520 1210 καὶ
1535 1169 1652 1222 μάλα

176 1237 215 1280 οἳ
240 1234 459 1293 ἐνεφόρουν
479 1234 632 1291 ὕβρεις.
702 1234 724 1279 ὃ
750 1235 793 1279 δ’
822 1231 873 1292 ἦν
897 1236 956 1279 δι’
984 1235 1054 1290 ὅν,
1105 1234 1161 1286 ὥς
1185 1236 1325 1291 ἔλεγον
1339 1269 1353 1289 ,
1391 1236 1558 1291 ἔμελλον
1575 1254 1649 1292 νη-
1663 1247 1707 1284 15

176 1306 327 1354 στείαις
353 1309 668 1359 προστιμᾶσθαι
694 1306 760 1347 καὶ
787 1307 1035 1360 κακουχίαις.
1114 1304 1232 1348 τοῦτ’
1268 1304 1476 1348 ἀκουσθέν
1506 1304 1651 1364 Βέκκῳ

177 1373 302 1432 (πολὺ
334 1373 414 1430 γὰρ
443 1371 636 1430 ὖφεῖρπε,
682 1374 749 1416 καὶ
777 1371 934 1424 πάντες.
952 1373 1192 1431 ἀναφανδὸν
1222 1371 1458 1430 ἐλοιδόρουν
1467 1405 1482 1427 ,
1521 1375 1590 1416 καὶ
1613 1373 1653 1416 οἳ

177 1443 327 1485 ἐκείνου
355 1440 432 1492 ἔξω
466 1439 674 1498 διάγοντες
707 1441 811 1484 κατὰ
841 1441 1062 1499 πρόσωπον
1093 1441 1363 1499 ὥνειδίζοντο)
1392 1442 1467 1485 οὐκ
1484 1441 1652 1485 ἀνεκτὸν

178 1509 329 1562 ἐδόκει,
367 1510 462 1552 οὐδ’
486 1509 589 1553 ὥστε
615 1512 681 1552 καὶ
703 1511 871 1566 ἐνεγκεῖν
904 1508 1102 1567 φορητόν.
1175 1510 1277 1554 ὅθεν
1299 1513 1367 1554 καὶ
1385 1510 1525 1565 θυμὸν
1546 1510 1652 1553 ἀνα-

180 1576 381 1634 λαμβάνει
402 1579 548 1633 μείζω,
586 1580 654 1621 καὶ
675 1580 738 1621 ἐπὶ
760 1579 889 1636 μέσης
906 1581 1077 1630 σταθεὶς
1103 1583 1177 1635 τῆς
1199 1583 1273 1634 τῆς
1300 1583 1432 1635 μονῆς
1457 1580 1708 1636 μεγίστηςῖο

177 1722 246 1757 rite
267 1733 406 1756 uxorem
429 1721 536 1766 duxit,
560 1725 744 1757 coronante
764 1721 891 1768 ipsam,
915 1725 952 1758 et
973 1722 1033 1757 ubi
1053 1726 1164 1757 mater
1185 1724 1240 1757 est
1261 1723 1381 1765 facta,
1401 1721 1440 1757 iu
1461 1721 1650 1766 Augumm

178 1767 378 1804 solemniter
399 1767 624 1814 inaugurante
647 1769 831 1813 Gregorio.

272 1814 329 1849 34.
377 1814 464 1849 Cum
487 1827 568 1849 vero
591 1815 721 1849 Prusae
742 1815 937 1849 declaratus
958 1813 1097 1859 praesul
1118 1813 1240 1849 fui-set
1260 1813 1429 1848 Nicolau·
1448 1812 1585 1859 quidam
1606 1823 1652 1847 ex

180 1859 259 1894 olim
292 1860 444 1896 emeritis
475 1861 640 1906 coquinae
660 1860 898 1905 imperatoriae
933 1860 1113 1902 ministris,
1145 1860 1204 1905 qui
1226 1859 1406 1905 Neophyti
1433 1870 1556 1894 nomeu
1575 1863 1653 1894 tra-

181 1911 273 1940 ctum
295 1917 339 1940 ex
362 1907 554 1947 monachis,
579 1906 623 1941 ad
646 1918 732 1953 quos
754 1918 775 1941 e
797 1906 946 1952 palatina
968 1905 1096 1940 familia
1117 1906 1323 1949 transierat,
1346 1905 1391 1940 ad
1412 1906 1570 1939 thronum
1593 1916 1652 1939 ee-

182 1951 309 1986 clesiae
333 1953 474 1997 pertulit
504 1953 612 1997 (hanc
643 1953 730 1987 enim
759 1953 820 1987 isti
853 1952 1110 1997 frequentandis
1131 1952 1250 1986 talium
1273 1951 1559 1997 assumptionum,
1594 1953 1654 1985 ut·-

182 2009 325 2042 cumque
349 1998 423 2032 aliis
446 2000 553 2033 minus
577 1999 808 2043 probatarum,
825 1997 987 2042 exemplis
1010 1998 1076 2032 iam
1100 1997 1166 2032 sibi
1189 1998 1287 2044 quasi
1309 1998 1460 2042 regulam
1482 1997 1652 2041 fecerunt,

181 2046 221 2076 ut
244 2054 306 2088 pro
329 2045 437 2087 gradu
469 2045 511 2079 ad
544 2044 768 2090 episcopalem
799 2044 1001 2089 dignitatem
1031 2044 1177 2088 eligatur
1208 2047 1369 2090 suscepta
1389 2043 1425 2078 in
1447 2054 1524 2078 eum
1549 2042 1653 2077 finem

181 2089 350 2122 humilitas
373 2090 594 2134 professionis
616 2091 845 2134 monasticae,
880 2101 922 2123 ac
954 2089 1013 2135 qui
1042 2090 1143 2124 hodie
1173 2101 1287 2124 coram
1317 2089 1381 2124 deo
1405 2093 1442 2124 et
1464 2089 1594 2133 angelis
1614 2088 1654 2122 in

182 2138 406 2179 spontaneam
435 2147 474 2170 se
504 2136 729 2171 obedientiam
759 2135 941 2178 abiecerit,
973 2136 1217 2181 oppignerasse
1246 2136 1310 2169 hoc
1341 2135 1416 2181 ipso
1438 2135 1563 2169 infulas
1584 2133 1652 2168 sibi

182 2185 220 2214 et
251 2180 327 2214 iure
357 2182 582 2225 promeruisse
613 2183 773 2217 videatur
812 2181 992 2216 crastinam
1030 2181 1066 2215 in
1108 2181 1342 2227 episcopatum
1384 2181 1652 2226 promotionemg

182 2226 273 2270 quod
296 2227 550 2271 reprehensioni
578 2229 758 2262 obnoxium
791 2228 848 2273 qui
874 2230 1034 2262 censeant
1057 2228 1151 2261 multi
1174 2228 1280 2271 sunt).
1327 2227 1408 2260 huic
1428 2226 1533 2271 igitur
1557 2235 1649 2258 novo

182 2271 314 2305 Prusae
337 2272 482 2306 antistiti
505 2273 611 2307 visum
644 2277 697 2307 est
731 2276 826 2308 factu
849 2274 1008 2319 optimum
1029 2273 1196 2318 insignire
1218 2272 1371 2317 auspicia
1392 2271 1445 2306 sui
1467 2269 1651 2305 sacerdotii

182 2317 329 2362 quadam
354 2318 517 2352 inusitata
538 2318 785 2363 significatione
819 2320 882 2353 zeli
906 2319 960 2353 sui
983 2320 1146 2353 adversus
1169 2330 1278 2362 nuper
1299 2317 1478 2351 admissam
1504 2326 1650 2359 usurpa·

182 2365 320 2408 tamque
350 2375 460 2408 papae
491 2364 582 2397 inter
623 2376 724 2399 sacra
759 2366 1115 2402 commemorationem.
1167 2363 1286 2398 indicit
1319 2374 1400 2407 ergo
1433 2361 1653 2396 communiter

182 2408 350 2443 universis
373 2410 459 2443 certi
482 2411 610 2444 numeri
634 2411 764 2444 dierum
787 2411 1022 2444 abstinentiam
1045 2412 1090 2444 ab
1112 2420 1174 2443 esu
1196 2409 1345 2443 carnium
1366 2408 1400 2441 in
1424 2407 1652 2452 expiationem

182 2454 343 2489 videlicet
373 2455 458 2488 tanti
491 2455 660 2499 criminis3
692 2467 793 2500 quam
822 2456 1005 2501 importuni
1035 2455 1152 2489 ieiunii
1184 2454 1371 2488 molestiam
1392 2452 1544 2498 pertaesi
1563 2452 1651 2486 Pm-

183 2511 343 2535 saeenses
370 2501 466 2542 dira,
502 2505 541 2534 ut
571 2501 632 2542 fit,
666 2501 941 2546 imprecabantur
963 2501 1095 2534 auctori
1115 2500 1197 2534 talis
1220 2498 1566 2540 commemorationis,
1595 2499 1653 2532 in-

184 2546 450 2584 commodissimo
473 2557 561 2580 nunc
583 2546 666 2592 ipsis
689 2547 822 2591 piaculo
845 2546 999 2580 luendae.
1045 2546 1247 2579 occurrebat
1270 2550 1383 2579 autem
1406 2545 1441 2578 in
1463 2555 1562 2589 quem
1587 2544 1653 2578 hoc

184 2592 316 2627 nomine
344 2593 552 2627 stomachum
582 2597 798 2637 erumperent
829 2594 1022 2635 relegatus,
1055 2595 1094 2624 ut
1127 2591 1254 2624 dictum
1285 2596 1358 2632 est,
1388 2591 1478 2635 apud
1507 2590 1652 2624 Prusam

185 2637 337 2681 Veceus3
363 2637 423 2683 qui
446 2638 603 2683 populari
626 2638 702 2672 odio
726 2638 787 2672 tali
808 2648 845 2671 se
867 2638 1035 2671 obiectum
1058 2637 1241 2670 calumniae
1261 2639 1430 2676 sentiens,
1466 2640 1502 2670 et
1536 2636 1654 2670 convi-

184 2683 238 2717 cia
270 2695 336 2718 non
368 2686 483 2718 ferens
515 2684 658 2728 quihus,
690 2684 891 2728 ubicumque
921 2688 1122 2727 appareret,
1157 2682 1438 2726 proscindebatur
1463 2681 1653 2726 petulantia

182 2729 381 2773 plebeculae
402 2729 438 2763 in
459 2741 498 2764 os
521 2730 587 2775 ipsi
611 2729 847 2775 exprobrantis
873 2729 986 2763 esurie
1012 2739 1050 2761 se
1072 2727 1238 2762 macerari
1260 2728 1359 2773 eulpa
1381 2727 1487 2772 ipsius
1510 2726 1653 2761 maledi-

185 2778 310 2821 ctaque
331 2776 534 2821 impotenter
557 2776 811 2817 accumulantis,
834 2787 900 2810 non
921 2774 956 2808 in
980 2785 1057 2809 eum
1081 2775 1189 2808 solum
1212 2775 1274 2808 sed
1297 2779 1334 2808 et
1355 2774 1391 2808 in
1414 2774 1486 2807 eius
1507 2773 1654 2807 familia-

183 2830 252 2863 res,
276 2822 409 2868 quoties
431 2821 466 2857 in
487 2821 659 2869 publicum
682 2822 870 2868 prodirent.
925 2832 1001 2856 eam
1027 2821 1158 2855 Veccus
1181 2820 1419 2855 contmneliam
1439 2831 1504 2855 nec
1525 2819 1653 2854 tolera-
