<?xml version="1.0" encoding="UTF-8"?>
<!DOCTYPE html PUBLIC "-//W3C//DTD XHTML 1.0 Transitional//EN"
    "http://www.w3.org/TR/xhtml1/DTD/xhtml1-transitional.dtd">
<html xmlns="http://www.w3.org/1999/xhtml" xml:lang="en" lang="en">
 <head>
  <title>
</title>
<meta http-equiv="Content-Type" content="text/html;charset=utf-8" />
  <meta name='ocr-system' content='tesseract 3.04.00' />
  <meta name='ocr-capabilities' content='ocr_page ocr_carea ocr_par ocr_line ocrx_word'/>
</head>
<body>
  <div class='ocr_page' id='page_1' title='image "./corpusscriptorum18niebuoft_0352.png"; bbox 0 0 1858 3126; ppageno 0'>
   <div class='ocr_carea' id='block_1_1' title="bbox 239 157 1276 206">
    <p class='ocr_par' dir='ltr' id='par_1_1' title="bbox 239 157 1276 206">
     <span class='ocr_line' id='line_1_1' title="bbox 239 157 1276 206; baseline -0.003 0"><span class='ocrx_word' id='word_1_1' title='bbox 239 159 338 206; x_wconf 82' lang='lat'><strong>336</strong></span> <span class='ocrx_word' id='word_1_2' title='bbox 663 157 898 202; x_wconf 86' lang='lat' dir='ltr'><strong>GEORGII</strong></span> <span class='ocrx_word' id='word_1_3' title='bbox 926 157 1276 203; x_wconf 83' lang='lat' dir='ltr'><strong>PACHYMERIS</strong></span> 
     </span>
    </p>
   </div>
   <div class='ocr_carea' id='block_1_2' title="bbox 86 269 1759 1570">
    <p class='ocr_par' dir='ltr' id='par_1_2' title="bbox 189 269 1739 744">
     <span class='ocr_line' id='line_1_2' title="bbox 189 269 1707 331; baseline 0.003 -18"><span class='ocrx_word' id='word_1_4' title='bbox 189 279 219 313; x_wconf 86' lang='lat' dir='ltr'>C</span> <span class='ocrx_word' id='word_1_5' title='bbox 242 274 318 327; x_wconf 75' lang='grc' dir='ltr'><em>μὲν</em></span> <span class='ocrx_word' id='word_1_6' title='bbox 342 271 493 322; x_wconf 78' lang='grc' dir='ltr'><em>ξενικὸν</em></span> <span class='ocrx_word' id='word_1_7' title='bbox 524 269 817 328; x_wconf 66' lang='grc' dir='ltr'><em>περαιούμενον</em></span> <span class='ocrx_word' id='word_1_8' title='bbox 845 270 998 322; x_wconf 81' lang='grc' dir='ltr'><em>ἀκλεῶς</em></span> <span class='ocrx_word' id='word_1_9' title='bbox 1015 270 1241 329; x_wconf 76' lang='grc' dir='ltr'><em>ὑπέστρεφε</em></span> <span class='ocrx_word' id='word_1_10' title='bbox 1252 305 1266 326; x_wconf 86' lang='lat'><strong>,</strong></span> <span class='ocrx_word' id='word_1_11' title='bbox 1300 274 1348 316; x_wconf 77' lang='grc' dir='ltr'><em>τὸ</em></span> <span class='ocrx_word' id='word_1_12' title='bbox 1369 274 1412 317; x_wconf 73' lang='grc' dir='ltr'><strong>δ’</strong></span> <span class='ocrx_word' id='word_1_13' title='bbox 1435 276 1620 331; x_wconf 73' lang='grc' dir='ltr'><em>ἔθαγενές</em></span> <span class='ocrx_word' id='word_1_14' title='bbox 1641 277 1707 318; x_wconf 76' lang='grc' dir='ltr'><strong>καὶ</strong></span> 
     </span>
     <span class='ocr_line' id='line_1_3' title="bbox 238 338 1709 400; baseline 0.001 -16"><span class='ocrx_word' id='word_1_15' title='bbox 238 338 466 394; x_wconf 77' lang='grc' dir='ltr'><em>αὐτόχθον,</em></span> <span class='ocrx_word' id='word_1_16' title='bbox 502 341 570 381; x_wconf 78' lang='grc' dir='ltr'><strong>καὶ</strong></span> <span class='ocrx_word' id='word_1_17' title='bbox 587 339 726 383; x_wconf 82' lang='grc' dir='ltr'><em>αὐτῶν</em></span> <span class='ocrx_word' id='word_1_18' title='bbox 745 341 883 383; x_wconf 79' lang='grc' dir='ltr'><em>οἰκιῶν</em></span> <span class='ocrx_word' id='word_1_19' title='bbox 902 340 1176 398; x_wconf 77' lang='grc' dir='ltr'><strong><em>ἐκκεχωρηκὸς</em></strong></span> <span class='ocrx_word' id='word_1_20' title='bbox 1198 347 1283 391; x_wconf 82' lang='grc' dir='ltr'><em>τοῖς</em></span> <span class='ocrx_word' id='word_1_21' title='bbox 1301 342 1483 398; x_wconf 71' lang='grc' dir='ltr'><em>ἐχθροῖς,</em></span> <span class='ocrx_word' id='word_1_22' title='bbox 1518 345 1561 394; x_wconf 81' lang='grc' dir='ltr'><strong>ἐξ</strong></span> <span class='ocrx_word' id='word_1_23' title='bbox 1582 343 1709 400; x_wconf 85' lang='grc' dir='ltr'><em>ἀναγ-</em></span> 
     </span>
     <span class='ocr_line' id='line_1_4' title="bbox 235 405 1707 468; baseline 0.002 -15"><span class='ocrx_word' id='word_1_24' title='bbox 235 410 351 453; x_wconf 83' lang='grc' dir='ltr'><em>καίου</em></span> <span class='ocrx_word' id='word_1_25' title='bbox 373 405 502 463; x_wconf 69' lang='grc' dir='ltr'><em>ἐζήτει</em></span> <span class='ocrx_word' id='word_1_26' title='bbox 535 406 618 466; x_wconf 83' lang='grc' dir='ltr'><strong>ὅπῃ</strong></span> <span class='ocrx_word' id='word_1_27' title='bbox 645 425 687 465; x_wconf 89' lang='grc' dir='ltr'><em>γε</em></span> <span class='ocrx_word' id='word_1_28' title='bbox 712 411 780 452; x_wconf 80' lang='grc' dir='ltr'><strong>καὶ</strong></span> <span class='ocrx_word' id='word_1_29' title='bbox 812 409 1027 466; x_wconf 81' lang='grc' dir='ltr'><em>ἀποφυγὸν</em></span> <span class='ocrx_word' id='word_1_30' title='bbox 1057 407 1310 465; x_wconf 80' lang='grc' dir='ltr'><em>σωθήσεται.</em></span> <span class='ocrx_word' id='word_1_31' title='bbox 1378 412 1523 468; x_wconf 73' lang='grc' dir='ltr'><em>ἐχθροὶ</em></span> <span class='ocrx_word' id='word_1_32' title='bbox 1541 413 1587 456; x_wconf 78' lang='grc' dir='ltr'><strong>δὲ</strong></span> <span class='ocrx_word' id='word_1_33' title='bbox 1608 412 1707 462; x_wconf 79' lang='grc' dir='ltr'><em>τέως</em></span> 
     </span>
     <span class='ocr_line' id='line_1_5' title="bbox 234 477 1703 534; baseline 0.002 -13"><span class='ocrx_word' id='word_1_34' title='bbox 234 481 396 521; x_wconf 82' lang='grc' dir='ltr'><em>πολλῶν</em></span> <span class='ocrx_word' id='word_1_35' title='bbox 421 477 728 532; x_wconf 73' lang='grc' dir='ltr'><strong>ἐμπλησθέντες</strong></span> <span class='ocrx_word' id='word_1_36' title='bbox 746 482 828 522; x_wconf 84' lang='grc' dir='ltr'><strong>τῶν</strong></span> <span class='ocrx_word' id='word_1_37' title='bbox 850 477 1042 534; x_wconf 75' lang='grc' dir='ltr'><em>ἀνωτέρω</em></span> <span class='ocrx_word' id='word_1_38' title='bbox 1061 478 1208 534; x_wconf 74' lang='grc' dir='ltr'><em>ἀνέδην</em></span> <span class='ocrx_word' id='word_1_39' title='bbox 1227 479 1390 530; x_wconf 81' lang='grc' dir='ltr'><em>ἐκείνοις</em></span> <span class='ocrx_word' id='word_1_40' title='bbox 1407 478 1703 534; x_wconf 83' lang='grc' dir='ltr'><em>ἐνεσπατάλων,</em></span> 
     </span>
     <span class='ocr_line' id='line_1_6' title="bbox 232 543 1739 603; baseline 0.003 -13"><span class='ocrx_word' id='word_1_41' title='bbox 232 543 458 603; x_wconf 74' lang='grc' dir='ltr'><em>ἀπάγοντες</em></span> <span class='ocrx_word' id='word_1_42' title='bbox 486 547 561 600; x_wconf 75' lang='grc' dir='ltr'><em>μὲν</em></span> <span class='ocrx_word' id='word_1_43' title='bbox 592 544 904 601; x_wconf 72' lang='grc' dir='ltr'><em>αἰχμαλώτους,</em></span> <span class='ocrx_word' id='word_1_44' title='bbox 949 545 1175 603; x_wconf 78' lang='grc' dir='ltr'><em>ἀπάγοντες</em></span> <span class='ocrx_word' id='word_1_45' title='bbox 1208 548 1253 591; x_wconf 76' lang='grc' dir='ltr'><strong>δὲ</strong></span> <span class='ocrx_word' id='word_1_46' title='bbox 1285 550 1353 590; x_wconf 83' lang='grc' dir='ltr'><strong>καὶ</strong></span> <span class='ocrx_word' id='word_1_47' title='bbox 1381 550 1466 601; x_wconf 85' lang='grc' dir='ltr'><strong>ζῶα</strong></span> <span class='ocrx_word' id='word_1_48' title='bbox 1501 550 1570 592; x_wconf 80' lang='grc' dir='ltr'><strong>καὶ</strong></span> <span class='ocrx_word' id='word_1_49' title='bbox 1597 549 1739 594; x_wconf 85' lang='grc' dir='ltr'><em>λείαν5</em></span> 
     </span>
     <span class='ocr_line' id='line_1_7' title="bbox 231 614 1709 672; baseline 0.001 -14"><span class='ocrx_word' id='word_1_50' title='bbox 231 620 371 659; x_wconf 81' lang='grc' dir='ltr'><em>πᾶσαν</em></span> <span class='ocrx_word' id='word_1_51' title='bbox 391 616 457 658; x_wconf 80' lang='grc' dir='ltr'><strong>καὶ</strong></span> <span class='ocrx_word' id='word_1_52' title='bbox 478 614 605 658; x_wconf 82' lang='grc' dir='ltr'><em>αὐτὸν</em></span> <span class='ocrx_word' id='word_1_53' title='bbox 623 616 673 670; x_wconf 80' lang='grc' dir='ltr'><strong>δὴ</strong></span> <span class='ocrx_word' id='word_1_54' title='bbox 697 615 768 659; x_wconf 81' lang='grc' dir='ltr'><strong>τὸν</strong></span> <span class='ocrx_word' id='word_1_55' title='bbox 788 616 945 672; x_wconf 85' lang='grc' dir='ltr'><em>καρπὸν</em></span> <span class='ocrx_word' id='word_1_56' title='bbox 966 620 1039 671; x_wconf 77' lang='grc' dir='ltr'><em>τῆς</em></span> <span class='ocrx_word' id='word_1_57' title='bbox 1059 621 1133 672; x_wconf 77' lang='grc' dir='ltr'><strong>γῆς</strong></span> <span class='ocrx_word' id='word_1_58' title='bbox 1153 616 1223 660; x_wconf 82' lang='grc' dir='ltr'><strong>τὸν</strong></span> <span class='ocrx_word' id='word_1_59' title='bbox 1244 617 1444 671; x_wconf 78' lang='grc' dir='ltr'><em>ἐπέτειον,</em></span> <span class='ocrx_word' id='word_1_60' title='bbox 1483 615 1600 670; x_wconf 74' lang='grc' dir='ltr'><em>ζώοις</em></span> <span class='ocrx_word' id='word_1_61' title='bbox 1621 624 1709 668; x_wconf 84' lang='grc' dir='ltr'><em>τοῖς</em></span> 
     </span>
     <span class='ocr_line' id='line_1_8' title="bbox 234 682 1708 744; baseline 0.001 -16"><span class='ocrx_word' id='word_1_62' title='bbox 234 687 277 728; x_wconf 78' lang='grc' dir='ltr'><strong>ἐκ</strong></span> <span class='ocrx_word' id='word_1_63' title='bbox 299 689 373 743; x_wconf 77' lang='grc' dir='ltr'><em>τῆς</em></span> <span class='ocrx_word' id='word_1_64' title='bbox 403 684 513 734; x_wconf 88' lang='grc' dir='ltr'><em>λείας</em></span> <span class='ocrx_word' id='word_1_65' title='bbox 544 682 875 739; x_wconf 74' lang='grc' dir='ltr'><em>διευθετούμενοι</em></span> <span class='ocrx_word' id='word_1_66' title='bbox 889 719 902 737; x_wconf 85' lang='grc'>,</span> <span class='ocrx_word' id='word_1_67' title='bbox 943 687 1011 728; x_wconf 85' lang='grc' dir='ltr'><strong>καὶ</strong></span> <span class='ocrx_word' id='word_1_68' title='bbox 1035 685 1055 728; x_wconf 82' lang='grc' dir='ltr'>ὅ</span> <span class='ocrx_word' id='word_1_69' title='bbox 1076 703 1115 727; x_wconf 90' lang='grc' dir='ltr'><em>τι</em></span> <span class='ocrx_word' id='word_1_70' title='bbox 1134 687 1202 728; x_wconf 82' lang='grc' dir='ltr'><strong>καὶ</strong></span> <span class='ocrx_word' id='word_1_71' title='bbox 1223 685 1358 737; x_wconf 72' lang='grc' dir='ltr'><em>ἔδοξεν</em></span> <span class='ocrx_word' id='word_1_72' title='bbox 1377 685 1561 744; x_wconf 77' lang='grc' dir='ltr'><em>ἀσφαλὲς</em></span> <span class='ocrx_word' id='word_1_73' title='bbox 1578 704 1708 742; x_wconf 87' lang='grc' dir='ltr'><em>μετα-</em></span> 
     </span>
    </p>

    <p class='ocr_par' dir='ltr' id='par_1_3' title="bbox 181 752 1759 1226">
     <span class='ocr_line' id='line_1_9' title="bbox 181 752 1704 812; baseline 0.001 -14"><span class='ocrx_word' id='word_1_74' title='bbox 181 764 212 798; x_wconf 83' lang='lat' dir='ltr'>D</span> <span class='ocrx_word' id='word_1_75' title='bbox 236 753 443 812; x_wconf 70' lang='grc' dir='ltr'><em>φέροντες.</em></span> <span class='ocrx_word' id='word_1_76' title='bbox 513 752 562 796; x_wconf 81' lang='grc' dir='ltr'><strong>οὐ</strong></span> <span class='ocrx_word' id='word_1_77' title='bbox 585 753 669 808; x_wconf 82' lang='grc' dir='ltr'><em>μὴν</em></span> <span class='ocrx_word' id='word_1_78' title='bbox 690 755 734 797; x_wconf 79' lang='grc' dir='ltr'><strong>δὲ</strong></span> <span class='ocrx_word' id='word_1_79' title='bbox 752 755 818 797; x_wconf 74' lang='grc' dir='ltr'><strong>καὶ</strong></span> <span class='ocrx_word' id='word_1_80' title='bbox 838 758 921 798; x_wconf 87' lang='grc' dir='ltr'><strong>τῶν</strong></span> <span class='ocrx_word' id='word_1_81' title='bbox 943 755 1185 812; x_wconf 84' lang='grc' dir='ltr'><em>κατωτε’ρων</em></span> <span class='ocrx_word' id='word_1_82' title='bbox 1205 756 1484 811; x_wconf 83' lang='grc' dir='ltr'><em>Νικομηδείας</em></span> <span class='ocrx_word' id='word_1_83' title='bbox 1510 754 1704 811; x_wconf 78' lang='grc' dir='ltr'><em>ἥπτοντο,</em></span> 
     </span>
     <span class='ocr_line' id='line_1_10' title="bbox 234 821 1707 882; baseline 0.001 -16"><span class='ocrx_word' id='word_1_84' title='bbox 234 822 350 867; x_wconf 74' lang='grc' dir='ltr'><em>οὕπω</em></span> <span class='ocrx_word' id='word_1_85' title='bbox 370 825 629 879; x_wconf 75' lang='grc' dir='ltr'><em>θαρροῦντες</em></span> <span class='ocrx_word' id='word_1_86' title='bbox 656 822 757 873; x_wconf 73' lang='grc' dir='ltr'><em>ἴσως</em></span> <span class='ocrx_word' id='word_1_87' title='bbox 784 823 858 878; x_wconf 76' lang='grc' dir='ltr'><strong>τὴν</strong></span> <span class='ocrx_word' id='word_1_88' title='bbox 887 821 1100 878; x_wconf 67' lang='grc' dir='ltr'><em>εἰσβολήν·</em></span> <span class='ocrx_word' id='word_1_89' title='bbox 1138 821 1248 881; x_wconf 76' lang='grc' dir='ltr'><em>ἐπῄει</em></span> <span class='ocrx_word' id='word_1_90' title='bbox 1280 824 1359 882; x_wconf 81' lang='grc' dir='ltr'><strong>γὰρ</strong></span> <span class='ocrx_word' id='word_1_91' title='bbox 1383 825 1545 876; x_wconf 85' lang='grc' dir='ltr'><em>ἐκείνοις</em></span> <span class='ocrx_word' id='word_1_92' title='bbox 1562 829 1707 882; x_wconf 77' lang='grc' dir='ltr'><em>φοβεῖ·-</em></span> 
     </span>
     <span class='ocr_line' id='line_1_11' title="bbox 234 890 1759 949; baseline 0.001 -13"><span class='ocrx_word' id='word_1_93' title='bbox 234 897 339 936; x_wconf 78' lang='grc' dir='ltr'><em>σθαι</em></span> <span class='ocrx_word' id='word_1_94' title='bbox 361 891 436 947; x_wconf 81' lang='grc' dir='ltr'><strong>τὴν</strong></span> <span class='ocrx_word' id='word_1_95' title='bbox 454 893 497 942; x_wconf 79' lang='grc' dir='ltr'><strong>ἐξ</strong></span> <span class='ocrx_word' id='word_1_96' title='bbox 517 892 694 948; x_wconf 75' lang='grc' dir='ltr'><em>ἐγγίονος</em></span> <span class='ocrx_word' id='word_1_97' title='bbox 717 891 868 949; x_wconf 65' lang='grc' dir='ltr'><em>ἔφοδον</em></span> <span class='ocrx_word' id='word_1_98' title='bbox 879 926 892 945; x_wconf 91' lang='grc'>,</span> <span class='ocrx_word' id='word_1_99' title='bbox 929 894 996 934; x_wconf 82' lang='grc' dir='ltr'><strong>καὶ</strong></span> <span class='ocrx_word' id='word_1_100' title='bbox 1018 890 1075 942; x_wconf 78' lang='grc' dir='ltr'><strong>ὡς</strong></span> <span class='ocrx_word' id='word_1_101' title='bbox 1094 892 1212 948; x_wconf 79' lang='grc' dir='ltr'><em>ἱερῶν</em></span> <span class='ocrx_word' id='word_1_102' title='bbox 1237 893 1421 936; x_wconf 77' lang='grc' dir='ltr'><em>ἀθίκτων</em></span> <span class='ocrx_word' id='word_1_103' title='bbox 1444 893 1502 937; x_wconf 66' lang='grc' dir='ltr'><em>ἔτι</em></span> <span class='ocrx_word' id='word_1_104' title='bbox 1521 898 1603 937; x_wconf 83' lang='grc' dir='ltr'><strong>τῶν</strong></span> <span class='ocrx_word' id='word_1_105' title='bbox 1632 897 1759 949; x_wconf 68' lang='grc' dir='ltr'><strong>τῆςὶο</strong></span> 
     </span>
     <span class='ocr_line' id='line_1_12' title="bbox 234 959 1707 1020; baseline 0.001 -16"><span class='ocrx_word' id='word_1_106' title='bbox 234 959 390 1010; x_wconf 84' lang='grc' dir='ltr'><em>πόλεως</em></span> <span class='ocrx_word' id='word_1_107' title='bbox 414 960 668 1017; x_wconf 80' lang='grc' dir='ltr'><em>προαστείων</em></span> <span class='ocrx_word' id='word_1_108' title='bbox 690 960 918 1015; x_wconf 76' lang='grc' dir='ltr'><em>ἀπείχοντο,</em></span> <span class='ocrx_word' id='word_1_109' title='bbox 957 963 991 1004; x_wconf 80' lang='grc' dir='ltr'><em>εἷ</em></span> <span class='ocrx_word' id='word_1_110' title='bbox 1008 963 1074 1004; x_wconf 78' lang='grc' dir='ltr'><strong>καὶ</strong></span> <span class='ocrx_word' id='word_1_111' title='bbox 1092 969 1177 1012; x_wconf 85' lang='grc' dir='ltr'><em>τοῖς</em></span> <span class='ocrx_word' id='word_1_112' title='bbox 1195 964 1290 1019; x_wconf 78' lang='grc' dir='ltr'><em>τῇδε</em></span> <span class='ocrx_word' id='word_1_113' title='bbox 1310 967 1392 1006; x_wconf 84' lang='grc' dir='ltr'><strong>τῶν</strong></span> <span class='ocrx_word' id='word_1_114' title='bbox 1413 963 1555 1006; x_wconf 84' lang='grc' dir='ltr'><em>δεινῶν</em></span> <span class='ocrx_word' id='word_1_115' title='bbox 1576 978 1707 1020; x_wconf 86' lang='grc' dir='ltr'><em>προσ-</em></span> 
     </span>
     <span class='ocr_line' id='line_1_13' title="bbox 235 1025 1707 1089; baseline 0.001 -16"><span class='ocrx_word' id='word_1_116' title='bbox 235 1029 478 1084; x_wconf 77' lang='grc' dir='ltr'><em>ὄοκωμένων</em></span> <span class='ocrx_word' id='word_1_117' title='bbox 511 1029 741 1086; x_wconf 81' lang='grc' dir='ltr'><em>ἀναστολῆς</em></span> <span class='ocrx_word' id='word_1_118' title='bbox 776 1029 878 1083; x_wconf 67' lang='grc' dir='ltr'><em>ἔδει,</em></span> <span class='ocrx_word' id='word_1_119' title='bbox 919 1032 985 1072; x_wconf 84' lang='grc' dir='ltr'><strong>καὶ</strong></span> <span class='ocrx_word' id='word_1_120' title='bbox 1018 1028 1074 1080; x_wconf 80' lang='grc' dir='ltr'><strong>ὥς</strong></span> <span class='ocrx_word' id='word_1_121' title='bbox 1103 1025 1154 1085; x_wconf 69' lang='grc' dir='ltr'><em>ἦν</em></span> <span class='ocrx_word' id='word_1_122' title='bbox 1181 1031 1481 1075; x_wconf 78' lang='grc' dir='ltr'><em>ἀνεστέλλοντο.</em></span> <span class='ocrx_word' id='word_1_123' title='bbox 1551 1031 1602 1075; x_wconf 80' lang='grc' dir='ltr'><strong>οὗ</strong></span> <span class='ocrx_word' id='word_1_124' title='bbox 1628 1032 1707 1089; x_wconf 81' lang='grc' dir='ltr'><strong>γὰρ</strong></span> 
     </span>
     <span class='ocr_line' id='line_1_14' title="bbox 235 1093 1707 1158; baseline 0.001 -16"><span class='ocrx_word' id='word_1_125' title='bbox 235 1100 421 1143; x_wconf 76' lang='grc' dir='ltr'><em>ἐνταῦθα</em></span> <span class='ocrx_word' id='word_1_126' title='bbox 439 1095 567 1154; x_wconf 84' lang='grc' dir='ltr'><em>μόνον</em></span> <span class='ocrx_word' id='word_1_127' title='bbox 589 1093 637 1153; x_wconf 76' lang='grc' dir='ltr'><em>ἦν</em></span> <span class='ocrx_word' id='word_1_128' title='bbox 659 1099 705 1142; x_wconf 81' lang='grc' dir='ltr'><em>τὸ</em></span> <span class='ocrx_word' id='word_1_129' title='bbox 729 1096 884 1151; x_wconf 79' lang='grc' dir='ltr'><em>δεινόν,</em></span> <span class='ocrx_word' id='word_1_130' title='bbox 922 1098 1030 1142; x_wconf 80' lang='grc' dir='ltr'><em>ἀλλὰ</em></span> <span class='ocrx_word' id='word_1_131' title='bbox 1054 1099 1106 1142; x_wconf 80' lang='grc' dir='ltr'><em>τὰ</em></span> <span class='ocrx_word' id='word_1_132' title='bbox 1135 1100 1210 1153; x_wconf 75' lang='grc' dir='ltr'><em>μὲν</em></span> <span class='ocrx_word' id='word_1_133' title='bbox 1233 1099 1333 1143; x_wconf 75' lang='grc' dir='ltr'><em>κατ’</em></span> <span class='ocrx_word' id='word_1_134' title='bbox 1363 1099 1567 1156; x_wconf 82' lang='grc' dir='ltr'><em>ἀνατολὴν</em></span> <span class='ocrx_word' id='word_1_135' title='bbox 1587 1100 1707 1158; x_wconf 74' lang='grc' dir='ltr'><em>μέχρι</em></span> 
     </span>
     <span class='ocr_line' id='line_1_15' title="bbox 233 1166 1704 1226; baseline 0.001 -15"><span class='ocrx_word' id='word_1_136' title='bbox 233 1169 301 1211; x_wconf 87' lang='grc' dir='ltr'><strong>καὶ</strong></span> <span class='ocrx_word' id='word_1_137' title='bbox 323 1168 624 1225; x_wconf 85' lang='grc' dir='ltr'><em>Ἀτραμυτίου,</em></span> <span class='ocrx_word' id='word_1_138' title='bbox 672 1166 776 1212; x_wconf 81' lang='grc' dir='ltr'><em>ὅπου</em></span> <span class='ocrx_word' id='word_1_139' title='bbox 809 1169 877 1210; x_wconf 84' lang='grc' dir='ltr'><strong>καὶ</strong></span> <span class='ocrx_word' id='word_1_140' title='bbox 906 1167 1101 1222; x_wconf 72' lang='grc' dir='ltr'><em>βασιλεὺς</em></span> <span class='ocrx_word' id='word_1_141' title='bbox 1127 1168 1393 1224; x_wconf 81' lang='grc' dir='ltr'><em>ἐπεχωριάζε,</em></span> <span class='ocrx_word' id='word_1_142' title='bbox 1428 1168 1482 1212; x_wconf 80' lang='grc' dir='ltr'><em>τὰ</em></span> <span class='ocrx_word' id='word_1_143' title='bbox 1513 1169 1704 1226; x_wconf 75' lang='grc' dir='ltr'><em>ἀνωτέρω</em></span> 
     </span>
    </p>

    <p class='ocr_par' dir='ltr' id='par_1_4' title="bbox 181 1234 1759 1505">
     <span class='ocr_line' id='line_1_16' title="bbox 181 1234 1759 1295; baseline 0 -15"><span class='ocrx_word' id='word_1_144' title='bbox 181 1246 213 1280; x_wconf 81' lang='lat' dir='ltr'><strong>E</strong></span> <span class='ocrx_word' id='word_1_145' title='bbox 238 1235 372 1281; x_wconf 78' lang='grc' dir='ltr'><em>πάντα</em></span> <span class='ocrx_word' id='word_1_146' title='bbox 401 1238 496 1292; x_wconf 82' lang='grc' dir='ltr'><em>δίχα</em></span> <span class='ocrx_word' id='word_1_147' title='bbox 523 1240 607 1279; x_wconf 82' lang='grc' dir='ltr'><strong>τῶν</strong></span> <span class='ocrx_word' id='word_1_148' title='bbox 637 1234 912 1294; x_wconf 75' lang='grc' dir='ltr'><em>ὀχυρωτάτων</em></span> <span class='ocrx_word' id='word_1_149' title='bbox 941 1237 1153 1294; x_wconf 81' lang='grc' dir='ltr'><em>φρουρίων</em></span> <span class='ocrx_word' id='word_1_150' title='bbox 1173 1245 1258 1288; x_wconf 84' lang='grc' dir='ltr'><em>τοῖς</em></span> <span class='ocrx_word' id='word_1_151' title='bbox 1289 1239 1455 1295; x_wconf 78' lang='grc' dir='ltr'><em>ἐχθροῖς</em></span> <span class='ocrx_word' id='word_1_152' title='bbox 1477 1239 1533 1288; x_wconf 81' lang='grc' dir='ltr'><em>εἷς</em></span> <span class='ocrx_word' id='word_1_153' title='bbox 1552 1255 1703 1295; x_wconf 87' lang='grc' dir='ltr'><em>προνο-</em></span> <span class='ocrx_word' id='word_1_154' title='bbox 1716 1245 1759 1281; x_wconf 85' lang='grc'><strong>15</strong></span> 
     </span>
     <span class='ocr_line' id='line_1_17' title="bbox 234 1298 1703 1363; baseline 0.001 -14"><span class='ocrx_word' id='word_1_155' title='bbox 234 1306 316 1362; x_wconf 84' lang='grc' dir='ltr'><em>μὴν</em></span> <span class='ocrx_word' id='word_1_156' title='bbox 338 1305 487 1349; x_wconf 69' lang='grc' dir='ltr'><em>ἔκειντο</em></span> <span class='ocrx_word' id='word_1_157' title='bbox 498 1339 511 1358; x_wconf 86' lang='grc'>,</span> <span class='ocrx_word' id='word_1_158' title='bbox 549 1305 602 1348; x_wconf 80' lang='grc' dir='ltr'><em>τὰ</em></span> <span class='ocrx_word' id='word_1_159' title='bbox 635 1307 680 1349; x_wconf 78' lang='grc' dir='ltr'><strong>δὲ</strong></span> <span class='ocrx_word' id='word_1_160' title='bbox 700 1305 948 1363; x_wconf 75' lang='grc' dir='ltr'><em>προσωτέρω</em></span> <span class='ocrx_word' id='word_1_161' title='bbox 971 1298 1066 1363; x_wconf 83' lang='grc' dir='ltr'><em>περί</em></span> <span class='ocrx_word' id='word_1_162' title='bbox 1082 1323 1160 1349; x_wconf 89' lang='grc' dir='ltr'><strong>που</strong></span> <span class='ocrx_word' id='word_1_163' title='bbox 1186 1307 1259 1362; x_wconf 83' lang='grc' dir='ltr'><strong>τὴν</strong></span> <span class='ocrx_word' id='word_1_164' title='bbox 1278 1304 1504 1363; x_wconf 81' lang='grc' dir='ltr'><em>Ἀχυράους</em></span> <span class='ocrx_word' id='word_1_165' title='bbox 1519 1309 1587 1350; x_wconf 84' lang='grc' dir='ltr'><strong>καὶ</strong></span> <span class='ocrx_word' id='word_1_166' title='bbox 1609 1305 1703 1351; x_wconf 76' lang='grc' dir='ltr'><strong>Κύ-</strong></span> 
     </span>
     <span class='ocr_line' id='line_1_18' title="bbox 233 1372 1701 1435; baseline 0.001 -18"><span class='ocrx_word' id='word_1_167' title='bbox 233 1377 339 1428; x_wconf 83' lang='grc' dir='ltr'><em>ζικον</em></span> <span class='ocrx_word' id='word_1_168' title='bbox 369 1376 436 1418; x_wconf 82' lang='grc' dir='ltr'><strong>καὶ</strong></span> <span class='ocrx_word' id='word_1_169' title='bbox 470 1374 619 1430; x_wconf 80' lang='grc' dir='ltr'><em>Πηγὰς</em></span> <span class='ocrx_word' id='word_1_170' title='bbox 647 1377 714 1418; x_wconf 78' lang='grc' dir='ltr'><strong>καὶ</strong></span> <span class='ocrx_word' id='word_1_171' title='bbox 742 1372 969 1432; x_wconf 79' lang='grc' dir='ltr'><em>Λοφάδιον</em></span> <span class='ocrx_word' id='word_1_172' title='bbox 997 1374 1121 1433; x_wconf 78' lang='grc' dir='ltr'><em>ὀλίγῳ</em></span> <span class='ocrx_word' id='word_1_173' title='bbox 1150 1377 1227 1418; x_wconf 81' lang='grc' dir='ltr'><em>τινὶ</em></span> <span class='ocrx_word' id='word_1_174' title='bbox 1254 1373 1502 1431; x_wconf 75' lang='grc' dir='ltr'><em>διαστήματι</em></span> <span class='ocrx_word' id='word_1_175' title='bbox 1529 1380 1588 1435; x_wconf 80' lang='grc' dir='ltr'><em>τῷ</em></span> <span class='ocrx_word' id='word_1_176' title='bbox 1619 1375 1701 1420; x_wconf 80' lang='grc' dir='ltr'><strong>ἀπὸ</strong></span> 
     </span>
     <span class='ocr_line' id='line_1_19' title="bbox 230 1441 1703 1505; baseline 0.001 -18"><span class='ocrx_word' id='word_1_177' title='bbox 230 1441 454 1500; x_wconf 76' lang='grc' dir='ltr'><em>θαλάσσης</em></span> <span class='ocrx_word' id='word_1_178' title='bbox 471 1441 691 1500; x_wconf 75' lang='grc' dir='ltr'><em>ἐλεύθερον</em></span> <span class='ocrx_word' id='word_1_179' title='bbox 711 1448 866 1500; x_wconf 85' lang='grc' dir='ltr'><em>περιῆν.</em></span> <span class='ocrx_word' id='word_1_180' title='bbox 913 1441 1091 1502; x_wconf 82' lang='grc' dir='ltr'><em>Προύσῃ</em></span> <span class='ocrx_word' id='word_1_181' title='bbox 1116 1444 1161 1486; x_wconf 79' lang='grc' dir='ltr'><strong>δὲ</strong></span> <span class='ocrx_word' id='word_1_182' title='bbox 1182 1446 1250 1487; x_wconf 79' lang='grc' dir='ltr'><strong>καὶ</strong></span> <span class='ocrx_word' id='word_1_183' title='bbox 1272 1445 1427 1505; x_wconf 73' lang='grc' dir='ltr'><em>Νικαίᾳ</em></span> <span class='ocrx_word' id='word_1_184' title='bbox 1444 1451 1535 1495; x_wconf 83' lang='grc' dir='ltr'><em>ταῖς</em></span> <span class='ocrx_word' id='word_1_185' title='bbox 1555 1442 1703 1494; x_wconf 75' lang='grc' dir='ltr'><em>πύλαις</em></span> 
     </span>
    </p>

    <p class='ocr_par' dir='ltr' id='par_1_5' title="bbox 86 1510 1702 1570">
     <span class='ocr_line' id='line_1_20' title="bbox 86 1510 1702 1570; baseline 0.002 -16"><span class='ocrx_word' id='word_1_186' title='bbox 86 1521 112 1554; x_wconf 87' lang='grc' dir='ltr'>Ρ</span> <span class='ocrx_word' id='word_1_187' title='bbox 137 1521 204 1556; x_wconf 71' lang='lat'><strong>232</strong></span> <span class='ocrx_word' id='word_1_188' title='bbox 231 1513 400 1570; x_wconf 80' lang='grc' dir='ltr'><em>ἐπέχραε</em></span> <span class='ocrx_word' id='word_1_189' title='bbox 419 1512 472 1555; x_wconf 80' lang='grc' dir='ltr'><em>τὰ</em></span> <span class='ocrx_word' id='word_1_190' title='bbox 493 1510 627 1566; x_wconf 79' lang='grc' dir='ltr'><em>δεινά,</em></span> <span class='ocrx_word' id='word_1_191' title='bbox 672 1510 866 1557; x_wconf 79' lang='grc' dir='ltr'><em>ἁπάντων</em></span> <span class='ocrx_word' id='word_1_192' title='bbox 886 1517 967 1556; x_wconf 85' lang='grc' dir='ltr'><strong>τῶν</strong></span> <span class='ocrx_word' id='word_1_193' title='bbox 988 1511 1064 1564; x_wconf 69' lang='grc' dir='ltr'><em>ἔξω</em></span> <span class='ocrx_word' id='word_1_194' title='bbox 1094 1513 1460 1570; x_wconf 74' lang='grc' dir='ltr'><em>προνομευθέντων</em></span> <span class='ocrx_word' id='word_1_195' title='bbox 1470 1547 1485 1567; x_wconf 88' lang='grc'>,</span> <span class='ocrx_word' id='word_1_196' title='bbox 1523 1515 1591 1557; x_wconf 81' lang='grc' dir='ltr'><strong>καὶ</strong></span> <span class='ocrx_word' id='word_1_197' title='bbox 1618 1515 1702 1558; x_wconf 85' lang='grc' dir='ltr'><em>δει-</em></span> 
     </span>
    </p>
   </div>
   <div class='ocr_carea' id='block_1_3' title="bbox 316 1619 556 1658">
    <p class='ocr_par' dir='ltr' id='par_1_6' title="bbox 316 1619 556 1658">
     <span class='ocr_line' id='line_1_21' title="bbox 316 1619 556 1658; baseline -0.004 0"><span class='ocrx_word' id='word_1_198' title='bbox 316 1623 350 1658; x_wconf 85' lang='grc'><strong>9.</strong></span> <span class='ocrx_word' id='word_1_199' title='bbox 375 1619 493 1657; x_wconf 80' lang='grc' dir='ltr'><em>ἐποίει</em></span> <span class='ocrx_word' id='word_1_200' title='bbox 515 1621 556 1657; x_wconf 88' lang='grc' dir='ltr'><strong>Ρ.</strong></span> 
     </span>
    </p>
   </div>
   <div class='ocr_carea' id='block_1_4' title="bbox 225 1712 1703 2867">
    <p class='ocr_par' dir='ltr' id='par_1_7' title="bbox 225 1712 1703 2867">
     <span class='ocr_line' id='line_1_22' title="bbox 229 1712 1701 1761; baseline -0.001 -12"><span class='ocrx_word' id='word_1_201' title='bbox 229 1717 309 1761; x_wconf 89' lang='lat' dir='ltr'><strong>post</strong></span> <span class='ocrx_word' id='word_1_202' title='bbox 332 1714 461 1749; x_wconf 82' lang='lat' dir='ltr'><strong>cladem</strong></span> <span class='ocrx_word' id='word_1_203' title='bbox 483 1716 701 1748; x_wconf 76' lang='lat' dir='ltr'>memoratam</span> <span class='ocrx_word' id='word_1_204' title='bbox 724 1713 844 1748; x_wconf 85' lang='lat' dir='ltr'><strong>militia</strong></span> <span class='ocrx_word' id='word_1_205' title='bbox 866 1713 1001 1760; x_wconf 90' lang='lat' dir='ltr'><strong>quidem</strong></span> <span class='ocrx_word' id='word_1_206' title='bbox 1026 1717 1145 1748; x_wconf 81' lang='lat' dir='ltr'><strong>extera</strong></span> <span class='ocrx_word' id='word_1_207' title='bbox 1168 1713 1311 1758; x_wconf 80' lang='lat' dir='ltr'><strong>inglorie</strong></span> <span class='ocrx_word' id='word_1_208' title='bbox 1332 1712 1588 1749; x_wconf 70' lang='lat' dir='ltr'><strong>revertebatur:</strong></span> <span class='ocrx_word' id='word_1_209' title='bbox 1611 1713 1701 1748; x_wconf 85' lang='lat' dir='ltr'><strong>indi-</strong></span> 
     </span>
     <span class='ocr_line' id='line_1_23' title="bbox 229 1760 1701 1806; baseline -0.001 -11"><span class='ocrx_word' id='word_1_210' title='bbox 229 1773 339 1806; x_wconf 80' lang='lat' dir='ltr'>genae</span> <span class='ocrx_word' id='word_1_211' title='bbox 362 1772 443 1796; x_wconf 86' lang='lat' dir='ltr'><strong>vero</strong></span> <span class='ocrx_word' id='word_1_212' title='bbox 466 1760 611 1802; x_wconf 84' lang='lat' dir='ltr'><strong>milites,</strong></span> <span class='ocrx_word' id='word_1_213' title='bbox 644 1760 704 1805; x_wconf 90' lang='lat' dir='ltr'><strong>qui</strong></span> <span class='ocrx_word' id='word_1_214' title='bbox 735 1760 853 1794; x_wconf 90' lang='lat' dir='ltr'><strong>domos</strong></span> <span class='ocrx_word' id='word_1_215' title='bbox 877 1771 956 1794; x_wconf 84' lang='lat' dir='ltr'><strong>suas</strong></span> <span class='ocrx_word' id='word_1_216' title='bbox 978 1763 1162 1805; x_wconf 87' lang='lat' dir='ltr'><strong>occupatas</strong></span> <span class='ocrx_word' id='word_1_217' title='bbox 1184 1760 1253 1794; x_wconf 89' lang='lat' dir='ltr'><strong>iam</strong></span> <span class='ocrx_word' id='word_1_218' title='bbox 1275 1761 1318 1794; x_wconf 90' lang='lat' dir='ltr'><strong>ab</strong></span> <span class='ocrx_word' id='word_1_219' title='bbox 1345 1760 1442 1794; x_wconf 88' lang='lat' dir='ltr'><strong>hoste</strong></span> <span class='ocrx_word' id='word_1_220' title='bbox 1462 1760 1614 1804; x_wconf 87' lang='lat' dir='ltr'><strong>scirent,</strong></span> <span class='ocrx_word' id='word_1_221' title='bbox 1643 1760 1701 1794; x_wconf 88' lang='lat' dir='ltr'><strong>ubi</strong></span> 
     </span>
     <span class='ocr_line' id='line_1_24' title="bbox 231 1805 1702 1853; baseline -0.001 -12"><span class='ocrx_word' id='word_1_222' title='bbox 231 1807 392 1853; x_wconf 79' lang='lat' dir='ltr'>deinceps</span> <span class='ocrx_word' id='word_1_223' title='bbox 415 1806 606 1853; x_wconf 81' lang='lat' dir='ltr'>perfugium</span> <span class='ocrx_word' id='word_1_224' title='bbox 630 1806 674 1840; x_wconf 91' lang='lat' dir='ltr'><strong>ad</strong></span> <span class='ocrx_word' id='word_1_225' title='bbox 698 1806 841 1840; x_wconf 85' lang='lat' dir='ltr'><strong>salutem</strong></span> <span class='ocrx_word' id='word_1_226' title='bbox 864 1810 1054 1851; x_wconf 82' lang='lat' dir='ltr'><strong>captarent,</strong></span> <span class='ocrx_word' id='word_1_227' title='bbox 1079 1806 1174 1840; x_wconf 89' lang='lat' dir='ltr'><strong>varie</strong></span> <span class='ocrx_word' id='word_1_228' title='bbox 1195 1805 1338 1852; x_wconf 86' lang='lat' dir='ltr'><strong>quisque</strong></span> <span class='ocrx_word' id='word_1_229' title='bbox 1360 1811 1520 1842; x_wconf 77' lang='lat' dir='ltr'><strong>aestuans</strong></span> <span class='ocrx_word' id='word_1_230' title='bbox 1542 1817 1702 1841; x_wconf 77' lang='lat' dir='ltr'><strong>necessa-</strong></span> 
     </span>
     <span class='ocr_line' id='line_1_25' title="bbox 230 1851 1701 1899; baseline -0.001 -11"><span class='ocrx_word' id='word_1_231' title='bbox 230 1854 282 1888; x_wconf 88' lang='lat' dir='ltr'><strong>rio</strong></span> <span class='ocrx_word' id='word_1_232' title='bbox 306 1854 506 1899; x_wconf 71' lang='lat' dir='ltr'><strong>quaerebat,</strong></span> <span class='ocrx_word' id='word_1_233' title='bbox 553 1857 591 1887; x_wconf 87' lang='lat' dir='ltr'><strong>at</strong></span> <span class='ocrx_word' id='word_1_234' title='bbox 621 1852 737 1886; x_wconf 83' lang='lat' dir='ltr'><strong>hostes</strong></span> <span class='ocrx_word' id='word_1_235' title='bbox 770 1852 915 1886; x_wconf 85' lang='lat' dir='ltr'><strong>corrasis</strong></span> <span class='ocrx_word' id='word_1_236' title='bbox 947 1853 1109 1886; x_wconf 87' lang='lat' dir='ltr'><strong>hactenus</strong></span> <span class='ocrx_word' id='word_1_237' title='bbox 1133 1853 1278 1886; x_wconf 85' lang='lat' dir='ltr'><strong>omnium</strong></span> <span class='ocrx_word' id='word_1_238' title='bbox 1307 1851 1505 1887; x_wconf 87' lang='lat' dir='ltr'><strong>ulteriorum</strong></span> <span class='ocrx_word' id='word_1_239' title='bbox 1527 1852 1701 1898; x_wconf 87' lang='lat' dir='ltr'><strong>regionum</strong></span> 
     </span>
     <span class='ocr_line' id='line_1_26' title="bbox 230 1898 1700 1944; baseline -0.001 -10"><span class='ocrx_word' id='word_1_240' title='bbox 230 1900 391 1944; x_wconf 87' lang='lat' dir='ltr'><strong>praedis,</strong></span> <span class='ocrx_word' id='word_1_241' title='bbox 422 1899 464 1934; x_wconf 84' lang='lat' dir='ltr'><strong>iis</strong></span> <span class='ocrx_word' id='word_1_242' title='bbox 487 1910 525 1934; x_wconf 80' lang='lat' dir='ltr'><strong>se</strong></span> <span class='ocrx_word' id='word_1_243' title='bbox 546 1899 745 1933; x_wconf 77' lang='lat' dir='ltr'><strong>incubantes</strong></span> <span class='ocrx_word' id='word_1_244' title='bbox 767 1898 1042 1943; x_wconf 77' lang='lat' dir='ltr'><strong>ingurgitabant,</strong></span> <span class='ocrx_word' id='word_1_245' title='bbox 1070 1899 1182 1944; x_wconf 82' lang='lat' dir='ltr'><strong>raptis</strong></span> <span class='ocrx_word' id='word_1_246' title='bbox 1210 1898 1476 1943; x_wconf 80' lang='lat' dir='ltr'><strong>intemperanter</strong></span> <span class='ocrx_word' id='word_1_247' title='bbox 1506 1900 1700 1940; x_wconf 77' lang='lat' dir='ltr'><strong>abutentes,</strong></span> 
     </span>
     <span class='ocr_line' id='line_1_27' title="bbox 232 1944 1703 1992; baseline 0.001 -14"><span class='ocrx_word' id='word_1_248' title='bbox 232 1947 408 1980; x_wconf 84' lang='lat' dir='ltr'><strong>trabentes</strong></span> <span class='ocrx_word' id='word_1_249' title='bbox 442 1945 656 1992; x_wconf 84' lang='lat' dir='ltr'><strong>captivorum</strong></span> <span class='ocrx_word' id='word_1_250' title='bbox 687 1945 855 1979; x_wconf 87' lang='lat' dir='ltr'><strong>hominum</strong></span> <span class='ocrx_word' id='word_1_251' title='bbox 889 1949 1068 1987; x_wconf 86' lang='lat' dir='ltr'><strong>catervas,</strong></span> <span class='ocrx_word' id='word_1_252' title='bbox 1100 1944 1229 1990; x_wconf 88' lang='lat' dir='ltr'><strong>captivi</strong></span> <span class='ocrx_word' id='word_1_253' title='bbox 1249 1944 1382 1989; x_wconf 89' lang='lat' dir='ltr'><strong>pecoris</strong></span> <span class='ocrx_word' id='word_1_254' title='bbox 1403 1956 1527 1990; x_wconf 81' lang='lat' dir='ltr'><strong>greges</strong></span> <span class='ocrx_word' id='word_1_255' title='bbox 1548 1948 1703 1979; x_wconf 82' lang='lat' dir='ltr'><strong>armenta</strong></span> 
     </span>
     <span class='ocr_line' id='line_1_28' title="bbox 232 1990 1702 2037; baseline 0 -12"><span class='ocrx_word' id='word_1_256' title='bbox 232 1993 410 2034; x_wconf 87' lang='lat' dir='ltr'><strong>mandras,</strong></span> <span class='ocrx_word' id='word_1_257' title='bbox 433 2003 501 2027; x_wconf 88' lang='lat' dir='ltr'><strong>una</strong></span> <span class='ocrx_word' id='word_1_258' title='bbox 523 2003 598 2026; x_wconf 89' lang='lat' dir='ltr'><strong>cum</strong></span> <span class='ocrx_word' id='word_1_259' title='bbox 622 1991 728 2026; x_wconf 77' lang='lat' dir='ltr'><strong>omnis</strong></span> <span class='ocrx_word' id='word_1_260' title='bbox 760 1990 897 2035; x_wconf 85' lang='lat' dir='ltr'><strong>generis</strong></span> <span class='ocrx_word' id='word_1_261' title='bbox 917 1991 1068 2037; x_wconf 86' lang='lat' dir='ltr'><strong>praeda,</strong></span> <span class='ocrx_word' id='word_1_262' title='bbox 1099 1991 1298 2036; x_wconf 88' lang='lat' dir='ltr'><strong>praesertim</strong></span> <span class='ocrx_word' id='word_1_263' title='bbox 1321 1996 1434 2025; x_wconf 87' lang='lat' dir='ltr'><strong>autem</strong></span> <span class='ocrx_word' id='word_1_264' title='bbox 1455 1993 1571 2026; x_wconf 77' lang='lat' dir='ltr'><strong>fructu</strong></span> <span class='ocrx_word' id='word_1_265' title='bbox 1600 2001 1702 2036; x_wconf 81' lang='lat' dir='ltr'><strong>sege-</strong></span> 
     </span>
     <span class='ocr_line' id='line_1_29' title="bbox 231 2037 1700 2083; baseline -0.001 -12"><span class='ocrx_word' id='word_1_266' title='bbox 231 2043 326 2079; x_wconf 92' lang='lat' dir='ltr'><strong>tum,</strong></span> <span class='ocrx_word' id='word_1_267' title='bbox 358 2049 441 2081; x_wconf 84' lang='lat' dir='ltr'><strong>quas</strong></span> <span class='ocrx_word' id='word_1_268' title='bbox 473 2038 553 2072; x_wconf 86' lang='lat' dir='ltr'><strong>anni</strong></span> <span class='ocrx_word' id='word_1_269' title='bbox 585 2040 791 2083; x_wconf 83' lang='lat' dir='ltr'><strong>tempestate</strong></span> <span class='ocrx_word' id='word_1_270' title='bbox 813 2044 964 2072; x_wconf 87' lang='lat' dir='ltr'><strong>maturas</strong></span> <span class='ocrx_word' id='word_1_271' title='bbox 996 2037 1226 2082; x_wconf 80' lang='lat' dir='ltr'><strong>collegerant,</strong></span> <span class='ocrx_word' id='word_1_272' title='bbox 1262 2048 1306 2072; x_wconf 82' lang='lat' dir='ltr'><strong>ex</strong></span> <span class='ocrx_word' id='word_1_273' title='bbox 1336 2038 1449 2083; x_wconf 86' lang='lat' dir='ltr'><strong>iisque</strong></span> <span class='ocrx_word' id='word_1_274' title='bbox 1469 2038 1567 2083; x_wconf 86' lang='lat' dir='ltr'><strong>larga</strong></span> <span class='ocrx_word' id='word_1_275' title='bbox 1588 2048 1700 2079; x_wconf 87' lang='lat' dir='ltr'><strong>manu,</strong></span> 
     </span>
     <span class='ocr_line' id='line_1_30' title="bbox 230 2083 1701 2130; baseline 0 -14"><span class='ocrx_word' id='word_1_276' title='bbox 230 2095 318 2128; x_wconf 85' lang='lat' dir='ltr'><strong>quae</strong></span> <span class='ocrx_word' id='word_1_277' title='bbox 342 2084 447 2118; x_wconf 82' lang='lat' dir='ltr'><strong>multa</strong></span> <span class='ocrx_word' id='word_1_278' title='bbox 469 2084 619 2129; x_wconf 87' lang='lat' dir='ltr'><strong>undique</strong></span> <span class='ocrx_word' id='word_1_279' title='bbox 642 2084 838 2128; x_wconf 84' lang='lat' dir='ltr'><strong>praedando</strong></span> <span class='ocrx_word' id='word_1_280' title='bbox 861 2088 1122 2128; x_wconf 84' lang='lat' dir='ltr'><strong>congesserant,</strong></span> <span class='ocrx_word' id='word_1_281' title='bbox 1144 2084 1293 2118; x_wconf 86' lang='lat' dir='ltr'><strong>iumenta</strong></span> <span class='ocrx_word' id='word_1_282' title='bbox 1313 2085 1522 2130; x_wconf 80' lang='lat' dir='ltr'><strong>pascebant3</strong></span> <span class='ocrx_word' id='word_1_283' title='bbox 1554 2083 1701 2128; x_wconf 82' lang='lat' dir='ltr'><strong>denique</strong></span> 
     </span>
     <span class='ocr_line' id='line_1_31' title="bbox 230 2129 1702 2176; baseline 0 -14"><span class='ocrx_word' id='word_1_284' title='bbox 230 2141 358 2163; x_wconf 86' lang='lat' dir='ltr'><strong>summa</strong></span> <span class='ocrx_word' id='word_1_285' title='bbox 381 2131 577 2172; x_wconf 81' lang='lat' dir='ltr'><strong>securitate,</strong></span> <span class='ocrx_word' id='word_1_286' title='bbox 600 2130 762 2176; x_wconf 88' lang='lat' dir='ltr'><strong>quidquid</strong></span> <span class='ocrx_word' id='word_1_287' title='bbox 785 2129 870 2175; x_wconf 87' lang='lat' dir='ltr'><strong>ipsis</strong></span> <span class='ocrx_word' id='word_1_288' title='bbox 892 2131 1079 2176; x_wconf 88' lang='lat' dir='ltr'><strong>placuerat,</strong></span> <span class='ocrx_word' id='word_1_289' title='bbox 1103 2142 1169 2176; x_wconf 89' lang='lat' dir='ltr'><strong>quo</strong></span> <span class='ocrx_word' id='word_1_290' title='bbox 1192 2130 1319 2165; x_wconf 85' lang='lat' dir='ltr'><strong>vellent</strong></span> <span class='ocrx_word' id='word_1_291' title='bbox 1336 2142 1478 2176; x_wconf 90' lang='lat' dir='ltr'><strong>cumque</strong></span> <span class='ocrx_word' id='word_1_292' title='bbox 1491 2130 1702 2165; x_wconf 85' lang='lat' dir='ltr'><strong>transferen-</strong></span> 
     </span>
     <span class='ocr_line' id='line_1_32' title="bbox 229 2175 1698 2220; baseline 0 -12"><span class='ocrx_word' id='word_1_293' title='bbox 229 2179 294 2209; x_wconf 85' lang='lat' dir='ltr'><strong>tes.</strong></span> <span class='ocrx_word' id='word_1_294' title='bbox 341 2187 407 2209; x_wconf 92' lang='lat' dir='ltr'><strong>non</strong></span> <span class='ocrx_word' id='word_1_295' title='bbox 432 2181 545 2210; x_wconf 85' lang='lat' dir='ltr'><strong>tamen</strong></span> <span class='ocrx_word' id='word_1_296' title='bbox 569 2177 679 2210; x_wconf 80' lang='lat' dir='ltr'><strong>adhuc</strong></span> <span class='ocrx_word' id='word_1_297' title='bbox 702 2177 881 2210; x_wconf 82' lang='lat' dir='ltr'><strong>citeriores</strong></span> <span class='ocrx_word' id='word_1_298' title='bbox 904 2176 1101 2211; x_wconf 84' lang='lat' dir='ltr'><strong>Nicomedia</strong></span> <span class='ocrx_word' id='word_1_299' title='bbox 1124 2181 1256 2211; x_wconf 87' lang='lat' dir='ltr'><strong>tractus</strong></span> <span class='ocrx_word' id='word_1_300' title='bbox 1277 2177 1510 2220; x_wconf 85' lang='lat' dir='ltr'><strong>attingebant,</strong></span> <span class='ocrx_word' id='word_1_301' title='bbox 1541 2175 1698 2215; x_wconf 87' lang='lat' dir='ltr'><strong>nondum,</strong></span> 
     </span>
     <span class='ocr_line' id='line_1_33' title="bbox 227 2220 1699 2269; baseline 0 -15"><span class='ocrx_word' id='word_1_302' title='bbox 227 2227 266 2255; x_wconf 90' lang='lat' dir='ltr'><strong>ut</strong></span> <span class='ocrx_word' id='word_1_303' title='bbox 293 2226 348 2256; x_wconf 89' lang='lat' dir='ltr'><strong>est</strong></span> <span class='ocrx_word' id='word_1_304' title='bbox 370 2222 572 2265; x_wconf 87' lang='lat' dir='ltr'><strong>verisimile,</strong></span> <span class='ocrx_word' id='word_1_305' title='bbox 608 2226 682 2256; x_wconf 90' lang='lat' dir='ltr'><strong>tuto</strong></span> <span class='ocrx_word' id='word_1_306' title='bbox 706 2235 744 2257; x_wconf 89' lang='lat' dir='ltr'><strong>se</strong></span> <span class='ocrx_word' id='word_1_307' title='bbox 767 2222 845 2256; x_wconf 86' lang='lat' dir='ltr'><strong>illuc</strong></span> <span class='ocrx_word' id='word_1_308' title='bbox 867 2222 1059 2268; x_wconf 86' lang='lat' dir='ltr'><strong>irrupturos</strong></span> <span class='ocrx_word' id='word_1_309' title='bbox 1088 2223 1278 2269; x_wconf 86' lang='lat' dir='ltr'><strong>opinantes.</strong></span> <span class='ocrx_word' id='word_1_310' title='bbox 1322 2223 1519 2257; x_wconf 86' lang='lat' dir='ltr'><strong>metuebant</strong></span> <span class='ocrx_word' id='word_1_311' title='bbox 1538 2220 1699 2256; x_wconf 85' lang='lat' dir='ltr'><strong>videlicet</strong></span> 
     </span>
     <span class='ocr_line' id='line_1_34' title="bbox 227 2267 1698 2314; baseline 0 -14"><span class='ocrx_word' id='word_1_312' title='bbox 227 2279 291 2310; x_wconf 89' lang='lat' dir='ltr'><strong>ne,</strong></span> <span class='ocrx_word' id='word_1_313' title='bbox 329 2267 357 2302; x_wconf 90' lang='lat' dir='ltr'><strong>si</strong></span> <span class='ocrx_word' id='word_1_314' title='bbox 382 2268 673 2312; x_wconf 87' lang='lat' dir='ltr'><strong>proveherentur,</strong></span> <span class='ocrx_word' id='word_1_315' title='bbox 707 2281 751 2303; x_wconf 87' lang='lat' dir='ltr'><strong>ex</strong></span> <span class='ocrx_word' id='word_1_316' title='bbox 773 2270 858 2303; x_wconf 91' lang='lat' dir='ltr'><strong>urbe</strong></span> <span class='ocrx_word' id='word_1_317' title='bbox 880 2272 973 2303; x_wconf 86' lang='lat' dir='ltr'><strong>retro</strong></span> <span class='ocrx_word' id='word_1_318' title='bbox 997 2269 1117 2303; x_wconf 90' lang='lat' dir='ltr'><strong>relicta</strong></span> <span class='ocrx_word' id='word_1_319' title='bbox 1140 2269 1274 2314; x_wconf 83' lang='lat' dir='ltr'><strong>eruptio</strong></span> <span class='ocrx_word' id='word_1_320' title='bbox 1305 2269 1341 2303; x_wconf 86' lang='lat' dir='ltr'><strong>in</strong></span> <span class='ocrx_word' id='word_1_321' title='bbox 1364 2268 1458 2314; x_wconf 82' lang='lat' dir='ltr'><strong>ipsos</strong></span> <span class='ocrx_word' id='word_1_322' title='bbox 1479 2267 1588 2301; x_wconf 84' lang='lat' dir='ltr'><strong>fieret.</strong></span> <span class='ocrx_word' id='word_1_323' title='bbox 1636 2277 1698 2300; x_wconf 87' lang='lat' dir='ltr'><strong>ea-</strong></span> 
     </span>
     <span class='ocr_line' id='line_1_35' title="bbox 226 2314 1697 2359; baseline 0 -13"><span class='ocrx_word' id='word_1_324' title='bbox 226 2314 371 2358; x_wconf 87' lang='lat' dir='ltr'><strong>demque</strong></span> <span class='ocrx_word' id='word_1_325' title='bbox 406 2314 583 2347; x_wconf 83' lang='lat' dir='ltr'><strong>formidine</strong></span> <span class='ocrx_word' id='word_1_326' title='bbox 616 2314 901 2359; x_wconf 83' lang='lat' dir='ltr'><strong>continebantur,</strong></span> <span class='ocrx_word' id='word_1_327' title='bbox 943 2327 986 2349; x_wconf 90' lang='lat' dir='ltr'><strong>ne</strong></span> <span class='ocrx_word' id='word_1_328' title='bbox 1018 2315 1181 2349; x_wconf 90' lang='lat' dir='ltr'><strong>suburbia</strong></span> <span class='ocrx_word' id='word_1_329' title='bbox 1214 2315 1361 2349; x_wconf 86' lang='lat' dir='ltr'><strong>civitatis</strong></span> <span class='ocrx_word' id='word_1_330' title='bbox 1392 2318 1564 2358; x_wconf 83' lang='lat' dir='ltr'><strong>tamquam</strong></span> <span class='ocrx_word' id='word_1_331' title='bbox 1596 2320 1697 2347; x_wconf 81' lang='lat' dir='ltr'><strong>sacra</strong></span> 
     </span>
     <span class='ocr_line' id='line_1_36' title="bbox 225 2358 1698 2406; baseline -0.001 -12"><span class='ocrx_word' id='word_1_332' title='bbox 225 2360 426 2404; x_wconf 85' lang='lat' dir='ltr'><strong>contingere</strong></span> <span class='ocrx_word' id='word_1_333' title='bbox 450 2360 624 2396; x_wconf 86' lang='lat' dir='ltr'><strong>auderent.</strong></span> <span class='ocrx_word' id='word_1_334' title='bbox 671 2361 737 2394; x_wconf 87' lang='lat' dir='ltr'><strong>etsi</strong></span> <span class='ocrx_word' id='word_1_335' title='bbox 761 2372 879 2406; x_wconf 88' lang='lat' dir='ltr'><strong>parum</strong></span> <span class='ocrx_word' id='word_1_336' title='bbox 903 2373 945 2395; x_wconf 91' lang='lat' dir='ltr'><strong>ea</strong></span> <span class='ocrx_word' id='word_1_337' title='bbox 966 2373 1023 2396; x_wconf 89' lang='lat' dir='ltr'><strong>res</strong></span> <span class='ocrx_word' id='word_1_338' title='bbox 1045 2361 1115 2395; x_wconf 90' lang='lat' dir='ltr'><strong>illic</strong></span> <span class='ocrx_word' id='word_1_339' title='bbox 1137 2361 1346 2406; x_wconf 50' lang='lat' dir='ltr'><strong>degentibus&gt;</strong></span> <span class='ocrx_word' id='word_1_340' title='bbox 1365 2358 1568 2393; x_wconf 85' lang='lat' dir='ltr'><strong>remissionis</strong></span> <span class='ocrx_word' id='word_1_341' title='bbox 1590 2358 1698 2393; x_wconf 81' lang='lat' dir='ltr'><strong>affer-</strong></span> 
     </span>
     <span class='ocr_line' id='line_1_37' title="bbox 226 2403 1698 2452; baseline -0.001 -13"><span class='ocrx_word' id='word_1_342' title='bbox 226 2410 302 2448; x_wconf 83' lang='lat' dir='ltr'><strong>ret,</strong></span> <span class='ocrx_word' id='word_1_343' title='bbox 337 2405 493 2439; x_wconf 87' lang='lat' dir='ltr'><strong>continuo</strong></span> <span class='ocrx_word' id='word_1_344' title='bbox 517 2405 636 2450; x_wconf 88' lang='lat' dir='ltr'><strong>utique</strong></span> <span class='ocrx_word' id='word_1_345' title='bbox 659 2409 792 2440; x_wconf 87' lang='lat' dir='ltr'><strong>terrore</strong></span> <span class='ocrx_word' id='word_1_346' title='bbox 821 2407 983 2449; x_wconf 85' lang='lat' dir='ltr'><strong>solicitis,</strong></span> <span class='ocrx_word' id='word_1_347' title='bbox 1016 2411 1052 2441; x_wconf 91' lang='lat' dir='ltr'><strong>et</strong></span> <span class='ocrx_word' id='word_1_348' title='bbox 1083 2419 1172 2452; x_wconf 84' lang='lat' dir='ltr'><strong>quae</strong></span> <span class='ocrx_word' id='word_1_349' title='bbox 1194 2406 1339 2440; x_wconf 86' lang='lat' dir='ltr'><strong>nondum</strong></span> <span class='ocrx_word' id='word_1_350' title='bbox 1361 2405 1598 2450; x_wconf 84' lang='lat' dir='ltr'><strong>patiebantur,</strong></span> <span class='ocrx_word' id='word_1_351' title='bbox 1632 2403 1698 2439; x_wconf 85' lang='lat' dir='ltr'><strong>sibi</strong></span> 
     </span>
     <span class='ocr_line' id='line_1_38' title="bbox 225 2450 1696 2497; baseline -0.001 -11"><span class='ocrx_word' id='word_1_352' title='bbox 225 2457 397 2497; x_wconf 87' lang='lat' dir='ltr'><strong>tamquam</strong></span> <span class='ocrx_word' id='word_1_353' title='bbox 424 2452 618 2496; x_wconf 87' lang='lat' dir='ltr'><strong>praesentia</strong></span> <span class='ocrx_word' id='word_1_354' title='bbox 651 2451 880 2495; x_wconf 85' lang='lat' dir='ltr'><strong>fingentibus,</strong></span> <span class='ocrx_word' id='word_1_355' title='bbox 913 2454 1115 2487; x_wconf 78' lang='lat' dir='ltr'><strong>fruebantur</strong></span> <span class='ocrx_word' id='word_1_356' title='bbox 1145 2459 1261 2486; x_wconf 87' lang='lat' dir='ltr'><strong>tamen</strong></span> <span class='ocrx_word' id='word_1_357' title='bbox 1291 2450 1425 2490; x_wconf 88' lang='lat' dir='ltr'><strong>miseri,</strong></span> <span class='ocrx_word' id='word_1_358' title='bbox 1452 2455 1492 2485; x_wconf 91' lang='lat' dir='ltr'><strong>ut</strong></span> <span class='ocrx_word' id='word_1_359' title='bbox 1522 2455 1696 2496; x_wconf 84' lang='lat' dir='ltr'><strong>poterant,</strong></span> 
     </span>
     <span class='ocr_line' id='line_1_39' title="bbox 225 2496 1697 2544; baseline 0 -13"><span class='ocrx_word' id='word_1_360' title='bbox 225 2497 343 2544; x_wconf 89' lang='lat' dir='ltr'><strong>quiete</strong></span> <span class='ocrx_word' id='word_1_361' title='bbox 366 2497 604 2543; x_wconf 88' lang='lat' dir='ltr'><strong>qualicumque</strong></span> <span class='ocrx_word' id='word_1_362' title='bbox 627 2508 690 2542; x_wconf 90' lang='lat' dir='ltr'><strong>per</strong></span> <span class='ocrx_word' id='word_1_363' title='bbox 714 2498 815 2531; x_wconf 88' lang='lat' dir='ltr'><strong>istam</strong></span> <span class='ocrx_word' id='word_1_364' title='bbox 837 2497 887 2531; x_wconf 79' lang='lat' dir='ltr'><strong>ita</strong></span> <span class='ocrx_word' id='word_1_365' title='bbox 909 2509 1094 2543; x_wconf 86' lang='lat' dir='ltr'><strong>suspensae</strong></span> <span class='ocrx_word' id='word_1_366' title='bbox 1116 2497 1317 2532; x_wconf 86' lang='lat' dir='ltr'><strong>incursionis</strong></span> <span class='ocrx_word' id='word_1_367' title='bbox 1341 2496 1470 2531; x_wconf 81' lang='lat' dir='ltr'><strong>hostilis</strong></span> <span class='ocrx_word' id='word_1_368' title='bbox 1491 2508 1630 2540; x_wconf 88' lang='lat' dir='ltr'><strong>moram,</strong></span> <span class='ocrx_word' id='word_1_369' title='bbox 1654 2508 1697 2531; x_wconf 84' lang='lat' dir='ltr'><strong>ac</strong></span> 
     </span>
     <span class='ocr_line' id='line_1_40' title="bbox 226 2542 1697 2590; baseline -0.001 -12"><span class='ocrx_word' id='word_1_370' title='bbox 226 2543 479 2590; x_wconf 86' lang='lat' dir='ltr'><strong>comparatione</strong></span> <span class='ocrx_word' id='word_1_371' title='bbox 501 2543 633 2588; x_wconf 87' lang='lat' dir='ltr'><strong>pariter</strong></span> <span class='ocrx_word' id='word_1_372' title='bbox 655 2542 842 2577; x_wconf 81' lang='lat' dir='ltr'><strong>infelicium</strong></span> <span class='ocrx_word' id='word_1_373' title='bbox 864 2545 1043 2578; x_wconf 85' lang='lat' dir='ltr'><strong>multorum</strong></span> <span class='ocrx_word' id='word_1_374' title='bbox 1063 2555 1139 2579; x_wconf 86' lang='lat' dir='ltr'><strong>sese</strong></span> <span class='ocrx_word' id='word_1_375' title='bbox 1162 2542 1434 2577; x_wconf 84' lang='lat' dir='ltr'><strong>consolabantur.</strong></span> <span class='ocrx_word' id='word_1_376' title='bbox 1479 2554 1590 2588; x_wconf 83' lang='lat' dir='ltr'><strong>neque</strong></span> <span class='ocrx_word' id='word_1_377' title='bbox 1607 2542 1697 2578; x_wconf 87' lang='lat' dir='ltr'><strong>euim</strong></span> 
     </span>
     <span class='ocr_line' id='line_1_41' title="bbox 226 2588 1695 2634; baseline -0.001 -10"><span class='ocrx_word' id='word_1_378' title='bbox 226 2593 302 2625; x_wconf 87' lang='lat' dir='ltr'><strong>erat</strong></span> <span class='ocrx_word' id='word_1_379' title='bbox 336 2589 454 2624; x_wconf 88' lang='lat' dir='ltr'><strong>melior</strong></span> <span class='ocrx_word' id='word_1_380' title='bbox 484 2589 633 2623; x_wconf 86' lang='lat' dir='ltr'><strong>conditio</strong></span> <span class='ocrx_word' id='word_1_381' title='bbox 675 2589 874 2623; x_wconf 86' lang='lat' dir='ltr'><strong>securiorve</strong></span> <span class='ocrx_word' id='word_1_382' title='bbox 905 2594 1016 2623; x_wconf 87' lang='lat' dir='ltr'><strong>status</strong></span> <span class='ocrx_word' id='word_1_383' title='bbox 1049 2590 1253 2634; x_wconf 86' lang='lat' dir='ltr'><strong>reliquorum</strong></span> <span class='ocrx_word' id='word_1_384' title='bbox 1286 2600 1348 2633; x_wconf 89' lang='lat' dir='ltr'><strong>per</strong></span> <span class='ocrx_word' id='word_1_385' title='bbox 1379 2593 1487 2623; x_wconf 88' lang='lat' dir='ltr'><strong>totum</strong></span> <span class='ocrx_word' id='word_1_386' title='bbox 1518 2588 1695 2623; x_wconf 86' lang='lat' dir='ltr'><strong>Orientem</strong></span> 
     </span>
     <span class='ocr_line' id='line_1_42' title="bbox 229 2634 1694 2681; baseline -0.001 -10"><span class='ocrx_word' id='word_1_387' title='bbox 229 2636 451 2681; x_wconf 79' lang='lat' dir='ltr'><strong>Atramytium</strong></span> <span class='ocrx_word' id='word_1_388' title='bbox 482 2646 610 2681; x_wconf 84' lang='lat' dir='ltr'><strong>usque,</strong></span> <span class='ocrx_word' id='word_1_389' title='bbox 650 2635 710 2669; x_wconf 89' lang='lat' dir='ltr'><strong>ubi</strong></span> <span class='ocrx_word' id='word_1_390' title='bbox 742 2635 981 2669; x_wconf 87' lang='lat' dir='ltr'><strong>diversabatur</strong></span> <span class='ocrx_word' id='word_1_391' title='bbox 1012 2636 1216 2680; x_wconf 87' lang='lat' dir='ltr'><strong>imperator:</strong></span> <span class='ocrx_word' id='word_1_392' title='bbox 1253 2634 1415 2669; x_wconf 88' lang='lat' dir='ltr'><strong>ulteriora</strong></span> <span class='ocrx_word' id='word_1_393' title='bbox 1455 2636 1580 2681; x_wconf 88' lang='lat' dir='ltr'><strong>quippe</strong></span> <span class='ocrx_word' id='word_1_394' title='bbox 1617 2634 1694 2669; x_wconf 86' lang='lat' dir='ltr'><strong>uni-</strong></span> 
     </span>
     <span class='ocr_line' id='line_1_43' title="bbox 229 2679 1694 2728; baseline -0.002 -11"><span class='ocrx_word' id='word_1_395' title='bbox 229 2694 347 2727; x_wconf 81' lang='lat' dir='ltr'><strong>versa,</strong></span> <span class='ocrx_word' id='word_1_396' title='bbox 369 2685 508 2728; x_wconf 87' lang='lat' dir='ltr'><strong>praeter</strong></span> <span class='ocrx_word' id='word_1_397' title='bbox 530 2693 628 2716; x_wconf 84' lang='lat' dir='ltr'><strong>arces</strong></span> <span class='ocrx_word' id='word_1_398' title='bbox 651 2679 908 2723; x_wconf 86' lang='lat' dir='ltr'><strong>munitissimas,</strong></span> <span class='ocrx_word' id='word_1_399' title='bbox 931 2681 1085 2715; x_wconf 86' lang='lat' dir='ltr'><strong>hostibus</strong></span> <span class='ocrx_word' id='word_1_400' title='bbox 1107 2681 1141 2716; x_wconf 88' lang='lat' dir='ltr'><strong>in</strong></span> <span class='ocrx_word' id='word_1_401' title='bbox 1164 2681 1326 2727; x_wconf 86' lang='lat' dir='ltr'><strong>praedam</strong></span> <span class='ocrx_word' id='word_1_402' title='bbox 1347 2681 1503 2727; x_wconf 83' lang='lat' dir='ltr'><strong>exposita</strong></span> <span class='ocrx_word' id='word_1_403' title='bbox 1524 2681 1694 2716; x_wconf 87' lang='lat' dir='ltr'><strong>iacebant.</strong></span> 
     </span>
     <span class='ocr_line' id='line_1_44' title="bbox 230 2726 1695 2774; baseline -0.001 -12"><span class='ocrx_word' id='word_1_404' title='bbox 230 2729 468 2774; x_wconf 85' lang='lat' dir='ltr'><strong>longinquiora</strong></span> <span class='ocrx_word' id='word_1_405' title='bbox 501 2728 598 2762; x_wconf 90' lang='lat' dir='ltr'><strong>modo</strong></span> <span class='ocrx_word' id='word_1_406' title='bbox 632 2727 798 2773; x_wconf 87' lang='lat' dir='ltr'><strong>quaedam</strong></span> <span class='ocrx_word' id='word_1_407' title='bbox 832 2728 959 2762; x_wconf 86' lang='lat' dir='ltr'><strong>circum</strong></span> <span class='ocrx_word' id='word_1_408' title='bbox 981 2727 1154 2771; x_wconf 83' lang='lat' dir='ltr'><strong>Achyraos</strong></span> <span class='ocrx_word' id='word_1_409' title='bbox 1178 2732 1214 2761; x_wconf 89' lang='lat' dir='ltr'><strong>et</strong></span> <span class='ocrx_word' id='word_1_410' title='bbox 1236 2726 1397 2771; x_wconf 83' lang='lat' dir='ltr'><strong>Cyzicum</strong></span> <span class='ocrx_word' id='word_1_411' title='bbox 1422 2739 1464 2762; x_wconf 91' lang='lat' dir='ltr'><strong>ac</strong></span> <span class='ocrx_word' id='word_1_412' title='bbox 1490 2727 1600 2772; x_wconf 88' lang='lat' dir='ltr'><strong>Pegas</strong></span> <span class='ocrx_word' id='word_1_413' title='bbox 1621 2727 1695 2761; x_wconf 92' lang='lat' dir='ltr'><strong>Lo-</strong></span> 
     </span>
     <span class='ocr_line' id='line_1_45' title="bbox 232 2772 1694 2821; baseline -0.002 -12"><span class='ocrx_word' id='word_1_414' title='bbox 232 2775 476 2821; x_wconf 85' lang='lat' dir='ltr'><strong>phadiumque,</strong></span> <span class='ocrx_word' id='word_1_415' title='bbox 503 2774 626 2819; x_wconf 80' lang='lat' dir='ltr'><strong>exiguo</strong></span> <span class='ocrx_word' id='word_1_416' title='bbox 650 2786 671 2808; x_wconf 90' lang='lat' dir='ltr'><strong>a</strong></span> <span class='ocrx_word' id='word_1_417' title='bbox 693 2773 779 2808; x_wconf 87' lang='lat' dir='ltr'><strong>mari</strong></span> <span class='ocrx_word' id='word_1_418' title='bbox 801 2773 1000 2815; x_wconf 84' lang='lat' dir='ltr'><strong>intervallo,</strong></span> <span class='ocrx_word' id='word_1_419' title='bbox 1021 2773 1131 2808; x_wconf 85' lang='lat' dir='ltr'><strong>libera</strong></span> <span class='ocrx_word' id='word_1_420' title='bbox 1151 2776 1361 2818; x_wconf 86' lang='lat' dir='ltr'><strong>supererant.</strong></span> <span class='ocrx_word' id='word_1_421' title='bbox 1407 2773 1538 2808; x_wconf 81' lang='lat' dir='ltr'><strong>Prusae</strong></span> <span class='ocrx_word' id='word_1_422' title='bbox 1559 2772 1694 2818; x_wconf 83' lang='lat' dir='ltr'><strong>quidem</strong></span> 
     </span>
     <span class='ocr_line' id='line_1_46' title="bbox 232 2817 1694 2867; baseline -0.001 -12"><span class='ocrx_word' id='word_1_423' title='bbox 232 2833 274 2856; x_wconf 84' lang='lat' dir='ltr'><strong>ac</strong></span> <span class='ocrx_word' id='word_1_424' title='bbox 298 2822 450 2858; x_wconf 79' lang='lat' dir='ltr'><strong>Nicaeae</strong></span> <span class='ocrx_word' id='word_1_425' title='bbox 473 2820 598 2856; x_wconf 88' lang='lat' dir='ltr'><strong>bellum</strong></span> <span class='ocrx_word' id='word_1_426' title='bbox 630 2823 666 2855; x_wconf 85' lang='lat' dir='ltr'><strong>et</strong></span> <span class='ocrx_word' id='word_1_427' title='bbox 695 2819 809 2855; x_wconf 81' lang='lat' dir='ltr'><strong>clades</strong></span> <span class='ocrx_word' id='word_1_428' title='bbox 842 2821 905 2855; x_wconf 80' lang='lat' dir='ltr'><strong>sub</strong></span> <span class='ocrx_word' id='word_1_429' title='bbox 928 2820 1020 2867; x_wconf 79' lang='lat' dir='ltr'><strong>ipsas</strong></span> <span class='ocrx_word' id='word_1_430' title='bbox 1051 2819 1208 2855; x_wconf 86' lang='lat' dir='ltr'><strong>admotae</strong></span> <span class='ocrx_word' id='word_1_431' title='bbox 1238 2822 1356 2865; x_wconf 77' lang='lat' dir='ltr'><strong>portas</strong></span> <span class='ocrx_word' id='word_1_432' title='bbox 1387 2823 1505 2866; x_wconf 82' lang='lat' dir='ltr'><strong>erant,</strong></span> <span class='ocrx_word' id='word_1_433' title='bbox 1542 2817 1694 2854; x_wconf 76' lang='lat' dir='ltr'><strong>omnibus</strong></span> 
     </span>
    </p>
   </div>
  </div>
 </body>
</html>
