1858 3126
574 154 679 199 LIB.
710 154 746 200 1.
811 151 1168 197 GLOSSARIUM.
1478 151 1583 199 671

151 262 325 316 opio-tos
343 261 595 313 dignitatem,
621 267 892 314 praeterquam
913 261 1089 300 indicant
1111 274 1210 312 qnae
1235 260 1332 300 alias
1350 259 1486 299 notavi
1503 259 1590 299 Ob·-

152 318 437 359 mationibus
456 319 537 358 vol.
558 318 578 356 1
599 332 640 370 p.
658 321 754 366 638,
774 318 888 356 etiam
908 317 1075 355 adstruit
1091 317 1230 354 codini
1246 317 1355 356 locus
1373 316 1422 354 de
1437 316 1589 355 Officiis

154 386 192 415 e.
212 378 235 416 1
264 373 308 412 in
334 380 448 412 sexta
464 374 652 420 Peneide,
680 374 748 412 ubi
771 386 887 424 agens
908 372 958 410 de
982 372 1292 411 ordinationibus
1318 372 1590 424 episcoporum

153 429 281 468 solitis
306 442 327 467 a
347 428 573 481 patriarcha
593 429 778 468 celebrari
802 427 870 482 (id
888 429 991 466 enim
1011 428 1188 466 indicant
1213 428 1279 466 illa
1299 428 1382 466 eius
1398 427 1515 466 verba
1532 427 1591 477 εἰς

93 476 101 481 ’
152 482 225 532 talc
243 485 495 536 χειροτονίας,
518 484 752 536 explicantia
773 484 868 536 quid
888 483 1039 535 primus
1059 489 1098 522 et
1112 484 1305 522 secundus
1325 484 1475 522 ostiarii
1492 497 1592 535 pro-

154 540 235 593 prii
252 540 326 578 sibi
345 539 508 605 quisque
525 540 729 578 ministerii
749 545 897 590 gereret
915 539 958 577 in
977 552 1021 578 ea
1040 540 1281 589 ceremonia)
1307 539 1367 577 sic
1387 538 1543 577 scribit:
1571 538 1594 580 6

152 597 312 648 πρῶτος
332 591 534 647 dampnos-
560 598 715 648 κρατεῖν
738 593 809 643 ταὶς
826 590 958 647 θύρας
975 622 988 634 .
1008 623 1019 633 .
1038 621 1051 634 .
1070 622 1082 633 .
1112 593 1136 636 ὁ
1156 592 1338 647 δεύτερος
1362 597 1521 646 κρατῶν
1543 592 1589 636 ‘td

152 648 478 704 μονοβᾶμβυλονε
497 651 645 703 primus
659 650 844 689 videlicet
862 650 1044 689 ostiarius
1060 650 1220 688 interim
1240 650 1333 688 dum
1354 649 1591 702 patriarcha,

154 711 226 744 aut
241 706 308 744 alii
325 706 405 744 eius
424 719 610 745 concessu
626 706 818 758 episcopi,
845 719 992 745 novum
1015 706 1244 758 episcopum
1261 706 1364 744 intra
1389 706 1592 758 presbyte-

153 762 259 801 rium
275 761 360 800 sive
374 763 485 814 βῆμα
508 767 801 810 consecrarent,
829 762 933 800 sores
950 762 1077 800 soleae
1091 775 1211 800 manu
1231 762 1411 811 tenebat,
1438 767 1485 799 ut
1509 768 1592 799 sta-

153 817 228 855 tim
257 829 322 855 eas
346 817 535 870 panderet
555 825 673 869 atque
701 819 872 869 perfecta
900 819 1009 856 intus
1034 817 1157 855 solitis
1179 817 1319 855 ritibus
1345 817 1592 868 inauguratio

154 872 308 913 suisset.
362 878 458 911 tunc
477 873 578 911 enim
601 872 766 925 produci
793 886 919 911 novus
941 873 1099 910 antistes
1118 879 1156 912 et
1176 873 1328 911 ostendi
1347 873 1497 924 populo
1517 873 1590 911 de-

147 927 282 966 bebat.
337 928 427 979 quia
447 941 541 967 vero
565 929 722 980 prodire
739 929 772 966 is
787 928 936 966 bemate
954 928 1118 967 debebat
1139 929 1298 980 praevia
1322 929 1513 980 lampade,
1539 928 1591 966 ad

154 982 258 1022 hanc
270 982 331 1021 illi
347 984 640 1035 praeferendam
656 984 847 1022 secundus
864 984 1047 1023 ostiarius
1067 985 1266 1023 accinctus
1280 985 1419 1034 stabat,
1433 987 1590 1037 κρατεῖν

152 1035 198 1080 τὸ
217 1034 499 1091 μονάμπουλον
518 1040 580 1078 vel
598 1045 643 1078 ut
657 1040 732 1078 alia
754 1046 811 1078 est
828 1040 958 1088 lectio,
983 1037 1029 1081 ‘to'
1049 1037 1367 1093 μονοβᾶμβυλον,
1390 1053 1508 1079 manu
1526 1046 1587 1079 te·
1610 1040 1639 1075 P
1661 1041 1723 1076 471

149 1106 252 1132 :nens
271 1100 467 1144 gestamen
486 1095 549 1134 cui
567 1101 650 1134 erat
669 1095 814 1134 inserta
830 1096 980 1148 lampas
999 1109 1089 1134 una.
1145 1110 1236 1134 nam
1257 1093 1539 1148 μονᾶμπουλον
1565 1109 1588 1134 a

147 1145 254 1201 μόνη
269 1146 487 1200 ἅμπουλλα.
542 1151 637 1201 quid
658 1151 708 1189 sit
724 1156 855 1189 autem
877 1149 1081 1203 ὅμπουλλα
1098 1152 1241 1190 docent
1262 1152 1368 1190 Astii
1386 1151 1503 1190 verba
1519 1152 1589 1190 illa

151 1205 182 1243 l·
202 1209 252 1247 7:
289 1200 518 1256 ἔμπουλλαν
541 1205 703 1258 ὑελίνην
730 1203 884 1258 πλήσας
905 1207 1039 1248 ἐλαίου
1064 1209 1288 1259 ampullam
1318 1208 1485 1245 vitream
1517 1208 1589 1245 ubi

149 1259 359 1310 repleveris
381 1261 476 1299 oleo.
532 1267 590 1299 est
607 1275 698 1311 ergo
723 1259 929 1313 ἅμπουλλα
947 1264 1127 1313 lampas,
1154 1269 1194 1301 et
1219 1259 1501 1315 μονάμπουλον
1525 1264 1589 1302 in-

151 1321 413 1354 strumentum
440 1317 627 1368 portatile
661 1316 724 1354 cui
753 1324 850 1355 esset
883 1331 961 1356 una
986 1319 1136 1369 lampas
1165 1319 1303 1359 indita.
1358 1331 1496 1358 verum
1519 1319 1590 1356 ubi

155 1370 381 1422 patriarcha
420 1371 873 1422 constantinopolitanus
912 1373 1238 1424 inaugumbatur,
1284 1373 1380 1412 satis
1414 1374 1590 1426 prudens

154 1425 284 1476 quivis
306 1425 490 1476 intelligit
507 1427 648 1477 aliquid
668 1428 725 1464 illi
751 1428 951 1480 praecipui
971 1428 1132 1467 lionoris
1151 1443 1270 1481 supra
1294 1429 1497 1482 episcopos
1514 1429 1590 1468 ha-

153 1480 236 1519 beri
255 1480 447 1520 debuisse.
501 1482 686 1520 nimirum
710 1482 804 1522 huic
828 1484 1037 1534 prodeunti
1060 1485 1111 1523 ad
1129 1485 1319 1537 populum
1339 1498 1420 1523 non
1438 1482 1592 1537 μονάμ-

151 1538 305 1578 πουλον
327 1543 397 1575 aut
414 1534 719 1590 μονοβᾶμβυλον
737 1539 1037 1589 praeferebatur,
1066 1541 1134 1579 sed
1154 1541 1260 1591 quod
1278 1547 1414 1579 noster
1432 1540 1497 1579 hic
1516 1541 1589 1579 ‹lo-

154 1597 219 1630 cet
235 1596 375 1631 auctor
393 1589 674 1646 διβάμβουλον.
730 1594 779 1632 de
796 1594 872 1632 hoc
890 1595 1082 1634 vocabulo
1101 1597 1196 1647 quid
1213 1610 1287 1634 nos
1307 1596 1443 1634 doceat
1462 1596 1590 1635 Codi-

149 1659 242 1695 -nus,
269 1646 478 1686 videamus.
532 1649 567 1687 is
586 1649 756 1688 libro-de
775 1650 923 1688 Officiis
942 1665 978 1690 c.
1002 1655 1054 1693 10
1073 1652 1122 1690 de
1140 1653 1249 1691 sestis
1263 1681 1275 1700 ‚
1302 1652 1396 1690 dum
1416 1652 1590 1703 explicat

147 1702 353 1753 quomodo
370 1716 515 1756 pompa
533 1705 792 1744 instrueretur
805 1719 878 1758 qua
893 1706 1107 1758 imperator
1124 1708 1174 1746 ad
1189 1707 1462 1746 celebrandum
1478 1706 1588 1745 Chri-

153 1757 207 1796 sti
223 1758 352 1796 natale
369 1759 503 1798 venire
522 1760 752 1812 admittique
770 1762 813 1799 in
832 1762 1034 1800 ecclesiam
1052 1763 1212 1807 solebat,
1244 1762 1299 1800 ait
1315 1768 1495 1814 paratum
1514 1761 1589 1800 ad-

154 1812 300 1851 stitisse
337 1814 639 1866 lampadarium
666 1830 755 1855 cum
783 1816 1012 1855 dibambulo
1038 1832 1160 1856 aureo
1191 1819 1233 1856 in
1265 1830 1402 1857 manu.
1466 1816 1588 1857 verba

155 1873 250 1904 sunt
263 1868 419 1906 Codini:
445 1868 715 1922 λαμπαδᾶριος
730 1875 884 1923 κρατῶν
901 1871 946 1913 to*
966 1877 1138 1925 χρυσοῦν
1155 1870 1436 1924 διβάμβουλον.
1492 1872 1588 1923 quid

155 1920 212 1958 ita
230 1934 337 1970 vero,
357 1923 430 1960 nisi
449 1925 538 1974 quia
553 1924 658 1963 hunc
675 1927 825 1977 praeire
839 1928 1043 1979 oportebat
1060 1941 1289 1980 processuro
1307 1939 1378 1978 per
1394 1927 1587 1978 templum

156 1975 361 2026 Augusto?
391 1979 543 2027 quodsi,
563 1986 608 2017 ut
626 1981 808 2030 vidimus,
828 1981 1155 2034 μονοβοὶμβουλον
1171 1989 1366 2032 gestamen
1386 1988 1468 2020 erat
1485 1982 1587 2020 lam-

155 2032 296 2083 padem
316 2032 468 2071 unicam
486 2034 670 2072 insertam
690 2035 834 2075 habens
848 2067 862 2086 ‚
890 2038 986 2088 quid
1003 2043 1124 2075 restat
1147 2038 1223 2075 nisi
1249 2044 1294 2076 ut
1319 2034 1588 2090 διβοῖμβουλον

156 2086 417 2137 intelligamus
447 2095 515 2127 sut
538 2090 739 2127 &acernam
764 2091 882 2129 fuisse
910 2092 1150 2141 bilychnem,
1179 2093 1303 2144 qualis
1321 2093 1495 2131 meminit
1514 2094 1589 2132 Pe-

156 2142 314 2180 tronius
330 2142 373 2179 in
393 2155 519 2195 nuper
538 2144 643 2182 edito
661 2147 878 2194 fragmento
896 2148 1138 2197 Traguriensi
1149 2174 1162 2195 ‚
1192 2154 1259 2186 aut
1284 2148 1589 2188 instrumentum

157 2197 266 2235 aliud
294 2197 454 2236 bifidum
482 2199 524 2236 in
544 2199 696 2238 duobus
723 2200 817 2238 lu'nc
835 2201 929 2240 inde
954 2203 1148 2254 protensis
1170 2203 1287 2242 ramis
1305 2204 1472 2254 geminas
1490 2205 1589 2243 lam-

154 2251 277 2304 -pades
296 2253 473 2292 ardentes
491 2254 648 2293 liabens.
702 2269 794 2294 sane
813 2258 1140 2308 opportunissime
1158 2258 1208 2296 ad
1234 2257 1336 2297 hanc
1351 2273 1431 2298 rem
1451 2259 1588 2299 admo-

156 2313 227 2344 net
247 2307 420 2346 Balsamo
449 2309 699 2361 imperatori,
728 2312 886 2362 quando
914 2312 955 2350 in
982 2313 1291 2352 solemnitatibus
1317 2315 1519 2354 accedebat
1536 2315 1589 2355 ad

158 2363 381 2413 ecclesiam,
412 2364 607 2416 duplicem
626 2366 843 2417 lampadem
864 2368 1052 2418 praeferri
1073 2369 1340 2419 consuevisse5
1370 2370 1590 2410 ministrum

158 2429 314 2468 quoque
332 2425 558 2469 gestatorem
577 2421 658 2460 eius
677 2421 844 2473 duplicis
863 2423 1051 2476 lampadis
1072 2424 1373 2476 lampadarium
1397 2434 1592 2466 vocatum·

156 2471 279 2521 igitur
308 2474 416 2525 quod
435 2476 581 2514 Codino
613 2476 889 2515 dibambulum
911 2492 1077 2516 aureum
1104 2479 1271 2531 dicitur,
1299 2494 1368 2520 vas
1395 2487 1454 2520 est
1477 2483 1589 2526 iuxta

157 2525 426 2568 Balsamonem
453 2532 601 2582 gemina
628 2533 808 2584 lampade
829 2534 991 2584 insigne.
1049 2547 1169 2586 quare
1185 2535 1247 2574 liis
1267 2537 1489 2575 auctoribus
1507 2549 1590 2574 non

157 2593 252 2620 sane
274 2583 351 2622 iam
377 2586 588 2625 reformido
609 2588 699 2626 salsi
718 2588 842 2627 dicam
866 2589 1080 2641 impingere
1099 2590 1235 2630 Latino
1254 2591 1494 2642 Phrantzae,
1525 2589 1589 2629 di·

159 2634 348 2676 bumbula
367 2653 439 2691 per
457 2645 608 2680 atrium
634 2645 857 2696 exponenti.
913 2645 1061 2683 utinam
1082 2646 1195 2697 copia
1219 2646 1455 2699 inspiciendi
1476 2647 1591 2687 dare·

158 2694 226 2728 tur
253 2693 454 2746 archetypi
479 2705 700 2738 contextus.
756 2699 926 2751 quaesivi
958 2700 1029 2738 diu
1060 2706 1100 2739 et
1127 2701 1295 2751 solicite,
1330 2702 1399 2740 sed
1428 2702 1586 2741 fi-ustrn.

159 2745 312 2787 confido
330 2755 459 2790 tamen
479 2752 524 2791 in
535 2753 688 2794 *Graeca
699 2783 711 2804 ,
739 2756 772 2794 si
789 2755 942 2808 uspiam
961 2761 1081 2807 extet,
1108 2757 1285 2797 oratione
1302 2757 1454 2797 nullam
1469 2770 1586 2811 pror-
