1820 3112
385 163 463 207 DE
487 157 819 205 ANDRONICO
845 151 1220 201 PALAEoLoGo
1248 152 1296 195 L.
1321 151 1354 195 1.
1533 146 1600 194 45

135 285 264 324 λεται.
308 277 499 321 ἐντεῦθεν
518 275 666 322 ἐκεῖνος
680 269 1000 326 ἔκκεχωρημὲνον
1019 265 1123 323 ἔχων
1137 265 1207 310 διὰ
1226 267 1472 320 προτροπῶν
1490 263 1603 319 ἔνερ-

136 354 219 404 γεῖν
245 343 301 390 τά
328 346 368 389 οἱ
390 340 674 401 προσήκοντα,
707 339 780 383 τὸν
802 343 876 382 τοῦ
899 337 1110 389 Ἀκακίου,
1145 334 1299 390 ἀνδρὸς
1318 332 1519 387 εὗλαβοῦς
1533 332 1604 374 καὶ

136 415 190 459 τὰ
222 414 355 458 πολλὰ
383 408 732 466 συντετηρημένου
754 409 821 450 καὶ
843 407 910 449 ἐπὶ
930 411 1017 455 τοῖς
1037 405 1144 459 χθές
1162 407 1386 460 πραχθεῖσι
1405 399 1605 451 δόξαντος

137 483 479 541 ἀμφιγνωμονεῖν,
510 476 709 533 μαθητὴν
727 479 768 519 Γ
765 470 952 531 ερμανόν,
988 472 1143 527 εὐλαβῆ
1161 487 1206 527 γε
1222 470 1407 514 κάκεῖνον
1428 471 1470 519 ἐς
1491 467 1601 511 ἅπαν
1625 475 1655 509 Ρ
1678 475 1725 509 26

104 561 127 596 5
141 553 207 594 καὶ
237 551 285 594 τὸ
317 546 426 604 ἦθος
454 545 647 591 ἆπλοΐκόν
671 542 728 594 ὥς
752 545 819 586 καὶ
841 543 884 586 ἓν
906 546 1193 595 πνευματικοῖς
1214 539 1423 593 ταχθέντα
1444 542 1503 595 τῷ
1522 554 1605 579 πα-

137 615 472 676 τριαρχεῦσαντι,
507 613 595 669 ἅμα
622 613 706 668 μὲν
727 611 802 655 σὺν
833 615 891 670 τῷ
925 607 1114 663 Κοζῦλης
1139 605 1343 664 πρόεδρον
1361 605 1606 662 Ἡρακλείας

138 691 214 743 τῆς
239 686 344 730 κατὰ
375 681 545 744 Θρᾴκην
570 683 639 725 καὶ
657 679 945 736 χειροτονητὴν
964 677 1115 720 ἑαυτοῦ
1136 678 1387 732 ψηφίζονται
1399 708 1413 727 ,
1451 674 1540 729 ἅμα
1560 674 1606 716 δὲ

138 760 198 814 τῷ
221 751 426 812 ἔπισκόπῳ
456 750 752 809 προτρέπεται,
782 747 893 792 οὕτω
922 751 996 790 τοῦ
1027 750 1172 802 καιροῦ
1202 742 1508 798 σχεδιάζοντος,
1547 743 1606 791 εἷς

136 823 441 879 μητροπολίτην
459 825 723 876 χειροτονεῖν·
748 819 814 860 καὶ
832 815 852 859 ὖ
874 820 948 871 τῆς
966 819 1145 864 παλαιᾶς
1161 810 1338 869 Εἰρήνης
1355 817 1470 861 θεῖος
1486 808 1599 863 ναός,
1626 816 1656 850 Β

84 897 129 933 10
140 892 273 934 πολλὰ
298 889 656 942 καταπλυνθείσης
686 883 887 942 πρότερον
909 889 983 939 τῆς
1004 883 1115 939 ἱερᾶς
1133 883 1200 924 καὶ
1224 885 1426 936 μυστικῆς
1451 879 1607 935 τραπέ-

139 962 210 1015 ζης
239 960 312 1002 καί
336 975 442 1002 τισιν
474 955 740 1013 ἆγιασθείσης
772 953 929 1007 εῧχαῖς,
967 951 1041 1006 τὴν
1062 951 1212 994 ἐκείνου
1235 948 1314 992 εἶδε
1333 950 1606 1006 χειροτονίαν.

138 1027 267 1078 αὐτὸς
284 1027 327 1070 δ’
348 1021 475 1075 αὖθις
494 1024 673 1073 κάκεῖνος
701 1026 867 1077 πρῶτον
894 1021 970 1076 μὲν
992 1020 1123 1076 ἱερέα,
1159 1017 1247 1062 εἶτα
1266 1019 1313 1061 δὲ
1327 1017 1404 1061 κοῖν
1422 1022 1473 1074 τῇ
1494 1021 1605 1071 λαμ·

138 1100 225 1156 πρᾷ
259 1093 381 1152 ἕορτῇ
413 1097 498 1137 τῶν
523 1095 655 1146 βαΐων
687 1089 875 1146 ἀρχιερέα
906 1088 979 1132 τὸν
1007 1085 1263 1144 πατριάρχην
1284 1091 1603 1143 χειροτονοῦσιν.

139 1163 189 1206 οὔ
202 1170 339 1221 χεῖρον
360 1162 407 1205 δὲ
424 1161 550 1218 μικρὰ
570 1161 636 1202 καὶ
655 1162 746 1216 περὶ
767 1163 839 1213 τῆς
853 1158 1106 1213 χειροτονίας
1124 1159 1347 1209 διαλαβεῖν.

84 1234 129 1270 15
283 1231 358 1277 15.
417 1230 612 1286 Ἣγνιστο
637 1229 712 1282 μὲν
739 1227 876 1281 εὐχαῖς
902 1243 946 1269 τε
973 1226 1040 1268 καὶ
1069 1222 1318 1280 ἇγιάσμασιν
1344 1221 1369 1278 ἧ
1397 1226 1473 1277 τῆς
1489 1221 1600 1277 μεγί-
1623 1231 1654 1266 Δ

140 1316 241 1355 στης
261 1298 475 1354 ἐκκλησίας
497 1298 584 1354 ἱερὰ
604 1294 806 1353 τράπεζα,
842 1292 1066 1350 συνήγοντο
1092 1294 1138 1335 δὲ
1164 1295 1255 1347 περὶ
1276 1291 1348 1335 τὸν
1365 1307 1605 1348 χειροτονη-

139 1364 374 1423 θησὸμενον
402 1367 448 1410 οἳ
473 1365 525 1420 δὴ
556 1366 623 1408 καὶ
653 1369 736 1408 τῶν
758 1362 1003 1418 σχιζομένων
1030 1361 1389 1416 συγκατεκλίνοντο
1402 1390 1417 1412 ,
1455 1358 1604 1414 ἄνδρες

138 1435 244 1493 πρὸς
265 1436 340 1490 μὲν
364 1434 419 1478 τὰ
450 1431 671 1488 τελούμενα
698 1432 900 1486 ἀμαθεῖς,
938 1429 1131 1481 δόξαντες
1151 1430 1197 1472 δὲ
1217 1433 1276 1488 τῷ
1298 1426 1405 1486 ζήλῳ
1425 1443 1602 1484 προστε-
1624 1430 1654 1466 P
1675 1432 1721 1466 27

139 1503 316 1561 τηκέναι.
385 1499 612 1561 μαρτύριον
632 1502 678 1545 δέ
694 1501 742 1546 τὸ
757 1499 863 1557 μηδ’
885 1499 1031 1543 εἶδέναι
1049 1497 1154 1554 μηδ’
1179 1496 1285 1548 ὅλως
1301 1495 1361 1552 μὴ
1379 1494 1443 1539 ὅτι
1459 1512 1503 1551 γε
1517 1512 1606 1550 χει-

140 1703 293 1740 sionibus
313 1701 471 1738 inductus
493 1705 623 1736 eertum
644 1712 687 1736 ac
708 1699 810 1747 plane
833 1699 1054 1735 constitutum
1074 1698 1220 1733 baberet
1240 1708 1308 1733 non
1329 1695 1432 1732 alium
1446 1696 1610 1731 adhibere

141 1750 188 1784 ad
212 1748 265 1784 sui
286 1748 572 1783 consecrationem
595 1758 695 1793 quam
718 1758 794 1780 eum
816 1745 861 1781 de
881 1757 950 1791 quo
971 1745 1063 1780 inter
1085 1755 1200 1779 omnes
1223 1747 1396 1778 constaret
1409 1743 1510 1786 longe
1524 1743 1609 1776 alie-

139 1805 220 1830 num
252 1805 331 1830 esse
360 1795 405 1829 ab
430 1795 520 1830 omni
550 1793 664 1839 specie
688 1791 834 1838 piaculi,
867 1791 969 1837 quale
999 1791 1155 1837 plerique
1184 1790 1376 1824 antistitum
1399 1788 1610 1822 contraxisse

140 1841 266 1876 mutuis
306 1840 523 1886 flagrantium
563 1838 749 1874 tactionum
782 1837 1085 1873 insimulationibus
1124 1836 1368 1881 culpabantur,
1409 1833 1610 1878 discipulum

144 1887 374 1929 Germanum,
406 1886 510 1920 filium
534 1884 652 1920 Aeacii
673 1884 739 1918 viri
761 1883 811 1929 pii
834 1888 871 1918 et
891 1884 996 1917 valde
1018 1881 1274 1927 circumspecti,
1299 1880 1359 1926 qui
1380 1891 1419 1913 se
1440 1879 1474 1912 in
1497 1879 1610 1924 palam

142 1943 252 1977 nuper
274 1932 363 1966 actis
385 1933 483 1978 quasi
506 1936 661 1966 neutrum
684 1931 871 1970 babuerat,
907 1939 1078 1963 assensum
1101 1929 1137 1962 in
1162 1931 1293 1972 partem
1314 1924 1482 1958 utramvis
1503 1925 1610 1958 susti-

141 1988 225 2012 neus
258 1981 295 2011 et
321 1977 478 2023 utrique,
512 1982 674 2023 quantum
703 1976 879 2009 dumtaxat
911 1975 999 2008 satis
1029 1979 1106 2008 erat
1127 1973 1171 2007 ad
1195 1970 1438 2013 securitatem,
1473 1971 1609 2012 favens,

141 2023 232 2057 huuc
253 2034 389 2068 quoque
410 2023 520 2076 ipsum
542 2023 647 2056 multa
669 2021 843 2066 religionis
866 2019 1115 2054 existimatione
1129 2017 1405 2057 commendatum,
1426 2018 1609 2060 praeterea.

141 2067 195 2103 ita
226 2068 375 2102 moribus
408 2068 592 2113 simplicem
613 2072 653 2102 ut
679 2078 754 2101 eum
776 2067 835 2101 ille
856 2066 914 2111 qui
937 2065 1203 2111 patriarchatum
1226 2073 1336 2107 nuper
1356 2064 1513 2106 gesserat
1534 2061 1608 2104 spi-

142 2113 324 2148 ritualibus
354 2113 604 2155 acoeusuisset,
636 2113 746 2154 bunc,
778 2112 934 2157 inquam,
964 2110 1063 2155 quasi
1095 2109 1139 2143 de
1168 2120 1236 2154 quo
1267 2107 1359 2142 nulla
1388 2118 1467 2141 esse
1487 2110 1607 2151 posset

143 2158 341 2205 cuiusquam
374 2158 563 2204 plausibilis
593 2158 767 2203 exceptio,
796 2157 834 2191 in
864 2156 918 2190 sui
947 2155 1174 2190 ordinatorem
1204 2153 1442 2199 praeparavit,
1474 2152 1607 2195 eligens

143 2215 240 2249 eum,
270 2204 483 2249 suffragante
503 2203 537 2237 iu
560 2203 595 2238 id
619 2203 750 2248 pariter
772 2202 965 2245 Cozyleno,
995 2201 1031 2234 in
1062 2199 1252 2245 praesulem
1279 2199 1468 2233 Heracleae
1491 2199 1608 2232 'l'hra-

142 2250 228 2285 ciae-
271 2253 353 2295 post
384 2249 475 2296 quod
510 2248 670 2294 episcopo
698 2246 871 2282 mandavit
890 2252 932 2280 ut
954 2257 1030 2280 eum
1060 2243 1251 2281 confestim·
1275 2247 1361 2287 (res
1384 2244 1469 2278 euim
1494 2254 1608 2277 moras

142 2307 211 2330 non
227 2296 387 2341 ferebat)
409 2294 447 2330 in
468 2307 542 2329 eam
564 2294 678 2329 sedem
701 2294 768 2327 rite
788 2292 1034 2338 metropolitam
1055 2292 1239 2326 ordinaret.
1284 2290 1342 2325 isti
1362 2289 1524 2325 functioni
1544 2289 1608 2323 de-

141 2341 268 2376 lectum
290 2346 344 2375 est
365 2341 528 2386 autiquae
552 2341 671 2376 Irenes
691 2339 841 2374 divinum
862 2337 1033 2383 templum,
1055 2338 1151 2372 cuius
1165 2347 1265 2371 sacra
1279 2340 1316 2370 et
1331 2335 1475 2380 mystica
1489 2345 1607 2368 mensa

143 2386 256 2422 multis
303 2387 373 2421 rius
395 2386 653 2432 purgationibus
674 2385 811 2430 expiata
832 2387 870 2418 et
892 2383 995 2418 certis
1023 2383 1238 2418 sanctificata
1258 2381 1417 2426 precibus
1441 2379 1607 2415 Germani

142 2431 220 2466 novi
284 2432 486 2467 aracleensis
519 2431 814 2477 inaugurationem
840 2429 940 2464 vidit.
984 2428 1042 2463 bic
1074 2440 1178 2475 porro
1203 2426 1351 2462 vicissim
1380 2430 1607 2472 promotorem

142 2488 238 2512 suum
263 2477 427 2522 Cyprium
449 2477 591 2524 primum
615 2477 748 2523 quidem
770 2476 960 2510 sacerdotio
982 2475 1150 2516 initiavit,
1180 2473 1302 2507 deiude
1322 2473 1360 2506 in
1382 2471 1508 2506 celebri
1529 2470 1608 2517 pal-

142 2534 271 2558 marum
301 2524 414 2565 sesto,
448 2529 655 2569 cooperante
688 2522 842 2557 antistite
874 2521 1040 2565 Comes,
1073 2519 1301 2564 patriarcham
1332 2517 1516 2552 ordinarit.
1562 2515 1607 2549 de

144 2579 214 2614 qua
235 2568 446 2602 ordinatione
468 2580 534 2603 non
557 2569 623 2603 erit
645 2569 707 2603 abs
729 2579 768 2602 re
789 2567 956 2613 quaedam
978 2567 1034 2600 hic
1057 2565 1249 2600 distinctius
1272 2565 1414 2599 referre.

239 2614 294 2648 15.
339 2614 504 2649 Lustrata
534 2615 678 2660 primum
708 2619 763 2648 est
791 2613 950 2658 precibus
979 2614 1017 2646 et
1047 2611 1277 2657 piacularibus
1310 2609 1435 2643 ritibus
1470 2605 1604 2640 maximi

147 2659 264 2704 templi
297 2670 394 2694 sacra
425 2671 552 2694 mensa.
599 2659 795 2704 congregati
817 2658 938 2693 deinde
960 2661 1040 2692 sunt
1062 2657 1154 2691 circa
1176 2656 1388 2700 designatum
1411 2652 1606 2698 pontificem

146 2703 434 2740 schismaticorum
463 2705 598 2740 sodales
611 2731 621 2748 ‚
657 2705 723 2740 viri
744 2715 916 2739 sacrorum
940 2703 1063 2738 rituum
1084 2702 1205 2742 rudes,
1239 2701 1298 2746 qui
1318 2699 1382 2733 sibi
1403 2698 1478 2732 vice
1501 2697 1606 2730 omnis

147 2750 411 2784 ceremoniarum
434 2751 579 2796 peritiae
600 2751 760 2785 sufficere
787 2754 969 2794 putarent,
1002 2760 1069 2794 quo
1091 2747 1146 2782 uri
1168 2759 1210 2781 ac
1231 2745 1331 2791 quasi
1353 2744 1530 2778 tabescere
1551 2743 1605 2776 vi-

147 2793 333 2837 debffltffl',
361 2795 481 2832 zelum·
524 2798 724 2834 documento
745 2796 830 2840 t'uit,
858 2795 950 2842 quod
970 2791 1235 2830 consecrationis
1255 2788 1480 2837 pontificalis,
1504 2798 1604 2834 quam
