1774 3120
630 144 949 192 PRAEFATIO.
1467 163 1514 191 rx

67 262 235 316 artavit,
275 261 576 306 Ottomanicam
613 260 816 315 adaugens
850 260 1031 304 dilatavit
1067 260 1275 305 ditionem.
1339 276 1393 304 ex
1432 263 1509 305 hoc

67 331 305 374 Baiazethes
338 338 456 373 natus
493 329 745 371 Thessaliam
778 329 1056 372 Macedoniam
1090 330 1309 374 Phocidem
1335 331 1506 374 Atticam

67 398 246 454 Mysiam
280 406 322 442 et
356 399 584 452 Bulgariam
612 397 772 440 Graecis
808 398 964 455 eripuit.
1031 399 1128 440 vicit
1155 408 1195 441 et
1226 401 1391 442 abduxit
1419 400 1504 442 Ta-

67 469 267 510 merlanes
292 466 572 519 Baiazethem‚
613 469 687 508 sub
717 466 827 508 cuius
859 466 976 518 filiis,
1020 465 1241 520 solymane
1269 469 1385 510 Musa
1414 469 1506 511 Ma-

66 537 230 578 humeto
264 534 299 588 1,
326 537 467 579 breves
501 536 612 578 velut
641 533 824 576 induciae
849 535 1048 576 malorum
1074 534 1324 589 Byzantinos
1350 552 1504 579 recrea-

66 611 179 655 runt,
212 610 446 661 expectante
474 601 552 644 deo
578 616 630 644 an
658 603 947 660 resipiscerent.
1014 602 1086 644 sed
1113 605 1330 646 schismate
1356 606 1438 646 illic
1464 615 1504 648 et

27 665 31 668 ’
65 671 224 712 haeresi
265 671 607 728 perseverantibus
646 685 777 715 novus
826 672 932 712 ultor
968 672 1172 713 extu-rexit
1205 673 1414 715 Amarates
1448 674 1502 728 H,

65 737 308 781 Mahometis
341 739 464 796 primi
494 740 600 781 filius
619 771 632 792 ,
673 738 837 781 secundi
878 747 1004 796 pater.
1069 740 1135 781 hic
1171 740 1503 785 Thessalonicam

66 808 207 849 urbem
240 808 465 849 maximam
499 807 770 864 expugnavit,
817 807 1053 862 Hungaricis
1090 807 1255 852 Ioannis
1291 810 1502 864 Huniadis,

63 873 322 932 Epir-ensibus
354 875 619 930 Scanderbegi
668 875 934 928 successibus,
973 876 1189 920 retardatus
1218 893 1242 919 a
1271 878 1502 921 Constanti-

63 943 297 999 napolitano
331 943 510 985 funditus
534 944 706 998 imperio
734 942 916 985 delendo.
984 944 1147 987 iuterim
1176 946 1286 988 enim
1322 949 1500 989 clemen-

61 1009 240 1053 tissimus
284 1011 472 1050 dominus
518 1009 705 1051 ultimum
751 1013 864 1053 velut
916 1013 1089 1069 experiri
1139 1023 1325 1056 conatum
1370 1017 1501 1058 voluit

63 1075 236 1119 Graecos
271 1075 506 1118 restituendi
537 1078 753 1120 catholicae
784 1081 1059 1122 communioni
1096 1095 1142 1123 ac
1178 1083 1296 1135 fidei,
1331 1098 1499 1138 congre-

59 1150 152 1198 gata
183 1143 284 1185 circa
321 1143 470 1187 Christi
503 1159 654 1187 annum
687 1143 816 1191 1440
842 1162 952 1189 sacra
979 1151 1235 1192 oecumenica
1269 1151 1499 1195 Florentiua

59 1210 241 1266 synodo,
284 1211 328 1254 in
362 1226 441 1269 qua
477 1228 585 1257 nova
620 1215 807 1257 ecclesiae
845 1215 1019 1259 Graecae
1045 1233 1136 1260 cum
1166 1219 1305 1260 Latina
1334 1221 1498 1263 tandem

58 1286 123 1322 eet
138 1279 362 1322 conciliatio
388 1281 552 1323 sancita.
617 1297 758 1325 verum
786 1292 828 1325 et
845 1286 894 1326 ab
913 1285 987 1325 hac
1004 1301 1138 1329 rursus
1167 1289 1366 1346 plerisque
1380 1291 1497 1347 ipso-

57 1361 150 1389 rum
185 1348 476 1402 resilientibus,
504 1349 757 1393 Mahometes
781 1351 835 1404 11,
862 1352 1063 1396 Amuratis
1091 1356 1256 1397 secundi
1293 1372 1498 1401 successor

58 1420 100 1456 et
129 1414 255 1468 filius,
288 1415 678 1476 Constantinopolim
707 1420 751 1462 vi
784 1421 892 1477 cepit
915 1435 1021 1463 anno
1059 1422 1153 1466 Chr.
1186 1422 1313 1469 1453
1358 1435 1398 1468 et
1426 1443 1496 1469 ur-

55 1481 121 1524 bis
146 1493 398 1541 expugnatae
420 1485 547 1527 ruinis
574 1489 715 1528 obruto
744 1487 1005 1532 Constantino
1036 1491 1278 1550 imperatore
1304 1495 1390 1536 eius
1418 1511 1498 1538 no-

54 1550 178 1593 minis
222 1560 364 1596 octavo
384 1584 396 1606 ,
437 1553 768 1609 Palaeologorum
811 1556 1029 1599 Andronici
1074 1570 1325 1617 posterorum
1354 1563 1496 1607 ordine

54 1626 195 1672 sexto,
229 1629 338 1662 sorte
364 1621 530 1674 ultimo,
573 1623 788 1681 imperium
818 1625 1023 1668 Orientale
1049 1630 1248 1684 abolevit,
1282 1633 1498 1676 manifeste

54 1688 160 1729 ultus
194 1688 406 1731 rescissam
431 1704 456 1731 a
483 1688 647 1734 Graecis
681 1693 897 1734 secundam
932 1710 1024 1737 cum
1061 1697 1216 1741 Latinis
1255 1702 1493 1743 conventio-

54 1768 150 1796 nem
180 1757 337 1812 publice
369 1757 510 1800 initam
549 1759 796 1814 Florentiae,
833 1762 933 1803 sicut
965 1763 1016 1805 ad
1050 1765 1194 1823 prioris
1230 1767 1492 1812 violationem

53 1821 98 1863 in
124 1822 381 1877 Lugdunensi
405 1827 574 1869 coalitae
602 1829 770 1870 concilio
802 1830 1083 1875 vindicandam
1112 1836 1307 1877 excitatus
1344 1837 1492 1879 divini-

50 1896 117 1932 tus
143 1892 271 1934 fuerat
296 1893 341 1934 in
368 1894 567 1938 maiorum
597 1896 684 1939 eius
719 1898 823 1940 serie
854 1900 1040 1943 continua
1066 1910 1172 1945 retro
1198 1911 1338 1945 sextus
1366 1898 1492 1948 Otto-⁷-

51 1970 206 2004 manae.

183 2027 241 2070 V.
306 2029 434 2074 Huius
463 2033 552 2074 orbi
576 2034 766 2078 universo
791 2037 1111 2079 luctuosissimae
1135 2039 1363 2093 tragoediae
1398 2043 1486 2099 pri-

50 2105 144 2135 mus
169 2102 278 2138 actus
301 2096 547 2153 Pachymere
571 2101 737 2145 docente
766 2104 810 2144 in
845 2106 943 2157 hac,
986 2107 1097 2147 cuius
1129 2107 1254 2150 modo
1292 2110 1485 2166 siparium

49 2159 296 2214 reducimus,
342 2178 460 2206 scena
476 2170 585 2209 velut
614 2171 787 2226 quadam
804 2171 963 2214 luditur.
1032 2188 1229 2231 nusquam
1246 2178 1342 2219 alibi
1371 2179 1484 2234 prin-

49 2227 200 2285 cipatus
236 2231 352 2273 istius
388 2233 529 2289 κυρΙας
565 2232 701 2291 δόξας,
729 2247 845 2291 vota,
882 2254 992 2294 orsa,
1026 2241 1243 2298 destinata,
1277 2247 1484 2288 machina-

47 2304 275 2340 mentorum
312 2300 495 2357 obliquos
525 2303 674 2358 flexus,
706 2308 864 2349 sucosas
900 2310 1054 2366 species
1087 2313 1340 2366 obtentuum,
1369 2324 1482 2356 astu-

46 2369 177 2406 tarum
209 2379 350 2408 arcana
385 2370 638 2414 molitionum
652 2404 663 2425 ,
705 2377 817 2418 vafra
854 2376 1075 2435 eademque
1113 2394 1222 2422 cassa
1248 2384 1483 2440 plerumque

47 2444 230 2474 successu
279 2437 423 2479 artium
468 2439 747 2484 illaudatamm
789 2451 1034 2488 tentamenta
1069 2450 1244 2505 reperias
1285 2450 1480 2508 descripta

47 2498 212 2542 candide
231 2533 243 2554 ,
275 2507 467 2558 patefacta
486 2507 716 2566 simpliciter
740 2526 765 2552 a
793 2513 952 2554 conscio
981 2523 1022 2556 et
1051 2524 1228 2572 autopta.
1298 2533 1479 2562 summos

45 2566 168 2608 modo
203 2569 346 2612 harum
370 2573 501 2630 apices
527 2591 659 2619 rerum
688 2583 900 2636 pervolans
926 2582 1081 2636 stringit
1108 2583 1324 2639 Gregoras,
1352 2603 1478 2639 nnus,

44 2633 151 2688 quod
186 2637 329 2691 sciam,
371 2642 472 2684 alius
500 2642 742 2688 Graecorum
779 2656 938 2707 tempus
975 2651 1083 2692 istud
1119 2660 1311 2707 tractans,
1344 2655 1478 2696 idem-

43 2713 120 2753 que
148 2717 233 2745 non
266 2708 448 2750 omnium
484 2710 686 2769 inspector
719 2730 930 2772 praesens,
972 2720 1120 2776 quippe
1155 2721 1288 2763 iunior
1316 2723 1474 2776 Pachy—

43 2778 175 2822 ΜΘΝ,
207 2786 280 2814 nec
309 2778 596 2836 comparandus
625 2783 717 2824 huic
756 2783 947 2839 dignitate
975 2795 1015 2829 et
1048 2789 1177 2846 impar
1205 2789 1374 2844 iudici03
1409 2806 1472 2833 m-
