1820 3112
203 165 268 215 64
619 163 856 208 GEORGII
893 160 1251 205 PACHYMERIS

205 281 270 324 λοὶ
288 274 611 336 προσκρούοντες
628 276 704 332 τὴν
723 271 918 330 ὁμόνοιαν
937 273 1241 328 ἀπαναίνοιντο,
1278 271 1483 330 εὔσχημον
1503 275 1669 327 δοκοῦν,

207 348 318 404 ὅμως
347 346 645 403 ἀμφοτέρωθεν
675 347 934 401 περιΐσταντο
967 345 1033 386 καὶ
1066 343 1291 399 ἐξέφευγον.
1363 340 1600 400 ὡμολόγουν
1627 343 1674 386 δὲ

206 417 305 466 τέως
325 416 396 459 τὸν
416 412 643 477 Γρηγόριον
662 411 918 469 πατριάρχην
931 427 941 437 ·
976 415 1099 455 τοῦτο
1120 411 1198 468 γὰρ
1227 407 1277 466 ἦν
1301 411 1438 470 ἐκείνῳ
1465 413 1532 454 καὶ
1562 411 1611 455 τὸ
1629 413 1674 455 ἐκ

155 486 187 522 D
211 489 252 528 Γ
249 486 414 540 εωργίου
440 482 662 538 μοναχικὸν
688 481 834 535 ὄνομα.
904 483 971 524 καὶ
1005 480 1134 531 εὐθὺς
1171 477 1418 536 ἀπροόπτως
1456 480 1675 537 παραστὰς

206 555 355 603 ἐκεῖνος
383 550 490 595 πάνυ
523 556 598 595 τοῦ
620 551 822 605 βασιλέως
842 547 1209 605 οἶκονομήσαντος,
1257 550 1324 591 καὶ
1347 544 1475 599 αὖθις
1492 547 1707 599 ἄκοῦσαςε»

206 620 262 672 ὥς
289 619 543 677 πατριάρχης
563 619 716 676 λε’γοιτο
727 652 740 672 ,
777 621 987 675 ἐπεγκαλεΐ
998 619 1073 672 μὲν
1094 618 1240 660 αὐτίκα
1258 618 1375 675 σφίσι
1391 617 1468 672 τὴν
1489 617 1677 661 ἀποστα-

209 692 304 733 σίαν
326 691 393 733 καὶ
415 689 490 744 τὴν
512 693 595 732 τῶν
615 692 838 743 συνθηκῶν
858 685 1111 743 παράβασιν,
1151 684 1207 736 ὥς
1232 686 1307 729 οὐκ
1326 683 1566 743 ἀνθρώποις
1582 689 1677 730 δια-ί·

204 758 478 813 ψευσαμένων
506 757 612 799 ἀλλὰ
638 761 751 815 θεῷ,
787 755 966 812 ἐπιφέρει
995 756 1040 798 δὲ
1062 755 1188 804 εὐθὺς
1212 754 1285 798 τὸν
1303 753 1562 812 ἇφορισμόν,
1601 753 1678 798 ἅν-

207 829 312 883 δρας
331 827 516 880 εὐλαβεῖς
540 825 608 868 διὰ
631 829 764 868 ταῦτα
785 827 941 879 οἰηθεὶς
960 822 1255 880 προσάξασθαι
1268 856 1282 877 ,
1312 825 1378 867 καὶ
1394 827 1555 878 μᾶλλον
1577 823 1678 874 τοὺς

207 895 316 952 ἀμφὶ
347 895 420 938 τὸν
441 893 667 938 “Υάκινθον
695 895 762 937 καὶ
791 894 863 936 τὸν
891 891 1211 947 Λεπενδρηνόν,
1249 893 1294 935 οἳ
1317 892 1369 948 δὴ
1386 893 1455 934 καὶ
1472 892 1571 943 τούς
1589 896 1677 936 λοι-
1690 903 1734 939 10

155 975 189 1010 E
213 965 318 1014 ποὺς
336 961 594 1019 ἐπεσύροντο.
663 962 711 1005 τὸ
736 962 779 1004 δ’
809 961 879 1018 ἄρ’
907 958 956 1016 ἦν
980 965 1140 1015 μᾶλλον
1169 962 1332 1011 ἐκείνοις
1361 961 1464 1016 πρὸς
1488 961 1678 1005 ἀποστα-

209 1035 303 1077 σίαν
321 1030 595 1088 παρότρυνσις
606 1063 619 1083 ,
658 1032 724 1074 καὶ
754 1030 982 1087 ἀφίσταντο
1004 1029 1130 1086 μικρὰ
1150 1035 1234 1073 τῶν
1254 1029 1499 1087 ἀφορισμῶν
1518 1031 1678 1073 ἐκείνων

210 1104 518 1159 φροντίσαντες.
588 1099 797 1154 ἐπέμειναν
821 1101 865 1142 δὲ
882 1100 953 1142 καί
970 1115 1074 1148 τινες
1087 1131 1100 1151 ,
1140 1096 1200 1148 οἷς
1222 1098 1273 1153 δὴ
1294 1096 1351 1148 ὥς
1370 1102 1494 1141 πᾶσιν
1511 1098 1679 1154 ἠσμένι-

207 1173 289 1223 ζον.
360 1167 544 1227 ἀπῄτουν
562 1170 607 1211 dg
630 1168 804 1211 κάκεῖνοι
828 1168 882 1210 τὰ
903 1169 966 1209 ἐπὶ
987 1171 1039 1224 τῇ
1059 1169 1251 1227 ἐκκλησίᾳ
1269 1165 1403 1220 δεινά,
1439 1166 1466 1210 ἃ
1490 1167 1543 1222 δὴ
1574 1171 1679 1210 πολ-

205 1243 293 1289 λοῖς
318 1237 639 1294 ἐμπλησθέντων
668 1241 752 1280 τῶν
777 1235 951 1293 πρώτων
983 1237 1250 1293 ἐλείφθησαν.
1321 1235 1374 1279 τὰ
1404 1234 1448 1278 δ’
1470 1230 1578 1291 ἦσαν
1591 1252 1678 1291 χει·
1690 1243 1734 1280 15

207 1309 399 1363 ροτονίαν
417 1307 493 1361 μὲν
522 1310 662 1349 πᾶσαν
683 1310 758 1349 τοῦ
774 1303 966 1348 Ἰωάννου
994 1305 1151 1361 ἀργεῖν,
1189 1303 1265 1348 κᾶν
1283 1303 1410 1354 αὐτὸς
1428 1299 1481 1360 ἦν
1501 1302 1524 1347 ὅ
1543 1321 1680 1361 χειρο-

203 1376 380 1432 τονητὴς
398 1374 474 1418 κᾶν
496 1375 539 1418 ἐκ
559 1379 796 1431 προτροπῆς
812 1372 1088 1430 ἓχειροτόνουν
1109 1374 1262 1430 ἕτεροι,
1298 1373 1404 1429 πλὴν
1423 1374 1489 1415 ἐπὶ
1508 1379 1595 1424 τοῖς
1612 1374 1680 1416 ἐν-

86 1452 115 1487 Ρ
138 1452 184 1488 39
207 1445 278 1495 τός
305 1450 379 1500 τῆς
408 1442 719 1500 μεγαλοπόλεως
733 1477 746 1496 ,
783 1450 869 1493 τοῖς
901 1443 946 1485 δ’
976 1442 1090 1492 ἐκτὸς
1115 1442 1390 1497 ἐπιτιμηθεΐσι
1415 1441 1522 1485 κατὰ
1537 1435 1680 1499 κοῖιρόν

203 1513 399 1558 ἀνίεσθαί
416 1530 460 1556 τε
480 1514 549 1556 καὶ
569 1513 739 1569 ἐνεργεῖν
752 1522 763 1534 ·
803 1509 993 1562 διώκταις
1014 1512 1059 1554 δὲ
1081 1511 1287 1569 (διωγμὸν
1305 1507 1492 1563 ἐκάλουν,
1518 1509 1596 1554 κᾶν
1616 1526 1680 1562 τις

210 1667 345 1715 quidem
369 1678 538 1713 apparere
559 1666 798 1712 improbabile:
834 1670 1006 1701 caeterum
1036 1666 1081 1699 ab
1105 1665 1170 1699 hoc
1191 1677 1327 1711 quoque
1348 1664 1554 1712 proferendo
1575 1664 1684 1700 alter-

208 1715 370 1750 nantibus
393 1719 484 1748 metu
508 1725 550 1747 ac
571 1713 701 1758 pudore
723 1713 950 1747 tardabantur
963 1737 973 1754 ‚
1002 1715 1039 1746 et
1061 1712 1302 1746 deliberationi
1329 1712 1580 1747 concludendae
1600 1721 1683 1756 spa-

208 1761 294 1796 tium
319 1759 508 1794 cunctando
532 1770 574 1793 ac
596 1759 855 1803 tergiversando
873 1759 1072 1803 captabant.
1118 1758 1161 1792 ad
1185 1763 1369 1792 extremum
1382 1783 1393 1802 ‚
1416 1769 1461 1792 ne
1481 1757 1565 1792 nihii
1587 1757 1684 1792 dice-

208 1812 309 1848 rent,
337 1806 422 1840 illud
445 1816 547 1839 unum
569 1806 839 1850 responderunt,
871 1805 959 1838 haud
988 1815 1117 1849 negare
1138 1815 1215 1838 sese
1237 1805 1466 1850 patriarcham
1489 1815 1566 1838 esse
1589 1805 1685 1838 Gre-

208 1854 361 1897 gorium:
395 1863 471 1886 nam
504 1852 568 1884 boc
591 1851 747 1896 Cyprio,
783 1863 824 1885 ex
858 1850 1009 1895 Georgio
1041 1854 1228 1892 mutatum,
1264 1862 1340 1885 cnm
1371 1850 1616 1897 professionem
1647 1849 1684 1883 in

210 1899 472 1944 praeparatione
494 1897 745 1942 patriarchatus
769 1903 961 1931 assumeret
982 1896 1213 1938 monasticam,
1238 1908 1360 1931 nomen
1382 1897 1567 1932 insederat.
1613 1898 1684 1929 tum

211 1945 383 1979 enimvero
402 1943 584 1989 patefactis
600 1948 741 1988 repente
757 1943 852 1977 iussn
867 1943 1083 1988 imperatoris
1099 1942 1208 1976 valvis
1223 1954 1337 1977 coram
1361 1942 1473 1977 adfuit
1493 1953 1602 1987 prope
1612 1941 1685 1975 dis·

211 1991 342 2035 positus
362 1990 398 2023 in
421 1988 563 2024 latebris
586 1989 756 2034 Cyprius3
780 1994 816 2023 et
839 1990 974 2023 audisse
999 2001 1037 2023 se
1059 1989 1233 2033 praefatus
1255 1989 1393 2034 agnosci
1416 1989 1461 2023 ab
1484 1987 1685 2023 Arsenianis

210 2036 462 2080 patriarcham,
485 2036 563 2069 iure
589 2035 678 2069 illius
711 2036 895 2080 potestatis
927 2034 980 2069 uti
1004 2035 1093 2069 velle
1116 2035 1248 2069 addidit
1269 2036 1304 2070 in
1327 2035 1494 2070 hominum
1516 2033 1580 2069 sibi
1601 2034 1686 2068 sub-

209 2082 377 2115 iectorum
408 2081 527 2117 rebelli
558 2081 750 2115 defectione
781 2082 991 2126 castiganda.
1048 2080 1098 2115 sic
1130 2080 1306 2125 ingressus
1335 2080 1555 2128 perfidiosam
1576 2079 1686 2114 infra·

209 2127 355 2161 ctionem
388 2133 628 2161 conventorum
658 2129 876 2162 vehementer
907 2126 1124 2172 obiurgavit,
1157 2127 1248 2162 haud
1279 2126 1469 2162 hominibus
1497 2127 1594 2173 ipsos
1621 2124 1684 2160 sed

209 2173 274 2207 deo
298 2172 458 2206 mentitos
481 2172 674 2218 increpans,
719 2173 859 2208 intorsit
880 2174 942 2208 sub
968 2175 1053 2208 haec
1075 2173 1427 2208 excommunicationis
1447 2172 1484 2207 in
1507 2176 1685 2206 contuma-

210 2229 268 2253 ces
291 2219 436 2258 fulmen,
470 2230 510 2252 eo
542 2224 675 2253 terrore
705 2231 770 2254 non
802 2220 987 2265 perfrictae
1010 2219 1111 2265 plane
1133 2220 1256 2254 frontis
1278 2231 1342 2254 nec
1364 2218 1488 2254 nullius
1509 2215 1685 2261 religionis

209 2264 375 2306 homines,
401 2263 628 2307 Hyacinthum
652 2269 852 2309 praesertim
876 2270 912 2300 et
935 2266 1216 2311 Lependrenum,
1249 2265 1462 2300 reducendos
1483 2263 1528 2298 ad
1550 2264 1684 2306 frugem

210 2315 248 2344 et
269 2311 304 2343 in
327 2310 396 2344 fide
419 2315 598 2354 pactorum
621 2311 866 2346 confirmandos
890 2312 1058 2357 opinatus.
1104 2313 1143 2346 In
1167 2323 1235 2358 quo
1259 2323 1335 2346 eum
1357 2321 1437 2356 spes
1458 2308 1583 2343 fefellit
1603 2319 1685 2342 sua:

209 2367 287 2390 nam
309 2356 398 2390 unde
421 2356 497 2390 illos
524 2358 733 2390 revocandos
759 2359 802 2391 ad
826 2358 1046 2392 subiectionis
1070 2358 1218 2392 officium
1240 2357 1408 2399 credidit,
1435 2355 1514 2389 inde
1537 2358 1617 2388 sunt
1640 2353 1686 2388 ad

208 2402 435 2435 defectionem
459 2401 635 2445 urgentius
658 2402 802 2446 impulsi.
849 2404 960 2448 palam
983 2415 1066 2448 ergo
1088 2404 1309 2444 rebellarunt,
1333 2400 1461 2446 spretis
1482 2399 1581 2434 minis
1603 2410 1686 2434 ana-

207 2448 368 2482 thematis
399 2446 533 2481 inflicti.
579 2448 803 2492 perstiterunt
834 2449 1045 2483 nihilominus
1075 2450 1120 2483 ab
1143 2449 1186 2483 iis
1215 2460 1253 2482 se
1275 2447 1514 2482 abscindentes
1535 2445 1686 2492 quidam,

209 2494 384 2539 plerisque
416 2505 454 2528 se
486 2493 551 2526 iam
583 2494 722 2527 statutis
749 2494 966 2538 acquiescere
990 2495 1159 2539 professi,
1194 2494 1370 2539 exigentes
1393 2497 1428 2527 et
1450 2492 1487 2526 hi
1509 2496 1622 2526 tamen
1644 2495 1686 2526 ut

210 2551 300 2586 quae
323 2551 366 2573 ex
389 2545 492 2573 antea
514 2539 688 2584 promissis
711 2541 856 2574 nondum
878 2540 1015 2584 impleta
1039 2541 1277 2582 causabantur,
1302 2540 1388 2573 dura
1410 2550 1492 2572 sane
1541 2537 1686 2572 uaedam

209 2590 248 2620 et
269 2585 436 2620 ecclesiae
458 2585 600 2630 gravia,
633 2585 822 2619 executioni
843 2588 1105 2627 mandarentur,
1138 2590 1178 2619 ut
1210 2585 1363 2619 nimirum
1397 2595 1522 2630 suspen
1546 2589 1686 2619 crentur

210 2632 256 2666 ab
283 2631 439 2666 ordinum
463 2630 626 2665 exercitio
650 2631 854 2676 quicumque
876 2631 1003 2666 Ioanne
1022 2633 1136 2675 Yecco
1157 2631 1424 2686 patriarchatum
1455 2634 1596 2675 gerente
1626 2639 1686 2663 or-

211 2677 319 2712 dinati
342 2678 500 2722 fuerant,
537 2677 609 2711 sive
631 2677 696 2710 illis
718 2677 793 2722 ipse
824 2689 888 2723 per
911 2688 987 2711 sese
1010 2688 1128 2711 manus
1156 2677 1388 2723 imposuisset,
1424 2676 1497 2711 sive
1519 2675 1579 2711 alii
1599 2679 1686 2710 nutu

211 2729 248 2758 et
270 2723 434 2779 auspiciis
456 2722 584 2769 ipsius,
607 2723 785 2757 dumtaxat
810 2723 901 2758 intra
930 2724 1047 2757 urbem
1071 2722 1413 2768 Constantinopolim.
1461 2733 1538 2757 nam
1559 2721 1603 2756 iis
1624 2719 1686 2767 qui

212 2769 294 2804 alibi
318 2781 367 2804 sic
389 2769 537 2804 fuissent
557 2769 774 2817 inaugurati,
810 2769 980 2815 correptis
1006 2770 1263 2815 obiurgati'sque
1284 2773 1365 2824 post
1387 2772 1520 2814 tempus
1547 2766 1686 2814 aliquod

212 2816 463 2851 restitutionem
479 2815 516 2851 in
538 2826 636 2851 usum
668 2815 824 2852 ordinum
847 2815 1098 2863 legitimamque
1122 2816 1309 2852 sacerdota
1329 2815 1535 2850 functionem
1556 2824 1687 2850 annae-
