1820 3112
211 123 310 174 264
623 122 859 169 GEORGII
900 122 1252 168 PACHYMERIS

213 243 388 298 στερρᾶς
412 237 619 295 γεγονυίας
647 240 788 294 περιῆν
818 235 924 279 κατὰ
955 233 1106 293 κράτος
1135 237 1204 280 καὶ
1225 235 1247 280 ὅ
1266 239 1408 295 Νογᾶς
1427 235 1589 291 ἔπιπτε,
1625 238 1678 282 τὰ

214 311 288 366 μὲν
307 307 412 352 κατὰ
435 307 509 350 τὸν
528 304 655 349 τόπον
677 302 870 363 γεγονότα
889 305 932 348 ἐκ
952 309 1035 348 τῶν
1059 302 1290 349 ἐνεστώτων
1309 306 1497 361 πολέμων
1512 308 1584 349 καὶ
1604 311 1680 363 τῆς

163 383 197 418 Ε
221 374 476 434 συγχύσεως,
511 376 578 418 καὶ
609 373 664 426 ὥς
682 372 878 431 ἠρήμωτο
896 374 969 428 μὲν
988 371 1103 431 χώρα
1134 378 1248 417 πᾶσα
1271 376 1337 418 καὶ
1357 374 1574 432 ἅνθρωποι
1596 378 1679 419 διε-

218 446 443 504 φθείροντο
454 476 468 498 ,
507 444 663 487 ἐκεῖθεν
694 443 739 486 δ’
764 443 803 486 οἳ
834 443 1082 498 λελειμμένοι
1099 442 1203 500 πρὸς
1220 443 1273 486 τὰ
1295 437 1373 487 ὦδε
1394 445 1676 502 μετῳκίζοντο,

213 516 281 558 καὶ
302 513 378 557 ὅλα
399 516 509 569 νηῶν
528 509 785 570 πληρώματα
806 513 872 555 καὶ
885 512 1036 569 φορτία
1054 511 1270 569 ἅνθρωποι
1285 509 1531 569 ἐγεγόνεισαν
1539 545 1553 566 ,
1573 511 1712 564 ἲδίαςό

217 584 402 640 ἱστορίας
427 579 565 639 χρῄζει
591 583 658 624 καὶ
693 580 741 624 οὐ
770 585 845 635 τῆς
882 578 1087 636 τυχούσης
1126 581 1229 636 πρὸς
1261 580 1448 638 ἀγγελίαν
1482 578 1679 638 γλώττης.

212 651 314 703 τέως
336 652 381 695 δὲ
399 650 660 708 περιγεγονώς
681 648 702 693 ὅ
725 647 929 705 Τουκτάϊς
950 647 1089 707 κύριος
1112 654 1195 692 τῶν
1223 647 1360 693 τόπων
1376 649 1576 706 κατέστη,
1613 651 1682 693 καὶ

75 724 103 758 Ρ
129 726 194 762 179
219 721 267 765 τὸ
301 719 533 777 Τοχαρικὸν
563 717 637 761 ὑπ’
667 720 803 778 ἐκείνῳ
825 719 998 775 γίνεται,
1038 718 1183 774 ὀλίγων
1207 723 1328 762 τινῶν
1349 716 1681 776 προσμεινάντων

214 793 274 850 τῷ
292 789 335 832 ἐκ
366 793 440 845 τῆς
455 785 654 843 Ἀλᾶκκης
686 792 761 831 τοῦ
792 790 911 843 Νογᾶ
942 788 1024 830 υἱεΐ
1044 789 1186 847 Τζακᾷ
1211 787 1420 841 τοῦνομα,
1459 784 1521 837 οἷς
1538 787 1591 843 δὴ
1613 788 1683 830 καὶ

215 855 385 916 ἐθάρρει
409 857 557 907 ἐκεῖνος
577 856 699 900 ἐπιὼν
717 856 794 911 τὴν
824 854 1083 913 Βουλγάρων.
1153 855 1174 899 ὅ
1198 856 1276 914 γὰρ
1299 860 1502 913 Τερτερῆς
1520 857 1587 898 καὶ
1605 855 1737 902 ati-10

213 927 287 978 τὸς
305 927 349 970 ἐκ
367 930 442 982 τῆς
464 925 631 980 ἀπειλῆς
650 929 724 968 τοῦ
746 927 866 981 Νογᾶ
887 924 1028 982 φυγῶν
1048 923 1296 983 προσεχώρει
1322 929 1381 984 τῷ
1400 928 1581 980 βασιλεῖ’,
1616 926 1685 968 καὶ

219 997 315 1054 περί
335 1012 414 1038 που
444 994 518 1050 τὴν
544 995 782 1051 Ἀνδριανοῦ
810 996 944 1050 διῆγε,
978 998 1052 1037 τοῦ
1076 994 1278 1049 βασιλέως
1300 993 1687 1050 ἀποπροσποιουμὲ-
1721 1041 1724 1044 ‚

214 1082 287 1108 νου
319 1064 393 1120 τὴν
424 1063 615 1116 ἱκετείαν,
655 1061 710 1113 ὥς
739 1062 789 1106 ἂν
807 1062 864 1117 μὴ
886 1063 1128 1118 πέμψαντος
1158 1067 1233 1106 τοῦ
1253 1066 1372 1119 Νογᾶ
1392 1062 1518 1112 αὐτὸς
1538 1063 1686 1106 ἐκεῖνον

222 1133 326 1176 κατὰ
345 1132 392 1176 τὸ
416 1132 521 1182 εῗκός
539 1130 594 1183 ὥς
615 1129 908 1190 προσφυγόντα
931 1129 1263 1187 περιποιούμενος
1282 1131 1358 1182 τὰς
1375 1135 1450 1174 τοῦ
1469 1133 1588 1187 Νογᾶ
1614 1130 1687 1188 ὄρ-

165 1209 194 1244 Β
221 1202 296 1259 γὰς
315 1203 545 1259 ε’ρεθίσειεν.
602 1199 623 1244 ὃ
646 1205 746 1257 γοῦν
765 1201 916 1243 ἐκείνου
939 1200 1029 1250 υἱὸς
1051 1202 1234 1253 Τζακᾶς,
1265 1205 1339 1243 τοῦ
1359 1203 1478 1256 Νογᾶ
1500 1198 1684 1243 innodabat
1696 1210 1739 1248 15

214 1268 447 1328 γεγονότος,
484 1274 660 1327 θαρρῶν
691 1276 779 1319 τοῖς
805 1271 896 1326 περὶ
927 1269 1053 1313 αὐτὸν
1085 1267 1342 1326 Βουλγάροις
1369 1268 1543 1325 ἔπέχρα,
1579 1267 1686 1323 πλὴν

217 1339 266 1383 οὗ
296 1340 390 1395 δίχα
422 1336 695 1396 προφάσεως,
741 1337 836 1381 ἄλλ’
869 1337 971 1393 ἔχων
993 1340 1069 1393 τὴν
1090 1341 1163 1381 τοῦ
1186 1342 1369 1395 Τερτερῆ
1396 1335 1609 1394 θυγατέρα
1631 1338 1688 1387 εἷς

217 1406 391 1464 σύζυγον
430 1406 579 1466 ἑαυτῷ.
650 1404 962 1463 προσλαμβάνει
1009 1424 1053 1450 τε
1093 1408 1161 1450 καὶ
1198 1406 1270 1450 τὸν
1314 1403 1469 1461 ταύτης
1507 1405 1688 1463 ἀδελφὸν

215 1476 623 1534 Ὀσφεντίσθλαβον,
660 1477 728 1518 καὶ
758 1475 834 1520 σὺν
862 1475 975 1537 αὐτῷ
997 1471 1266 1534 Βουλγάρους
1294 1477 1563 1532 ὃουλαγωγεῒν
1581 1473 1687 1530 ἤθε-

219 1634 295 1667 ctus
328 1630 459 1675 ingenti
493 1630 582 1665 inter
613 1630 879 1665 cruentissimam
901 1642 1035 1666 suorum
1070 1634 1220 1676 stragem
1251 1630 1325 1676 ipse
1355 1629 1392 1665 in
1415 1629 1491 1664 acie
1513 1629 1688 1664 confossus

218 1677 427 1712 occubuerit.
473 1688 540 1722 quo
574 1676 662 1711 bello
686 1689 774 1722 quae
800 1688 922 1721 magna
951 1678 1124 1723 multaque
1147 1689 1188 1711 ac
1211 1676 1371 1711 memoria
1391 1675 1427 1710 in
1450 1675 1565 1720 primis
1585 1675 1689 1720 digna

219 1724 406 1768 contigere,
429 1722 590 1757 desolatis
611 1723 715 1757 terris
735 1723 801 1758 illis
822 1723 1001 1765 universis,
1025 1723 1290 1768 mortalibusque
1313 1722 1420 1757 omnis
1442 1721 1568 1756 aetatis
1589 1721 1689 1755 innu-

218 1769 437 1805 merabilibus
458 1769 555 1803 varie
577 1770 670 1803 t'erro
693 1770 783 1803 fame
803 1770 886 1814 fuga
910 1769 1135 1815 consumptis,
1167 1770 1217 1803 ita
1236 1773 1276 1802 ut
1297 1779 1413 1802 eorum
1440 1767 1583 1814 eriguae
1605 1767 1690 1802 reli-

217 1816 319 1862 quiae
342 1815 460 1861 paucis
481 1815 547 1849 buc
568 1815 710 1850 navibus
731 1815 1015 1861 deportarentur,
1048 1817 1151 1857 haec,
1184 1815 1320 1860 inquam
1355 1818 1589 1858 argumentum
1612 1823 1690 1848 esse

221 1867 361 1909 possent
380 1861 493 1896 iustae
515 1860 700 1904 historiae,
733 1873 797 1895 nec
818 1860 1015 1896 indisertum
1042 1862 1085 1895 ad
1108 1862 1261 1895 idoneam
1283 1859 1335 1895 sui
1357 1859 1611 1904 expressionem
1631 1870 1691 1893 re-

221 1907 390 1953 quirentis
419 1907 634 1953 scriptorem.
679 1907 831 1953 perstitit
852 1907 999 1942 Tuctais
1029 1907 1063 1941 in
1086 1907 1191 1942 terris
1216 1918 1302 1952 quas
1325 1906 1471 1941 victoria
1493 1916 1573 1939 suas
1594 1906 1690 1940 fece-

219 1957 295 1997 rat,
332 1965 406 1987 cum
438 1954 479 1987 iis
511 1964 595 1999 quos
627 1965 667 1988 eo
699 1953 863 1996 duxerat,
896 1965 1050 1999 quosque
1070 1954 1141 1988 illic
1161 1956 1340 1998 repererat
1362 1952 1530 1986 Tocharis
1553 1951 1691 1996 Nogam

221 1999 309 2034 alias
332 1999 476 2034 secutis:
512 2010 589 2034 nam
612 2002 648 2034 et
669 1999 704 2033 bi
726 2000 870 2034 maxima
892 2011 935 2034 ex
967 2005 1066 2045 parte
1095 1999 1218 2034 victori
1248 2010 1285 2033 se
1307 1997 1546 2041 subiecerunt,
1568 1997 1690 2043 paucis

221 2045 397 2079 dumtaxat
430 2045 531 2079 fidem
561 2045 639 2080 olim
661 2046 784 2091 Nogae
815 2046 1012 2091 promissam
1039 2045 1257 2081 servantibus
1280 2044 1380 2078 buius
1401 2044 1492 2088 filio,
1525 2055 1625 2089 quem
1645 2054 1690 2077 ex

220 2091 359 2125 muliere
382 2092 506 2125 Alacca
530 2096 653 2126 vocata
676 2095 886 2138 susceperat,
906 2093 1045 2127 Tzacae
1067 2091 1249 2128 nominato.
1294 2090 1349 2124 bis
1364 2091 1484 2124 Tzaca
1505 2090 1615 2124 fretus
1636 2088 1690 2123 vi—

221 2136 319 2171 ribus
342 2137 377 2170 in
397 2136 592 2181 Bulgariam
613 2138 746 2183 irrupit,
769 2150 791 2173 a
813 2150 896 2184 rege
917 2141 998 2173 tunc
1020 2138 1216 2173 destitutam
1241 2148 1322 2172 suo:
1345 2147 1422 2170 nam
1445 2134 1505 2181 qui
1527 2137 1691 2179 regnarat

222 2181 293 2216 illic
315 2182 500 2225 Terteres‚
523 2183 592 2218 iam
615 2188 717 2219 antea
738 2184 838 2219 minis
867 2185 977 2219 adbuc
1006 2185 1154 2219 viventis
1178 2184 1302 2228 Nogae
1323 2182 1467 2217 territus
1491 2182 1691 2224 confugerat

224 2227 269 2262 ad
291 2227 551 2272 imperatorem3
573 2241 641 2275 quo
664 2242 729 2264 non
754 2242 836 2265 auso
859 2242 935 2265 eum
957 2230 1155 2273 admittere,
1189 2242 1232 2264 ne
1254 2228 1444 2275 repetituro
1466 2237 1544 2260 mox
1565 2225 1690 2270 Nogae

222 2274 410 2319 supplicem
443 2275 587 2318 prodere
617 2279 797 2320 cogeretur
826 2281 919 2312 metu
941 2276 1027 2311 iram
1050 2277 1122 2311 eius
1154 2280 1190 2310 et
1212 2286 1306 2310 arma
1327 2274 1361 2308 in
1383 2284 1460 2308 sese
1483 2270 1690 2313 concitandi,

223 2319 327 2353 miser
355 2319 490 2355 interim
523 2321 689 2356 Terteres
720 2322 846 2357 alicubi
874 2323 965 2357 circa
997 2321 1244 2367 Adrianopolim
1278 2320 1417 2354 latitans
1447 2317 1612 2361 degebat.
1651 2321 1691 2351 at

224 2365 362 2399 Tzacas
396 2377 469 2399 cum
502 2366 552 2401 bis
583 2379 668 2412 quas
699 2368 772 2402 dixi
803 2369 911 2413 copiis
940 2369 975 2403 in
997 2369 1162 2413 Bulgaros
1182 2367 1318 2400 irruens
1348 2363 1519 2399 subiicere
1540 2363 1602 2397 hos
1623 2363 1693 2398 sibi

223 2414 401 2454 tentabat,
425 2411 478 2445 ius
502 2412 668 2457 quoddam
692 2415 735 2448 ad
756 2415 854 2459 regni
875 2415 946 2449 eius
969 2414 1216 2449 successionem
1238 2413 1281 2446 ab
1305 2421 1412 2445 uxore
1432 2409 1593 2443 trahensz
1626 2410 1691 2444 ha-

223 2456 328 2490 bebat
351 2457 437 2490 enim
460 2457 493 2490 in
517 2459 725 2495 matrimonio
748 2460 908 2494 Ter-teris
932 2460 1046 2494 filiam.
1092 2470 1199 2505 quare
1220 2461 1260 2491 ut
1283 2467 1357 2490 eam
1380 2466 1475 2500 spem
1497 2454 1606 2500 magis
1629 2455 1692 2489 fir-

223 2505 356 2545 maret,
388 2507 553 2548 tantoque
587 2505 631 2538 ad
663 2517 701 2540 se
724 2506 880 2540 alliceret
910 2506 1085 2540 efficacius
1108 2508 1243 2550 gentem
1263 2501 1498 2546 Bulgaricam‚
1531 2501 1692 2546 Ospben-

224 2547 425 2582 tistblabum
447 2549 514 2583 sibi
537 2549 701 2592 adiunxit,
717 2551 834 2586 uxoris
856 2563 939 2586 suae
960 2553 1110 2592 fratrem,
1128 2550 1200 2584 eius
1223 2549 1312 2594 apud
1336 2547 1520 2593 populares
1542 2548 1586 2581 ob
1609 2546 1692 2582 stir-

225 2605 302 2639 pem
335 2594 463 2639 regiam
495 2596 586 2638 grati
620 2599 814 2640 profecturo
843 2597 908 2632 sibi
938 2598 1056 2632 favore
1088 2595 1260 2631 confidens
1292 2597 1524 2629 assecuturum
1554 2603 1631 2628 esse
1652 2595 1693 2627 ut

224 2651 366 2684 regnum
409 2645 529 2685 sponte
566 2641 659 2675 istud
692 2644 884 2678 universum
913 2654 996 2678 suae
1034 2642 1142 2688 ipsius
1175 2640 1292 2675 ditioni
1326 2639 1476 2682 cederet,
1533 2643 1608 2674 erat
1636 2638 1693 2673 bic

225 2685 547 2730 Ospbentisthlabus
579 2699 682 2731 egens
715 2689 849 2734 quidem
882 2700 946 2734 per
968 2699 1052 2729 >sese
1086 2687 1269 2734 pecuniae,
1293 2690 1463 2720 caeterum
1486 2684 1695 2720 abundantia.

224 2731 413 2766 nobilitatis
434 2731 570 2777 inopiae
593 2734 778 2768 subsidium
799 2735 938 2771 invenit.
984 2746 1058 2769 cum
1092 2734 1181 2768 enim
1200 2734 1293 2767 forte
1313 2731 1488 2766 incidisset
1509 2731 1545 2765 in
1569 2731 1694 2765 Panto-

223 2777 370 2813 leontem
392 2779 561 2824 quendam
583 2778 627 2813 de
649 2779 749 2825 plebe
771 2780 947 2826 bominem,
967 2780 1028 2816 sed
1050 2779 1144 2815 felici
1167 2778 1398 2825 negotiatione
1419 2777 1511 2822 longi
1532 2775 1694 2823 temporis
