1820 3112
191 183 255 230 86
579 181 814 226 GEORGII
848 181 1201 225 PACHYMERIS

190 294 339 346 κάλλος
364 292 634 351 ἐξησκημένον
666 295 732 336 καὶ
761 292 938 350 μέγεθος
969 293 1129 354 ἄνιστᾷ.
1201 294 1269 337 καὶ
1297 294 1380 337 ἐπεὶ
1399 294 1585 350 σπουδὴν
1606 293 1663 338 εἷ-

187 383 256 419 χεν
281 365 407 418 ἐκείνη
435 362 538 419 πρὸς
568 362 640 405 τὸν
662 362 919 419 πατριάρχην
951 363 998 406 οὗ
1017 363 1092 418 τὴν
1121 366 1329 416 τυχοῦσαν
1355 365 1422 405 καὶ
1445 364 1574 415 ζῶντα
1595 365 1663 406 καὶ

191 430 489 486 τελευτήσαντα
509 464 522 484 ,
580 431 690 481 ἀξιοῖ
722 433 896 486 βασιλέα
926 434 992 474 καὶ
1023 436 1207 487 λιπαρῶς
1246 431 1378 474 δέεται
1405 433 1583 486 δοθῆναι
1612 431 1663 475 τὸ

142 506 174 540 Ε
199 506 318 554 σῶμα
346 505 397 557 τῇ
422 499 516 543 κατ’
542 500 672 555 αὐτὴν
690 505 820 557 μονῇ,
855 500 927 555 ἐφ’
962 494 1071 558 ᾧπερ
1099 500 1355 555 ἀποτεθῆναι
1373 504 1432 558 τῷ
1453 500 1560 556 παρ’
1585 500 1663 542 αὗ-

191 574 266 622 τῆς
298 569 555 625 ιῖνεγερθέντι
587 573 685 626 ναῷ.
757 569 778 612 ὃ
798 569 850 622 δὴ
871 571 936 611 καὶ
957 569 1138 624 γέγονεν,
1176 567 1318 625 ἑτέρας
1336 566 1429 611 τότε
1454 566 1696 624 συστάσηςό

190 639 291 681 narr)
315 638 362 679 τὸ
386 637 490 686 εἰκὸς
509 634 795 693 πανηγύρεως,
827 637 932 680 καθ’
958 636 1008 692 ἢν
1030 637 1224 691 βασιλεὺς
1255 639 1320 679 καὶ
1349 635 1573 693 σύγκλητος
1595 639 1663 680 καὶ

193 711 277 750 τῶν
312 706 540 761 ἱερωμένων
571 705 715 759 σχεδὸν
746 706 784 749 οἱ
815 704 983 758 πάντες,
1024 705 1119 748 οὐδὲ
1150 711 1224 760 τῆς
1245 703 1432 755 λαώδους
1449 704 1666 761 λειπούσης

190 778 360 831 μοίρας,
398 777 553 817 ἐκεῖθεν
573 776 893 832 πεζοποροῦντες
913 774 989 828 τὴν
1006 774 1127 828 τιμὴν
1147 775 1309 817 ἐτέλουν
1331 779 1390 832 τῷ
1414 772 1662 833 πατριάρχῃ,

193 844 267 886 οὐκ
289 844 403 898 ὀλίγα
423 847 496 886 τοῦ
518 842 721 896 βασιλέως
741 841 1051 898 καταβαλόντος
1072 844 1139 885 καὶ
1159 843 1211 885 τὰ
1230 847 1313 886 τῶν
1333 841 1469 886 πόνων
1500 841 1662 900 ἐφόδια.
1693 883 1696 886 Δ

74 914 103 948 Ρ
127 914 173 950 54
335 914 414 957 32.
462 909 568 954 Τότε
591 913 658 954 καὶ
675 911 727 954 τὰ
751 912 856 954 κατὰ
881 913 1035 966 Συρίαν
1055 909 1276 967 ἐπράττετο
1296 909 1502 955 πάνδεινα.
1541 909 1562 955 ὅ
1583 911 1662 969 γὰρ
1677 923 1722 958 10

193 985 268 1035 τῆς
289 983 543 1034 Βαβυλῶνος
571 980 750 1022 σουλτὰν
781 980 859 1036 πρὸ
887 978 1047 1035 χρόνων
1077 980 1218 1033 λαβὼν
1245 978 1487 1034 Ἀντιόχειαν
1515 982 1582 1023 καὶ
1609 982 1665 1032 εἲς

192 1048 346 1105 ἔδαφος
377 1050 650 1104 κατερείψας,
699 1048 831 1105 ἀφῆκε
862 1055 951 1099 τοῖς
982 1047 1079 1102 μετ’
1115 1047 1263 1091 ἐκεῖνον
1297 1046 1527 1105 ἀκήρυκτον
1565 1049 1666 1104 ἴχειν

191 1115 328 1173 μάχην
358 1117 462 1172 μετὰ
495 1121 577 1160 τῶν
601 1117 769 1160 Ἰταλῶν
796 1121 880 1160 τῶν
909 1117 984 1172 τὴν
1015 1119 1220 1172 παραλίαν
1255 1115 1478 1160 οἰκούντων
1506 1119 1550 1160 ἐκ
1583 1135 1667 1160 πα-

193 1190 326 1229 λαιοῦ.
401 1185 499 1228 ὅθεν
521 1187 587 1228 καὶ
610 1187 672 1227 ἐπὶ
691 1190 772 1228 τῶν
793 1183 885 1228 τότε
914 1190 1067 1240 καιρῶν
1093 1183 1516 1243 στρατολογησάμενοι
1537 1185 1667 1243 Ἄρα-

193 1259 264 1308 βες
285 1254 310 1309 ἢ
331 1254 415 1308 μὴν
433 1256 642 1304 Αἰθίοπες
670 1259 834 1309 πρῶτον
860 1254 934 1308 μὲν
964 1255 1126 1311 αἱροῦσι
1153 1254 1228 1309 τὴν
1251 1256 1449 1310 Τρίπολιν
1472 1256 1538 1297 καὶ
1556 1253 1662 1310 ἧβη-
1676 1258 1720 1294 15

140 1327 169 1360 Β
196 1323 268 1366 δὸν
292 1322 389 1372 τούς
411 1324 452 1364 ἓν
477 1322 582 1379 αὐτῇ
608 1320 967 1379 κατασαάττουσι,
1005 1325 1072 1365 καὶ
1093 1321 1222 1377 αὐτὴν
1251 1323 1302 1378 δὴ
1331 1322 1406 1378 τὴν
1427 1321 1544 1366 πόλιν
1563 1323 1668 1366 ἀνα-

192 1392 408 1446 τρέπουσιν
430 1391 472 1432 ἐκ
494 1391 745 1446 θεμέθλωνὶ
782 1391 918 1434 ἔπειτα
938 1393 1006 1433 καὶ
1026 1391 1102 1447 τὴν
1121 1395 1372 1446 πολυπληθῆ
1395 1394 1667 1445 Πτολεμαΐδα

192 1460 246 1503 τὰ
278 1459 399 1512 ὅμοια
428 1461 578 1515 δρῶσι,
630 1462 696 1502 καὶ
729 1464 867 1502 πᾶσαν
895 1459 969 1515 τὴν
993 1460 1200 1517 παραλίαν
1226 1459 1667 1515 ἐξανδραποδισάμενοι

194 1528 246 1570 τὰ.
276 1525 479 1581 θαύματα
511 1533 585 1582 τῆς
613 1530 766 1581 Συρίας
797 1526 1017 1584 ἠφάνισαν.
1089 1530 1156 1570 καὶ
1190 1527 1301 1580 ἔδοξε
1320 1529 1373 1571 τὰ
1395 1526 1572 1585 ἡμέτερα
1595 1529 1663 1571 τέο

194 1613 300 1653 ρατα
320 1597 368 1638 ἐπ
382 1596 393 1615 ’
421 1597 579 1646 ἐκείνοις
598 1597 776 1654 φανέντα
798 1614 840 1640 τε
862 1599 927 1640 καὶ
952 1596 1219 1640 τελειωθέντα
1233 1611 1242 1621 ·
1275 1595 1435 1655 δάκρυα
1456 1597 1535 1655 γὰρ
1559 1597 1722 1641 ἐκεῖ-20

193 1751 273 1786 ficio
297 1751 508 1786 elaboratam
531 1751 720 1791 exstruxit3
745 1763 786 1786 ac
820 1751 978 1798 quoniam
1011 1763 1077 1786 non
1109 1751 1242 1796 vulgari
1273 1763 1315 1786 ea
1348 1751 1469 1786 mulier
1491 1751 1604 1786 studio
1627 1763 1667 1787 se

195 1798 355 1843 amplecti
387 1798 615 1842 patriarcham
647 1798 761 1840 illum,
795 1798 907 1843 quoad
939 1797 1023 1831 vixit
1056 1802 1091 1831 et
1126 1801 1303 1843 postquam
1336 1797 1504 1840 decessit,
1534 1809 1668 1844 semper

195 1844 406 1883 ostenderat,
430 1849 655 1877 consentanee
679 1844 764 1893 huic‘
789 1848 869 1878 noto
901 1843 974 1878 eius
998 1843 1136 1878 affectui
1160 1843 1258 1877 enixe
1281 1844 1394 1878 oravit
1415 1844 1666 1889 imperatorem,

198 1894 235 1923 ut
258 1889 332 1923 dari
355 1889 488 1923 iuberet
511 1889 643 1923 Arsenii
669 1901 790 1934 corpus
824 1901 885 1924 suo
907 1889 966 1923 isti
989 1889 1215 1930 monasterio,
1249 1889 1436 1924 honorifice
1466 1889 1600 1924 scilicet
1622 1891 1666 1924 ab

196 1946 238 1968 ea
262 1936 493 1980 deponendum
524 1936 560 1969 in
589 1935 656 1970 isto
685 1941 799 1970 erecto
831 1947 852 1969 a
883 1946 921 1969 se
954 1937 1091 1980 templo.
1137 1935 1228 1980 quod
1252 1947 1327 1969 cum
1349 1935 1587 1981 impetrasset,
1617 1935 1668 1971 ita

195 1981 324 2014 factum
350 1985 423 2022 est,
445 1982 548 2026 idque
571 1985 739 2026 apparatu
763 1988 799 2016 et
822 1993 945 2027 pompa
974 1993 1040 2015 non
1069 1981 1176 2015 minus
1207 1993 1308 2026 quam
1329 1981 1366 2015 in
1387 1981 1494 2026 priori
1517 1981 1668 2016 transla-

196 2026 290 2060 tione
321 2027 518 2070 magnificis.
565 2039 643 2061 nam
676 2031 758 2061 tunc
791 2039 926 2072 quoque
962 2031 1169 2072 congregato
1194 2030 1294 2061 coetu
1315 2039 1436 2072 magno
1459 2027 1581 2062 iterum
1603 2038 1668 2073 pet

196 2073 314 2105 urbem
338 2073 539 2116 supplicatio
563 2073 754 2119 processit,
777 2074 930 2118 Augusto
954 2073 1028 2119 ipso
1051 2085 1093 2107 ac
1116 2079 1257 2116 senatu,
1281 2085 1345 2107 nec
1366 2085 1433 2108 non
1457 2073 1669 2107 ecclesiasti-

198 2117 249 2150 cis
273 2118 378 2151 ferme
403 2120 575 2161 omnibus,
607 2131 670 2153 nec
704 2120 823 2153 minori
857 2131 956 2164 quam
980 2126 1082 2153 antea
1106 2120 1221 2164 populi
1245 2119 1478 2163 multitudine,
1511 2119 1667 2153 ordinato

199 2167 236 2196 et
258 2162 348 2196 lento
370 2163 503 2197 incessu
527 2166 627 2199 funus
651 2165 899 2211 perhonorifice
921 2166 1222 2210 prosequentibus,
1253 2177 1355 2210 quam
1377 2165 1412 2199 in
1435 2165 1675 2201 celebritatem

198 2219 266 2242 non
288 2208 452 2242 modicum
476 2210 577 2244 etiam
601 2218 770 2256 sumptum
792 2211 975 2256 imperator
998 2212 1103 2255 fecit,
1127 2211 1335 2253 artificibus,
1359 2211 1417 2256 qui
1441 2211 1668 2256 qualemcum-

199 2265 267 2300 que
289 2254 333 2288 ad
356 2254 390 2288 id
414 2256 633 2290 contulissent
656 2269 815 2302 operam,
837 2257 936 2302 larga
958 2258 1001 2292 de
1023 2269 1085 2292 suo
1109 2257 1280 2302 stipendia
1301 2257 1507 2302 persolvens.

291 2323 346 2356 32,
396 2322 500 2356 Circa
532 2324 594 2357 hoc
630 2328 762 2369 tempus
793 2325 1014 2369 gravissimae
1046 2326 1183 2370 Syriam
1215 2324 1426 2358 calamitates
1458 2323 1667 2358 afflixerunt.

199 2378 276 2402 nam
301 2368 482 2412 Babylonis
507 2369 629 2402 Sultan
653 2376 755 2415 capta
779 2373 858 2404 olim
883 2377 919 2405 et
944 2372 1016 2405 solo
1041 2376 1188 2416 aequata
1211 2370 1400 2410 Antiochia,
1423 2369 1667 2404 interneciuum

199 2413 236 2448 in
259 2414 364 2447 Italos
397 2426 487 2447 oram
511 2415 633 2457 Syriae
665 2417 862 2450 maritimam
895 2418 1087 2451 obtinentes
1124 2417 1245 2450 bellum
1277 2415 1365 2449 odiis
1402 2416 1668 2460 perpetuandum

199 2459 416 2493 hereditariis
441 2460 564 2493 dudum
597 2463 839 2495 transmiserat.
888 2463 942 2495 cui
970 2474 1028 2505 per
1050 2463 1135 2495 haec
1157 2467 1310 2505 tempora
1333 2462 1558 2505 obsequentes
1581 2463 1668 2495 Ara-

200 2505 273 2545 bes,
298 2508 357 2538 aut
382 2506 494 2550 potius
518 2507 711 2551 Aethiopes,
735 2507 878 2551 primum
903 2508 1035 2552 quidem
1059 2511 1251 2552 expugnata
1275 2506 1409 2550 Tripoli
1432 2518 1547 2540 omnes
1569 2506 1602 2540 in
1626 2519 1669 2540 ea

199 2556 358 2596 repertos
381 2551 566 2596 puberibus
590 2552 733 2585 maiores
756 2553 1019 2594 interfecerunt,
1049 2554 1234 2596 urbemque
1264 2552 1370 2596 ipsam
1398 2563 1419 2585 a
1444 2552 1669 2586 fundamentis

200 2607 353 2630 eversam
389 2597 459 2631 solo
494 2601 693 2642 aequarunt.
759 2598 846 2631 idem
883 2599 1092 2642 postmodum
1126 2599 1283 2631 fecerunt
1323 2602 1359 2631 et
1394 2598 1668 2642 populosissimae

198 2642 420 2682 Ptolemaidi;
453 2648 489 2676 et
512 2654 574 2676 ora
596 2644 752 2677 universa
777 2644 944 2677 maritima
966 2645 1128 2684 subacta,
1151 2643 1349 2686 mancipatis
1371 2646 1405 2676 in
1428 2644 1535 2677 diram
1558 2644 1670 2678 servi-

200 2691 308 2722 tutem
332 2688 534 2722 Christianis
558 2689 630 2722 eius
653 2689 792 2731 incolis,
822 2692 1034 2733 praeclarum
1055 2690 1147 2723 illum
1170 2694 1207 2722 et
1228 2689 1407 2722 mirificum
1428 2689 1584 2724 florentis
1606 2690 1670 2723 ha-

201 2739 321 2769 ctenus
346 2734 469 2776 Syriae
491 2737 615 2768 statum
638 2735 850 2769 exciderunt.
895 2735 1035 2780 visaque
1061 2740 1140 2769 sunt
1172 2739 1291 2768 nostra
1322 2734 1403 2775 illa,
1439 2747 1528 2780 quae
1560 2746 1670 2780 nuper

201 2780 468 2822 memoravimus,
492 2785 650 2826 portenta
668 2781 781 2815 clades
804 2782 890 2815 istas
910 2781 1098 2824 indicasse3
1131 2780 1357 2826 lacrimasque
1373 2781 1447 2814 illas
1467 2786 1503 2815 et
1516 2792 1670 2815 cruorem

202 2836 245 2858 ex
267 2825 571 2871 imaginibus-fusa
593 2827 694 2872 longe
726 2828 792 2862 alio
823 2828 1016 2874 respexisse
1048 2838 1090 2862 ac
1121 2827 1215 2862 velut
1237 2826 1273 2861 in
1293 2827 1494 2873 longinquas
1518 2839 1539 2862 a
1571 2826 1670 2862 nobis
