1820 3112
346 122 423 165 DE
458 117 786 164 ANDRONICO
820 117 1197 162 PALAEOLOGO
1231 119 1278 161 L.
1308 117 1382 162 111.
1489 119 1586 164 233

130 236 254 290 τικοί,
299 234 398 285 ὅλας
431 237 533 282 ναῦς
568 229 824 288 αὐτάνδρους
861 231 1244 285 καταποντίζοντες,
1290 233 1356 275 καὶ
1392 229 1587 289 χρήματα

127 305 181 348 τὰ
207 304 283 359 μέν
316 299 625 360 ἄφαρπάζοντες
657 301 710 343 τὰ
742 299 785 343 δ’
818 299 1105 357 ἀφανίζοντες,
1142 298 1199 351 ὥς
1226 301 1293 342 καὶ
1316 304 1455 344 πᾶσαν
1470 318 1586 356 μεσι-
1609 304 1637 338 Β

94 372 100 379 “
129 373 239 416 τείαν
268 373 337 414 καὶ
366 371 494 425 αὐτῆς
523 374 597 424 τῆς
621 367 717 412 κατ’
741 367 895 418 advocas·
919 369 1131 423 ἐκκλησίας
1153 370 1209 419 εἲς
1233 367 1395 426 εἰρήνην
1412 368 1588 426 ἀγούσης

128 440 347 498 ἀπρακτεῖν
372 439 419 482 τὸ
448 435 666 495 παράπαν,
716 437 784 479 καὶ
810 434 957 492 λόγους
982 436 1123 487 κενοῦς
1154 435 1253 480 εἶναι
1286 438 1382 488 τοὺς
1400 439 1515 496 σφίσι
1534 438 1587 482 τὰ

94 513 206 564 5τῆς
234 505 396 566 εῗρήνης
427 506 748 562 εἰσηγουμένους.
815 502 981 561 πρώτην
1011 506 1086 559 μὲν
1117 500 1190 548 οὖν
1224 500 1295 561 ἦγε
1329 510 1589 562 Μαιμακτη-

127 574 252 633 ριῶν,
279 578 346 620 καὶ
365 575 559 630 βασιλεὺς
585 575 715 630 τρισὶν
743 571 914 630 ἡμέραις
941 571 1140 630 πρότερον
1169 578 1244 629 τῆς
1269 576 1586 619 Κωνσταντίνου

127 643 374 700 ἐξεληλακώς
391 643 494 698 πρὸς
510 642 585 698 τὴν
602 642 751 698 Χηλὴν
770 642 818 685 τὸ
838 641 1220 699 ἆμφιθαλασσίδιον
1237 640 1436 700 φρούριον
1455 643 1587 699 ἤλαυ-

126 729 216 764 νεν,
245 711 304 755 ἔτι
328 713 373 754 δὲ
396 711 497 767 πρὸς
528 715 587 770 τῷ
615 707 846 766 Δαματρύῖ
870 708 1042 766 ἐσκήνου
1069 710 1118 754 τὸ
1138 709 1381 767 ὗπηρετικόν
1404 714 1587 770 προσμί-

124 797 228 833 νων,
253 781 321 823 καὶ
345 778 458 829 ὅσοις
484 774 535 835 ἦν
565 778 678 838 αὐτῷ
708 779 895 823 ἕπεσθαι.
962 781 1031 822 καὶ
1059 783 1134 834 τῆς
1160 777 1326 836 πρώτης
1351 785 1426 824 τοῦ
1452 781 1583 837 μηνὸς
1606 788 1637 822 C

71 861 116 896 10
126 847 299 906 ἑσπέρας
318 849 412 904 περί
431 865 510 891 που
536 847 584 891 τὸ
616 844 879 902 μεσονύκτιον
899 848 1065 903 σεισμὸς
1090 849 1276 902 ἐμπίπτει
1292 848 1441 910 μέγας,
1477 850 1583 893 κατὰ

124 917 222 967 τοὺς
252 920 335 960 τῶν
369 913 528 969 ζώντων
557 914 759 971 σωμάτων
790 914 1024 974 σφυγμούς·
1062 915 1134 966 οὓς
1164 921 1324 971 μᾶλλον
1341 919 1407 961 καὶ
1428 920 1584 969 δεινοὺς

122 985 163 1028 οἶ
180 986 270 1041 περὶ
287 982 445 1028 τούτων
461 982 695 1041 γράψαντες
712 985 894 1040 λε’γουσιν
918 983 973 1035 ὥς
991 982 1181 1028 κάτωθεν
1202 985 1376 1037 διιέντας
1395 989 1462 1029 καὶ
1478 985 1582 1030 ὕπο-

122 1058 314 1104 σπῶντας
332 1054 516 1108 θεμέλια.
584 1050 706 1103 τόσος
723 1058 821 1110 γοῦν
845 1051 975 1097 ὄτότε
998 1052 1103 1097 ὥστε
1125 1055 1194 1097 καὶ
1223 1055 1380 1110 μηδένα
1404 1055 1504 1111 ἔχειν
1521 1056 1580 1110 μὴ

121 1121 296 1165 παλαιὸν
322 1122 381 1175 μὴ
410 1121 499 1164 νέον
520 1121 665 1164 εῗδέναι
674 1155 688 1175 ‚
725 1122 784 1176 μὴ
817 1121 878 1165 ὅτι
896 1139 938 1178 γε
956 1124 1078 1177 μείζω
1091 1155 1104 1175 ,
1142 1122 1241 1165 ἄλλ’
1265 1122 1362 1166 οὐδ’
1381 1123 1472 1168 ἴσον
1491 1123 1580 1168 πώ-

66 1201 111 1237 -15
120 1207 232 1236 ποτε.
299 1190 404 1239 τινὲς
432 1190 477 1233 δὲ
494 1194 575 1232 τῶν
605 1190 687 1245 ’ἤδη
708 1189 990 1247 γεγηρακότων
1010 1195 1069 1250 τῷ
1092 1190 1188 1234 κατ’
1212 1191 1355 1247 ἐξοχὴν
1377 1193 1578 1253 λεγομένῳ
1599 1195 1632 1231 D

119 1255 282 1317 μεγάλῳ
312 1259 460 1301 ἐκεῖνον
488 1259 728 1315 παρείκαζον
745 1273 758 1283 ·
805 1258 914 1303 οὕτω
944 1259 1023 1316 γὰρ
1053 1261 1121 1302 καὶ
1143 1264 1290 1303 τοῦτον
1320 1261 1391 1318 ἐφ’
1411 1260 1581 1319 ἧμέραις

119 1327 324 1376 πλείσταις
342 1327 642 1381 ἒπισυμβαίνειν
655 1360 668 1380 ,
705 1329 771 1370 καὶ
792 1326 1023 1378 πλειστάκις
1038 1332 1112 1382 τῆς
1128 1326 1284 1385 ἠμέρας
1301 1328 1328 1384 ἢ
1351 1332 1417 1373 καὶ
1434 1331 1581 1382 νυκτὸς

118 1394 356 1451 προφαίνειν
377 1394 482 1437 κατὰ
501 1395 646 1449 μικρὸν
665 1396 718 1438 τὰ
736 1401 811 1439 τοῦ
834 1394 1064 1450 πνεύματος
1087 1397 1452 1452 ἕγκαταλείμματα,
1475 1398 1580 1443 ὥστε

119 1464 187 1505 καὶ
216 1462 562 1518 Ἀνθεστηριῶνος
591 1461 911 1522 ἑπτακαιδεκάτῃ
942 1465 1127 1507 ἐνταῦθα
1156 1466 1231 1519 μέν
1269 1468 1394 1510 πλείω
1422 1467 1470 1511 τὸ
1502 1473 1579 1511 τοῦ

63 1543 111 1578 20
119 1528 270 1588 χρόνου
296 1534 427 1586 μῆκος
451 1531 664 1587 γενέσθαι,
709 1531 1000 1590 μαλακώτερον
1026 1533 1071 1576 δὲ
1101 1537 1153 1591 τῇ
1172 1532 1363 1589 δυνάμει,
1403 1537 1444 1579 ἓν
1463 1538 1508 1580 δὲ
1527 1542 1578 1593 τῇ

116 1720 181 1754 bus
202 1719 352 1755 Venetos
381 1721 524 1766 pessime
556 1722 725 1758 multatos.
770 1735 873 1759 naves
904 1727 999 1760 totae
1023 1725 1158 1760 incursu
1178 1725 1302 1761 infesto
1324 1727 1573 1772 mergebantur.

115 1775 174 1799 res
194 1768 232 1799 et
252 1766 415 1811 pecuniae
443 1767 566 1812 partim
594 1773 716 1814 raptae
745 1771 1003 1814 auferebantur,
1037 1772 1161 1817 partim
1193 1778 1372 1818 corruptae
1402 1774 1573 1818 peribant.

114 1810 212 1845 multi
234 1812 382 1856 frustra,
404 1813 505 1847 etiam
529 1826 549 1847 e
571 1815 784 1859 praesulibus
814 1828 855 1850 ac
877 1818 1111 1852 sacerdotibus
1136 1818 1301 1852 ecclesiae
1322 1819 1489 1863 ipsorum,
1517 1830 1575 1853 re-

115 1856 294 1891 conciliare
314 1857 406 1892 inter
427 1858 478 1892 sic
509 1858 657 1894 infensos
690 1862 834 1906 gratiam
855 1866 1083 1897 tentaverant.
1129 1864 1236 1898 omnis
1257 1875 1391 1909 semper
1411 1865 1572 1899 tractatio

114 1902 343 1936 conventionis
364 1903 399 1936 in
419 1903 552 1939 irritum
574 1912 746 1949 cesserat;
779 1919 820 1942 ac
851 1919 894 1942 ne
924 1909 1122 1943 mentionem
1153 1909 1287 1954 quidem
1311 1909 1404 1953 pacis
1428 1910 1526 1944 ullam
1550 1922 1573 1945 a

114 1946 315 1981 concordiae
343 1950 538 1984 suasoribus
567 1950 635 1985 iam
667 1953 783 1987 audire
815 1953 1037 1990 sustinebant.
1083 1959 1253 1988 caeterum
1287 1955 1441 1990 kalendis
1472 1956 1572 1999 Iunii,

115 2003 190 2025 cum
211 1992 322 2026 triduo
346 1998 426 2027 ante
446 1995 632 2039 imperator
648 1998 940 2045 Constantinopoli
961 2010 1120 2043 egressus
1139 2000 1268 2033 Chelen
1290 2011 1408 2035 versus
1430 2002 1496 2035 iter
1517 2002 1574 2036 in-

113 2036 210 2071 iisset
231 2038 326 2082 (erat
347 2038 432 2072 haec
453 2051 514 2073 arx
537 2042 620 2075 mari
643 2042 851 2086 circumflua)
881 2050 917 2079 et
938 2046 1049 2079 adbuc
1071 2045 1115 2078 ad
1137 2045 1322 2089 Damatryn
1345 2047 1573 2082 tabernaculis

113 2082 194 2116 fixis
227 2087 426 2128 expectaret
457 2088 584 2129 partem
617 2087 708 2122 illam
736 2089 908 2134 palatinae
937 2091 1084 2124 familiae
1115 2101 1214 2135 quam
1253 2091 1332 2126 illuc
1363 2093 1461 2139 sequi
1493 2105 1572 2128 sese

112 2128 320 2174 praecedens
341 2128 509 2171 iusserat,
540 2143 685 2177 vespera
714 2134 843 2178 primae
873 2135 939 2169 diei
971 2135 1116 2179 mensiS,
1149 2136 1241 2172 circa
1262 2142 1394 2173 noctem
1416 2139 1569 2182 mediam,

111 2180 227 2209 terrae
247 2179 357 2209 motus
380 2181 520 2210 coortus
542 2181 596 2210 est
618 2178 749 2223 ingens,
772 2191 898 2225 quassa
919 2181 1041 2214 tellure
1063 2181 1106 2214 ad
1138 2182 1279 2217 formam
1300 2184 1454 2229 pulsuum
1477 2190 1571 2219 arte-

111 2219 258 2254 ricorum
280 2220 314 2254 in
336 2220 428 2255 vivis
450 2223 659 2268 corporibus,
686 2224 818 2259 alterna
839 2226 1070 2261 contractione
1090 2238 1132 2261 ac
1153 2227 1347 2264 dilatatione
1369 2230 1569 2266 micantium.

112 2266 202 2311 quod
224 2277 330 2310 genus
352 2271 467 2301 terrae
488 2273 656 2311 motuum,
687 2270 747 2315 qui
781 2270 824 2305 de
849 2271 914 2305 illis
947 2271 1174 2317 scripserunt,
1205 2275 1349 2310 maxime
1371 2277 1506 2311 noxium
1529 2288 1570 2311 ac

111 2311 323 2346 formidabile
345 2324 420 2347 esse
442 2314 673 2357 tradiderunt,
705 2318 823 2361 utpote
846 2328 913 2362 quo
935 2317 1012 2362 ipsa
1034 2318 1132 2372 quasi
1154 2320 1370 2356 fundamenta
1393 2322 1486 2357 orbis
1508 2334 1570 2367 pe—

109 2356 203 2391 nitus
225 2358 362 2392 evoluta
384 2359 622 2395 convellantur.
669 2366 784 2397 tantus
807 2370 919 2397 autem
941 2363 972 2397 is
994 2374 1054 2409 qul
1076 2367 1157 2398 tunc
1179 2367 1292 2400 extitit
1310 2368 1388 2410 suit,
1413 2374 1452 2402 ut
1474 2380 1569 2402 nemo

109 2401 243 2438 iuvenis
265 2410 326 2438 aut
349 2416 452 2439 senex
475 2406 659 2450 quamlibet
682 2419 771 2452 vage
792 2408 1049 2454 peregrinatus,
1081 2412 1281 2455 quantaevis
1306 2414 1484 2448 vetustatis
1508 2425 1570 2460 per

109 2452 257 2483 aetatem
279 2449 417 2483 multum
439 2457 634 2495 provectam
656 2465 793 2496 memor,
811 2466 929 2499 parem
950 2455 998 2488 illi
1021 2467 1059 2488 se
1081 2466 1235 2502 umquam
1258 2462 1319 2493 aut
1339 2461 1467 2505 uspiam
1491 2471 1569 2494 sen-

109 2493 216 2537 sisse,
252 2495 373 2529 nedum
395 2496 573 2541 maiorem,
596 2505 713 2544 posset
736 2499 919 2535 affirmare.
965 2500 1102 2546 quidam
1123 2506 1236 2538 tamen
1257 2504 1314 2549 qui
1337 2506 1425 2540 ultra
1446 2505 1568 2549 vulga-

108 2549 182 2573 rem
204 2540 336 2574 modum
359 2547 552 2585 senuerant,
575 2545 687 2590 prisco
710 2545 760 2579 illi
780 2550 896 2580 terrae
919 2546 1043 2588 motui,
1076 2547 1135 2592 qui
1155 2560 1219 2593 per
1240 2550 1471 2586 excellentiam
1494 2562 1567 2584 ma-

109 2595 196 2629 gnus
219 2586 431 2631 appellatur,
463 2589 552 2624 hunc
574 2591 717 2635 quadam
741 2602 784 2625 ex
812 2596 912 2636 parte
934 2593 1191 2637 comparabilem
1213 2597 1398 2640 putabant:
1431 2607 1507 2630 nam
1529 2600 1566 2630 et

108 2629 145 2662 in
166 2630 253 2672 boc,
286 2631 441 2667 similiter
461 2635 555 2669 utin
576 2635 633 2670 illo
656 2636 893 2681 contingebat,
922 2637 1119 2684 plerumque
1151 2651 1215 2685 per
1245 2641 1333 2676 diem
1366 2647 1402 2676 et
1433 2645 1565 2675 noctem

108 2675 255 2718 proferri
284 2677 435 2712 debiliori
467 2691 628 2715 succussu
663 2683 761 2727 quasi
795 2682 915 2717 sensim
939 2684 1206 2728 elanguescentis
1227 2688 1391 2733 reliquias
1413 2687 1564 2732 spiritus.

108 2719 195 2753 adeo
215 2725 255 2754 ut
276 2723 418 2767 septima
440 2725 570 2760 decima
592 2727 715 2762 mensis
737 2728 814 2762 Iulii
843 2728 1077 2764 concussiones
1110 2731 1167 2765 hic
1187 2733 1320 2778 quidem
1345 2738 1460 2766 essent
1482 2744 1565 2778 pro-

109 2764 280 2801 ductiores
302 2772 475 2815 tempore,
507 2772 718 2808 remissiores
748 2785 829 2808 vero
861 2774 1008 2820 impetu,
1038 2775 1075 2810 in
1099 2777 1240 2814 Oriente
1260 2789 1342 2814 vero
1363 2778 1506 2814 maiores
1528 2781 1563 2813 et
