1858 3126
241 164 340 211 860
599 173 618 205 J
648 164 960 209 OBSERVAT.
990 166 1300 212 PAGHYMER.

259 272 337 333 ἓξ
376 272 541 332 ffissmfussgss
565 271 732 334 Ῑωξιῑζῃῐξψ
778 276 894 315 missa
927 276 1035 315 intra
1075 277 1177 316 diem
1213 278 1551 331 quadragesimum
1571 282 1703 333 Cyzici

376 338 542 401 dliffifflffl
569 373 732 402 Andronici
778 334 1064 383 numerandae,
1092 340 1215 386 prout
1241 336 1390 374 factum
1415 337 1492 387 est)
1518 349 1596 387 qua
1623 353 1703 376 non

445 406 474 433 v
779 391 907 429 solum
928 391 1007 429 suis
1027 390 1234 439 Catelanis,
1253 391 1322 431 sed
1339 392 1476 430 Alanis
1493 393 1612 433 etiam
1629 395 1702 433 sti-

243 446 349 487 1306
457 446 485 486 2
622 446 677 487 24
778 448 922 500 pendia
939 448 1053 499 plene
1070 448 1255 489 solveret.
1310 449 1338 489 l.
1361 450 1387 491 5
1406 463 1440 488 c.
1459 452 1526 491 21.

576 498 724 579 Μῑῗέἓῑ·
835 504 966 556 Cyzici
982 505 1220 543 Rontzerius
1239 505 1336 544 dum
1354 505 1559 557 pecuniam
1579 507 1707 558 impe-

778 562 970 600 ratoriam
992 562 1073 600 suis
1104 563 1228 612 large,
1259 562 1394 600 Alanis
1413 562 1581 614 maligne
1601 563 1706 603 divi—

779 618 850 668 dit,
881 632 1039 657 causam
1055 619 1304 669 querelarum
1325 625 1364 657 et
1384 620 1629 659 simultatum
1642 621 1707 659 in-

777 681 840 714 ter
863 676 995 714 ambas
1015 676 1194 714 nationes
1210 675 1384 727 praebet.
1440 676 1537 717 ibid.

834 733 982 771 Irritati
993 732 1167 771 Catelani
1179 732 1324 771 Alanos
1344 734 1601 785 contemptim
1618 739 1707 772 tra-

777 795 901 839 ctant,
930 802 1004 827 nec
1022 790 1102 830 vim
1119 789 1370 829 abstinentes.
1426 790 1534 830 unde
1557 790 1610 828 ad
1628 804 1706 842 pu—

776 860 892 898 gnam
918 846 1102 896 venitur,
1131 847 1381 886 vincentibus
1400 849 1530 899 primo
1551 847 1707 885 Catela-

776 904 837 942 nis
857 903 984 942 occiso
1006 903 1149 954 Georgi
1166 903 1384 942 Alanorum
1404 905 1587 955 primoris
1606 904 1706 942 filio:

776 960 846 998 sed
865 966 999 1011 postea
1013 961 1188 1000 Catelani
1206 961 1375 999 trecenti
1390 961 1440 999 ab
1451 961 1584 999 Alanis
1598 961 1706 1014 peri-

775 1023 942 1055 muntur
967 1017 1030 1055 die
1053 1020 1078 1059 9
1097 1017 1254 1069 Aprilis.
1311 1017 1408 1055 ibid.

831 1073 1005 1125 Alisyras
1025 1087 1115 1112 cum
1130 1074 1307 1111 exercitu
1317 1075 1599 1114 Cal-manorum
1611 1073 1706 1112 Phi-

774 1130 1012 1182 ladelphiam
1038 1137 1125 1170 arta
1152 1131 1354 1168 obsidione
1378 1131 1545 1169 cinctam
1570 1129 1614 1168 in
1631 1142 1705 1168 ex·-

774 1195 943 1227 tremam
967 1188 1108 1229 famem
1128 1187 1261 1239 adigit.
1319 1187 1415 1231 ibid.

831 1245 1083 1284 Andronicus
1115 1258 1189 1296 pro
1220 1243 1492 1296 Philadelphia
1531 1242 1705 1281 solicitus

774 1302 1032 1342 Rontzerium
1053 1307 1190 1353 urget,
1218 1307 1266 1339 ut
1287 1314 1378 1340 cum
1395 1300 1442 1338 iis
1460 1313 1557 1351 quas
1574 1299 1702 1352 Cyzici

774 1359 946 1400 habebat
969 1359 1049 1398 suis
1069 1363 1109 1397 et
1133 1357 1351 1397 Alanorum
1379 1357 1499 1410 copiis
1532 1369 1578 1395 eo
1606 1370 1703 1408 sup-

772 1416 896 1469 petias
919 1421 1115 1454 accurrat.
1171 1414 1268 1452 ibid.

830 1473 909 1511 Sed
923 1473 970 1510 iis
987 1486 1118 1511 moras
1135 1471 1268 1509 adhuc
1286 1469 1543 1518 nectentibus,
1565 1468 1705 1508 adulto

773 1530 850 1568 iam
867 1528 1034 1580 Martio,
1067 1528 1316 1567 Andronicus
1343 1539 1568 1579 germanam
1592 1539 1704 1564 suam

775 1586 926 1629 [renem
945 1586 1083 1624 Asanis
1100 1585 1284 1635 viduam,
1313 1584 1515 1623 Rontzerii
1535 1596 1704 1631 socrum,

775 1648 911 1693 coepta
941 1642 1018 1681 iam
1044 1641 1295 1680 hebdomada
1322 1641 1468 1679 maiore
1494 1639 1566 1677 sub
1585 1639 1705 1677 finem

774 1699 908 1736 Martii
929 1696 1094 1747 (Pascha
1114 1699 1216 1735 enim
1236 1698 1428 1735 illo'anno
1446 1697 1522 1734 suit
1539 1699 1564 1738 8
1584 1695 1705 1747 Apri-

773 1752 842 1809 lis)
861 1754 1045 1806 Cyzicum
1066 1753 1261 1806 proficisci
1278 1754 1409 1802 iubet,
1439 1759 1480 1791 et
1499 1753 1578 1791 illic
1597 1753 1705 1804 apud

774 1824 959 1863 generum
982 1811 1130 1849 instare
1157 1824 1208 1853 ne
1234 1817 1314 1848 tam
1342 1810 1600 1848 necessariam
1631 1822 1704 1847 ex—

774 1868 1014 1921 peditionem
1032 1867 1141 1907 ultra
1160 1867 1324 1907 differat.
1379 1866 1474 1910 ibid,

833 1924 1008 1963 Tandem
1043 1937 1175 1962 mense
1203 1922 1606 1973 Maii,-reconciliatis
1635 1927 1704 1960 ut-

776 1994 943 2032 cumque
988 1980 1121 2019 Alanis
1137 2010 1147 2029 ,
1194 1979 1433 2020 Rontzerius
1476 1980 1706 2018 universum

773 2039 991 2076 exercitum
1015 2037 1228 2076 Achiraiim
1264 2042 1495 2088 promovet,
1533 2036 1704 2085 indeque

776 2096 942 2134 Germae
969 2095 1175 2143 admovet,
1205 2107 1324 2144 quam
1344 2105 1473 2131 arcem
1497 2094 1587 2144 fuga
1605 2093 1703 2130 Per-

775 2165 908 2190 sarum
928 2151 1120 2189 desertam
1152 2151 1268 2202 capit.
1325 2149 1493 2188 Romani
1517 2162 1581 2187 res
1613 2162 1702 2186 suas

773 2209 816 2246 in
833 2208 981 2260 praeda
998 2208 1150 2246 Persica
1181 2207 1330 2257 agnitas
1349 2206 1582 2257 recipientes
1602 2206 1703 2244 male

775 2279 797 2302 a
835 2265 1048 2305 Rontzerio
1096 2264 1330 2302 multantur.
1418 2275 1461 2300 ea
1501 2262 1703 2300 occasione

777 2320 1103 2360 Clu-anisthlabus
1134 2334 1298 2371 magnus
1338 2320 1510 2357 tzaiisius
1544 2318 1702 2370 pericli-

776 2384 887 2416 tatur
908 2377 957 2415 de
977 2377 1198 2429 suspendio.
1256 2377 1282 2416 l.
1303 2378 1328 2419 5
1347 2389 1380 2413 c.
1399 2379 1449 2417 21
1468 2381 1508 2412 et
1522 2377 1590 2415 23.

833 2434 1111 2473 Constantinus
1144 2431 1504 2484 Porphyrogenitus
1537 2430 1700 2468 Andro-

776 2491 854 2528 niei
882 2490 1130 2542 imperatoris
1149 2490 1270 2528 frater
1291 2490 1332 2526 in
1358 2499 1511 2525 carcere
1532 2487 1702 2525 moritui·

779 2547 842 2584 die
861 2549 998 2596 quinta
1013 2546 1156 2585 mensis
1173 2545 1276 2583 Maii.
1333 2544 1359 2582 l.
1376 2544 1402 2586 5
1424 2556 1456 2587 c.
1473 2545 1541 2583 22.

834 2603 1068 2641 Rontzerius
1105 2602 1156 2639 ad
1184 2601 1369 2642 Aulacem
1403 2599 1549 2651 praelio
1579 2599 1701 2637 vincit

781 2659 994 2709 Alisyram‚
1027 2671 1105 2708 quo
1136 2658 1347 2701 vulnerato
1373 2656 1542 2707 fugiente
1566 2655 1701 2694 Phila-

779 2715 935 2767 delphia
953 2715 1158 2754 liberatur.
1215 2713 1242 2752 l.
1259 2714 1284 2756 5
1308 2727 1340 2751 e.
1359 2714 1426 2754 23.

834 2773 962 2811 Antea
990 2771 1157 2823 Tripolis
1195 2770 1246 2808 ad
1272 2769 1527 2808 Maeandrum
1554 2773 1696 2806 strate.-

778 2834 928 2881 gemate
939 2833 1051 2880 capta
1063 2840 1134 2879 per
1143 2832 1298 2866 noctem
1309 2840 1332 2864 a
1342 2825 1479 2865 Persis.
1507 2825 1533 2863 l.
1548 2824 1574 2867 5
1587 2838 1621 2864 c.
1631 2824 1698 2867 25.

106 2633 131 2665 P
155 2626 222 2662 624
