1858 3126
270 169 367 219 744
667 167 977 213 OBSERVAT.
1009 168 1319 215 PAGHYMER.
1391 230 1393 232 q

267 297 309 336 p.
324 280 416 333 43),
445 291 527 318 non
546 275 665 316 modo
687 276 828 316 Graeci
842 275 1081 316 schismatici
1106 275 1285 328 antiqui,
1314 274 1506 317 Macarius
1529 277 1708 330 Ancyra-

269 351 367 386 nus,
397 334 605 386 Gregorius
629 332 823 382 Palamas,
853 332 1043 386 Iosephus
1069 333 1314 385 Bryennius,
1343 332 1533 372 Ena-nuel
1548 335 1708 373 Palaeo-

271 394 385 444 logus
411 392 625 442 Augustus,
654 390 846 441 Georgius
861 388 1123 428 scholasticus
1140 388 1368 438 monachus,
1389 389 1607 428 Matthaeus
1621 404 1710 428 mo-

267 447 440 498 nachus,
471 446 663 486 Maximus
692 446 940 497 Margunius,
975 445 1132 483 Gabriel
1162 446 1329 484 Severus
1349 443 1709 497 Philadelphiensis‚

267 504 458 555 Georgius
479 502 681 551 Ceresius,
713 508 751 541 et
778 502 922 554 passim
942 501 1035 550 alii,
1065 501 1257 552 colligunt
1272 514 1361 539 eum
1384 513 1544 552 negasse
1562 502 1602 541 S.
1622 501 1712 553 Spi-

267 561 369 600 ritus
393 558 683 612 processionem
701 571 752 597 ex
774 558 875 596 filio:
905 558 973 596 sed
993 563 1031 596 et
1051 570 1072 595 e
1098 557 1385 596 recentioribus
1407 556 1556 595 Latinis
1573 556 1616 595 id
1634 570 1710 608 pro

269 622 378 656 certo
403 615 577 655 admittit
597 615 733 653 Ioann.
756 614 956 653 Gerardus
973 612 1133 652 Vossius
1149 614 1176 653 l.
1195 617 1222 655 2
1241 613 1290 651 de
1314 613 1522 651 Historicis
1550 612 1713 651 Graecis

267 688 309 726 p.
325 675 419 715 281.
448 671 544 723 quin
572 671 695 709 multo
725 676 814 709 ante
835 669 898 709 vir
920 682 1093 708 summae
1119 668 1365 708 auctoritatis
1394 670 1432 710 S.
1465 667 1540 709 Th.
1571 668 1714 707 doctor

267 728 480 780 Angelicus
498 727 601 765 idem
627 732 870 765 concesserat
889 725 933 763 in
950 727 1125 775 Summa,
1164 729 1184 766 1
1207 731 1318 776 parte
1345 730 1492 776 quaest.
1508 727 1564 766 86
1581 729 1656 764 art.
1670 727 1712 774 2,

268 784 338 823 ubi
361 797 450 822 cum
469 783 541 822 sibi
559 782 764 821 obiecisset
783 788 1012 833 argumento
1031 784 1056 822 3
1074 781 1180 819 hunc
1201 781 1332 832 ipsum
1350 781 1487 818 locum
1511 780 1714 818 Damasce-

268 840 335 890 ni,
363 839 422 878 sic
449 839 677 892 respondet:
705 837 764 875 ad
787 841 813 880 3
842 836 1056 876 dicendum
1076 835 1188 889 quod
1200 839 1399 889 Spiritum
1415 837 1612 874 Sanctum
1631 849 1714 874 non

262 894 474 950 procedere
494 895 621 946 afilia
634 895 768 946 primo
774 895 867 943 fuit
886 908 913 931 α
935 895 1190 932 Nestorianis
1211 891 1504 941 introductum,
1540 899 1587 929 ut
1597 897 1715 944 patet

267 954 314 990 in
335 951 513 1003 quodam
527 950 702 1001 symbolo
714 951 1044 989 Nestorianorum
1061 948 1256 987 damnato
1272 950 1316 986 in
1332 948 1536 1000 Ephesiae
1549 945 1714 999 synodo.

269 1015 307 1046 et
327 1008 436 1045 hunc
453 1020 620 1045 errorem
637 1014 797 1044 secutus
806 1007 903 1058 fuit
925 1005 1190 1046 Theodericus
1223 1006 1339 1055 (forte
1361 1004 1569 1055 legendum
1591 1003 1717 1042 Ἠκο-

269 1062 446 1116 dorltus)
464 1064 730 1102 Nestorianue
747 1070 783 1101 et
800 1063 942 1114 plures
954 1070 1050 1113 post
1067 1063 1201 1112 ipsum
1212 1092 1224 1110 ,
1253 1062 1355 1098 inter
1372 1074 1472 1112 quos
1482 1061 1577 1110 fuit
1592 1061 1716 1097 etiam

267 1121 562 1159 Damascenus.
620 1118 726 1156 unde
757 1121 801 1156 in
835 1118 909 1156 hoc
937 1121 1024 1156 eius
1057 1118 1273 1155 sententiae
1300 1130 1382 1154 non
1419 1123 1476 1154 est
1508 1114 1716 1156 standum.

261 1178 459 1228 *quamvis
477 1189 504 1213 a
525 1173 772 1227 quibusdam
789 1173 955 1211 dicatur
973 1172 1085 1226 quod
1097 1175 1375 1211 Damas-cenas
1390 1173 1497 1210 sicut
1518 1185 1599 1209 non
1617 1185 1717 1209 con·

258 1232 406 1285 fitetur
428 1233 626 1283 Spiritum
646 1232 840 1269 Sanctum
862 1243 942 1267 esse
963 1244 990 1267 a
1000 1230 1119 1281 filio,
1149 1230 1210 1266 ita
1238 1229 1359 1266 etiam
1375 1241 1456 1266 non
1474 1234 1596 1279 negat
1611 1240 1657 1265 ex
1671 1227 1718 1265 υἱ

267 1288 488 1328 verborum.
544 1287 601 1325 ita
628 1286 683 1324 ibi
712 1288 751 1325 S.
779 1287 933 1325 doctor.
998 1285 1215 1325 defendunt
1245 1290 1377 1323 tamen
1409 1283 1477 1322 hic
1508 1283 1556 1322 ab
1582 1295 1717 1322 errore

266 1343 555 1382 Damascenum
576 1343 715 1381 Graeci
735 1355 889 1394 quoque
906 1341 1006 1394 ipsi,
1036 1341 1103 1379 sed
1124 1339 1339 1379 orthodoxi
1360 1345 1399 1378 et
1417 1339 1534 1377 alieni
1551 1353 1573 1377 a
1589 1338 1717 1378 schis-

264 1406 393 1449 mate,
423 1399 668 1451 Nicephorus
685 1398 900 1437 Blemmida
919 1412 974 1436 or.
990 1397 1039 1436 ad
1059 1397 1245 1435 Iacobum
1265 1396 1492 1448 episcopum
1507 1395 1716 1446 Bulgariae

269 1455 320 1494 de
360 1455 609 1507 processione
641 1455 811 1507 Spiritus
842 1454 1000 1502 Sancti,
1048 1453 1224 1493 Bessario
1262 1452 1480 1491 Cardinalis
1517 1451 1632 1504 epist.
1660 1449 1717 1489 nd

268 1511 448 1549 Alexium
474 1510 667 1548 Lascarim
689 1509 1067 1562 Philanthropenum
1090 1516 1127 1547 et
1149 1509 1324 1548 oratione
1341 1507 1563 1560 dogmatica
1581 1506 1633 1545 ad
1647 1519 1716 1558 sy-

269 1566 419 1603 nodum
438 1566 700 1614 Orientalem,
733 1566 948 1603 Demetrius
971 1565 1171 1616 Cydonius
1189 1565 1380 1616 opusculo
1402 1565 1451 1602 de
1466 1561 1716 1615 processione

268 1621 442 1672 Spiritus
460 1621 617 1669 Sancti,
643 1621 833 1672 Iosephus
854 1620 1118 1659 Methonensis
1147 1627 1186 1660 et
1205 1620 1414 1670 Gregorius
1435 1618 1717 1670 Protosyncel-

269 1677 335 1715 lus
359 1683 499 1715 contra
520 1677 630 1728 epist.
656 1676 777 1714 Marci
811 1676 988 1727 Ephesii,
1029 1676 1254 1714 Gennadius
1274 1674 1498 1727 patriarcha
1513 1687 1597 1726 pro
1617 1687 1716 1712 con-

271 1732 365 1771 cilio
389 1733 639 1780 Florentino,
669 1745 767 1783 quos
800 1745 935 1769 omnes
965 1732 1117 1781 laudat,
1167 1731 1358 1769 fusissime
1386 1736 1424 1768 et
1450 1729 1716 1769 eruditissime

271 1794 449 1827 tractans
479 1787 588 1826 hunc
613 1788 769 1837 locum,
807 1787 869 1827 111.
898 1788 975 1825 Leo
1009 1787 1174 1825 Allatius
1199 1787 1228 1826 l.
1251 1790 1280 1829 2
1307 1787 1358 1825 de
1387 1786 1494 1825 Eccl.
1520 1785 1657 1824 Occid.
1675 1790 1716 1824 et

272 1844 426 1893 Orient.
457 1850 648 1896 perpetua
676 1844 953 1892 consensione,
997 1856 1031 1883 c.
1065 1847 1105 1885 2.
1170 1842 1312 1881 horum
1339 1843 1616 1894 plerorumque
1638 1854 1714 1894 pro
1742 1886 1770 1894 ³·

272 1900 510 1938 Damasceno
542 1899 743 1952 responsio
775 1899 855 1938 fere
889 1899 1078 1937 coincidit
1109 1912 1197 1937 cum
1230 1898 1437 1950 postremis
1467 1899 1507 1937 S.
1541 1896 1716 1937 Thomna
1768 1894 1771 1898 ’

273 1956 483 2008 Aquinatis
507 1956 625 1994 modo
650 1955 781 1994 relatis
810 1955 949 1994 verbis.
1006 1955 1116 1994 aiunt
1144 1954 1298 1993 scilicet
1325 1961 1364 1993 et
1381 1954 1449 1993 isti
1467 1966 1715 2006 nequaquam

274 2013 385 2062 sequi
403 2025 454 2050 ex
486 2024 532 2050 eo
563 2012 670 2063 quod
697 2011 844 2050 scribat
874 2012 1131 2050 Damascenus
1151 2026 1192 2048 se
1207 2025 1288 2049 non
1309 2009 1436 2048 dicere
1455 2011 1650 2062 Spiritum
1669 2022 1716 2047 ex

264 2068 382 2119 filio,
411 2067 543 2118 negari
560 2067 607 2105 ab
624 2068 711 2119 ipso
732 2067 838 2105 istud
856 2067 1000 2119 ipsum.
1057 2067 1247 2118 quaedam
1265 2066 1369 2106 enim
1389 2072 1498 2105 certa
1527 2079 1578 2104 ex
1598 2078 1715 2104 causa

274 2136 356 2161 non
374 2122 580 2173 dicuntur,
611 2136 712 2175 quae
727 2136 806 2162 non
827 2129 1021 2174 negantur
1039 2129 1169 2162 tamen
1181 2152 1193 2173 ,
1223 2123 1314 2174 quia
1327 2123 1446 2161 verba
1467 2135 1564 2173 quae
1579 2121 1715 2161 haere-

273 2178 347 2217 tici
362 2192 488 2229 pravo
516 2191 633 2217 sensu
656 2180 916 2231 protulerint,
944 2179 1145 2218 interdum
1175 2178 1359 2217 catholici
1382 2184 1570 2217 verentur
1593 2190 1714 2215 usur-

274 2247 390 2285 pare,
419 2247 469 2272 ne
498 2234 633 2273 audita
663 2241 856 2287 putentur
881 2236 1078 2288 appictam
1111 2236 1190 2274 illis
1217 2248 1288 2287 per
1307 2235 1510 2273 damnatos
1532 2239 1712 2271 auctores

275 2289 407 2327 adhuc
434 2289 602 2329 retinere
626 2291 874 2333 sententiam.
930 2291 1114 2343 quoniam
1157 2304 1248 2342 ergo
1281 2290 1494 2328 Eunomius
1525 2288 1713 2333 trinitatis

276 2345 619 2383 consubstantialis
643 2345 770 2384 hostis
795 2347 834 2387 S.
862 2347 1052 2398 Spiritum
1081 2360 1161 2385 esse
1179 2360 1230 2385 ex
1249 2345 1332 2384 filio
1354 2345 1636 2391 affirmaverat,
1665 2356 1711 2380 eo

278 2400 430 2438 scilicet
446 2400 564 2438 modo
579 2401 623 2438 id
642 2401 863 2452 intelligens
882 2416 961 2453 quo
979 2403 1111 2455 ipsum
1137 2415 1185 2440 ex
1203 2407 1315 2454 patre
1342 2400 1466 2438 filium
1485 2404 1523 2437 et
1545 2398 1713 2436 verbum

275 2468 358 2494 nou
378 2455 762 2495 consubstantialiter
793 2458 1004 2508 procedere
1032 2457 1179 2506 aiebat,
1209 2457 1384 2496 vitabant
1409 2453 1597 2492 catholici
1616 2454 1713 2492 sim-

277 2510 432 2564 pliciter
459 2510 577 2548 talem
611 2512 840 2549 sententiam
868 2513 1025 2561 efferre,
1066 2513 1131 2550 cui
1161 2525 1210 2550 ex
1238 2513 1316 2549 late
1348 2510 1507 2560 vulgato
1527 2508 1713 2547 Eunomii

277 2579 414 2607 errore
437 2565 599 2618 reprobi
624 2566 814 2616 dogmatis
850 2568 1043 2606 calumnia
1067 2567 1253 2608 haereret.
1319 2579 1396 2616 qua
1420 2565 1504 2603 sola
1529 2564 1713 2603 cautione

279 2623 384 2662 idem
410 2622 667 2660 Damascenus
694 2622 842 2672 refugit
873 2636 1016 2662 vocare
1046 2622 1195 2660 beatam
1222 2621 1383 2660 Mariam
1414 2620 1713 2672 christiparam,

279 2679 378 2717 licet
406 2678 565 2716 minime
592 2683 749 2728 negaret
774 2690 858 2715 eam
882 2691 974 2717 vere
997 2677 1194 2716 Christum
1222 2677 1441 2730 peperisse,
1480 2682 1636 2714 tantum
1660 2689 1713 2715 ne

277 2740 394 2774 utens
419 2733 522 2772 notis
543 2733 670 2773 verbis
688 2732 880 2782 Nestorii,
909 2734 1048 2786 quibus
1066 2733 1133 2771 ille
1158 2732 1427 2772 haeresiarcha
1448 2731 1713 2784 blasphemam

278 2803 388 2829 suam
407 2788 646 2843 exprimebat
663 2788 888 2842 opinionem
902 2818 915 2840 ‚
950 2802 1134 2843 personas
1157 2789 1253 2829 duas
1275 2788 1431 2829 Christo
1448 2788 1711 2840 effingentem,
