1820 3112
329 133 404 175 DE
439 131 773 176 ANDRONICO
808 131 1188 177 PALAEOLOGO
1224 133 1270 175 L.
1306 131 1379 176 111.
1485 134 1582 179 215

123 264 216 305 ρον,
253 246 322 290 διὰ
339 247 486 300 μίσους
503 245 602 295 τούς
624 246 715 303 περὶ
733 244 991 299 τὸνβασιλέα
1015 242 1271 302 ποιούμενοι,
1311 248 1379 289 καὶ
1397 250 1585 304 φανερῶς

119 315 174 359 τὰ
189 319 264 371 τῆς
277 318 511 371 μεταβολῆς
531 311 785 369 ἠβούλοντο,
823 315 1189 370 διαγανακτοῦντες
1218 317 1254 358 εἰ
1274 314 1390 358 αὐτοὶ
1420 316 1496 369 μὲν
1514 317 1581 358 διὰ

119 381 255 428 πόνων
266 387 495 441 χωροῦντες
511 384 577 424 καὶ
601 386 683 426 τῶν
699 383 806 425 ἐσαεὶ
825 380 1022 426 κινδύνων
1042 382 1192 440 ἑτέροις
1211 382 1285 439 τὴν
1297 383 1483 433 ἐξουσίαν
1502 401 1579 439 xa·

119 454 322 509 ρίζονται,
359 453 500 495 ἐκεῖνοι
520 452 543 493 δ
553 450 566 466 '
595 451 638 494 ἓν
670 450 801 494 ἀνέσει
832 454 1070 507 τρυφῶντες
1097 453 1205 507 μηδὲ
1222 450 1343 507 χάριν
1361 452 1582 506 εἷσομένοις

85 519 295 580 δέῴκεσαν
323 514 381 564 ὧν
411 515 456 563 εὖ
481 517 716 562 πεπόνθασί
734 537 778 562 τε
809 521 875 561 καὶ
907 517 1110 574 πάσχουσι
1137 519 1240 577 παρ’
1277 519 1435 573 αὐτῶν,
1475 520 1581 564 ἀλλὰ

118 590 362 643 καὶμᾶλλον
391 590 457 631 καὶ
477 592 558 631 τῶν
575 587 910 644 ἀποτεταγμένων
930 586 1185 631 κολούονται.
1256 589 1322 630 καὶ
1350 587 1575 645 προσερχό-
1600 595 1627 630 Ρ
1654 595 1719 632 146

115 674 230 712 μενοι
252 657 358 700 κατὰ
383 658 525 712 στίχας
543 655 663 699 πλέον
693 653 944 711 ἐθεράπευον
964 661 1039 699 τοῦ
1061 654 1239 710 εἰκότος,
1268 658 1335 699 καὶ
1357 655 1577 713 ἀξιώτερον

115 725 253 781 ἄρχειν
285 724 412 768 αὐτὸν
437 724 550 782 παρὰ
578 724 676 775 τούς
709 724 861 775 ἅλλους
889 726 1092 768 ἐδικαίουν
1130 727 1199 768 καὶ
1228 723 1575 782 προσηνάγκαζον,

114 794 230 850 ὀλίγα
257 794 459 848 βασιλέως
492 794 559 836 καὶ
586 797 669 836 τῶν
697 797 771 836 τοῦ
790 794 992 847 βασιλέως
1012 795 1308 850 φροντίζοντες.
1377 792 1478 837 εἶναι
1498 795 1575 851 γὰρ

60 864 254 920 waplam
280 863 325 905 ἔκ
351 866 516 906 πολλῶν
544 861 590 904 τὸ
613 860 909 916 βουλευόμενον
938 861 1116 906 ἀνυστόν
1124 895 1138 916 ,
1189 864 1255 904 καὶ
1274 866 1433 917 μᾶλλον
1451 868 1575 920 τριῶν

111 935 196 974 τῶν
212 928 492 987 ἰσχυροτάτω
501 964 515 983 ,
550 934 627 973 τοῦ
658 947 701 973 τε
727 930 799 973 τὸν
835 930 936 974 λαὸν
962 928 1097 974 πάντα
1131 932 1291 985 ζημίαις
1315 929 1575 987 βαρούμενον

111 1001 179 1043 καὶ
195 997 433 1042 συνδόσεσιν
450 1001 507 1049 εἰς
526 998 781 1042 ἀποστασίαν
802 999 963 1053 ἕτοιμον
985 997 1084 1042 εἶναι
1095 1032 1108 1052 ,
1147 1003 1221 1042 τοῦ
1250 1016 1294 1042 τε
1326 997 1483 1050 πάντας
1503 1000 1573 1044 εὖ-

107 1072 242 1123 μενῶς
267 1067 371 1124 πρὸς
401 1067 526 1110 αὐτὸν
553 1066 675 1122 ἔχειν,
722 1066 812 1111 ὅσοι
846 1068 898 1122 δὴ
927 1069 994 1110 καὶ
1016 1066 1091 1110 ὑπ’
1117 1067 1230 1126 αὐτῷ
1260 1066 1568 1125 στρατεύονται,

108 1139 177 1180 καὶ
195 1137 335 1193 τρίτου
356 1140 430 1179 τοῦ
447 1137 515 1178 καὶ
532 1140 814 1191 παμπληθοῦς
838 1135 1021 1192 εὐπορεῖν
1042 1140 1272 1193 Περσικοῦ,
1311 1136 1473 1193 ἀνδρῶν
1493 1137 1567 1180 οὐκ
1590 1145 1617 1180 Β

62 1204 233 1248 15ἲίλλον
262 1202 428 1248 εῗδότων
453 1204 479 1259 ἢ
507 1204 579 1247 τὸν
609 1204 761 1254 αὐτοῦς
792 1202 1156 1259 αὐτομολήσαντας
1183 1207 1249 1247 καὶ
1267 1202 1568 1260 ὗποδεξάμενον

106 1275 174 1316 καὶ
204 1271 262 1323 ὦς
291 1273 395 1322 εἲκός
416 1269 733 1329 θεραπεύσαντα
747 1287 756 1296 ·
801 1271 900 1316 εἶναι
925 1274 970 1315 δὲ
995 1275 1062 1315 καὶ
1084 1275 1138 1323 εἰς
1151 1270 1340 1327 χιλιάδας
1361 1275 1567 1329 ποσουμὲ-

106 1358 225 1395 νους,
257 1342 462 1397 μαχίμους
487 1339 751 1396 ξύμπαντας,
806 1340 896 1391 ἑνὸς
937 1341 1187 1397 ἔξημμένους
1219 1342 1456 1398 βλέμματος
1492 1349 1566 1387 τοῦ

103 1542 170 1578 illis
192 1543 314 1578 nstris
337 1544 562 1579 censebantur
585 1544 707 1579 studia.
753 1543 843 1591 apud
859 1544 922 1579 hos
946 1555 1060 1579 omues
1083 1555 1204 1588 magno
1226 1543 1260 1578 in
1285 1543 1362 1578 odio
1383 1542 1565 1589 imperator

103 1594 142 1624 et
170 1589 243 1623 eius
274 1589 456 1624 familiares
487 1595 596 1627 erant.
643 1589 765 1636 passim
797 1591 840 1624 de
871 1591 939 1624 illis
961 1592 1233 1630 murmurabant,
1257 1589 1472 1635 indignantes
1493 1589 1563 1623 suis

101 1635 251 1681 ipsorum
265 1635 447 1678 laboribus,
459 1637 619 1681 periculis
635 1636 804 1671 continuis
820 1648 862 1670 ac
876 1636 1068 1670 miserrimis
1081 1636 1251 1671 aerumnis
1267 1637 1330 1670 emi
1346 1634 1562 1680 tranquillam

101 1681 296 1715 fruitionem
317 1682 409 1716 vitae
437 1681 610 1716 affluentis
644 1683 732 1716 omni
762 1683 888 1717 bonore
918 1694 960 1717 ac
990 1694 1101 1716 rerum
1123 1682 1228 1727 copiis
1251 1693 1359 1727 usque
1382 1681 1424 1715 ad
1449 1682 1561 1714 luxum

100 1726 287 1761 hominibus
307 1727 532 1771 ignavissimis
545 1753 557 1770 ,
577 1728 635 1774 qui
658 1740 700 1762 ne
721 1729 810 1762 tanti
833 1728 968 1773 quidem
990 1729 1154 1762 ducerent
1176 1728 1328 1773 profiteri
1350 1727 1562 1768 beneficium,

100 1776 139 1806 et
158 1772 396 1807 infelicissimis
425 1773 584 1807 militibus
614 1774 756 1808 hostium
789 1773 878 1808 intra
906 1774 1044 1808 limitem
1077 1774 1245 1808 incursum
1268 1784 1403 1807 suorum
1426 1773 1562 1806 obiectu

100 1829 275 1863 corporum
297 1819 599 1854 intercludentibus
621 1822 741 1854 saltem
755 1821 860 1854 verbo
882 1820 1003 1854 testari
1026 1832 1064 1854 se
1087 1820 1235 1854 nonnihil
1259 1820 1395 1853 debere.
1442 1828 1561 1862 quam-

99 1874 199 1908 quam
228 1864 339 1898 videri
360 1865 571 1899 tolerandum
602 1866 631 1899 si
660 1865 804 1910 gratiam
827 1866 1041 1900 benemeritis
1063 1866 1259 1900 omitterent
1280 1863 1446 1904 reddere,
1484 1862 1559 1902 nisi,

100 1909 191 1954 qnod
220 1909 355 1954 ingrate
383 1911 633 1956 crudeliterque
665 1912 875 1955 actitabant,
908 1911 1096 1946 benefactis
1126 1909 1291 1944 maleficia
1321 1909 1559 1953 rependerent,

101 1953 271 1999 stipendia
304 1959 341 1989 et
367 1955 543 2001 pensiones
575 1957 794 1991 militantibus
827 1957 905 1991 olim
928 1959 1130 1991 constitutas
1151 1967 1254 1989 avare
1277 1966 1317 1988 ac
1339 1954 1484 1998 maligne
1505 1953 1558 1987 in-

99 2002 337 2053 tervertentes.
389 2001 576 2035 istiusmodi
610 2003 700 2047 pleni
738 2003 883 2037 turbidis
921 2003 1075 2037 sensibus
1105 2001 1246 2054 tribuni·
1273 2011 1314 2033 ac
1345 1999 1558 2053 centuriones

99 2046 1333 2138 fffissssmffi?‘q33:1352213332P⁰3333;⁰{?2‘33‘32{sfffflfffl
1343 2045 1558 2125 'z‘lcss'sssltsst

99 2137 306 2178 deferentes,
329 2137 444 2182 eisque
467 2137 568 2171 multo
592 2137 751 2171 videlicet
773 2138 955 2183 digniorem
979 2138 1187 2172 affirmantes
1211 2137 1319 2182 ipsum
1345 2148 1444 2183 quam
1469 2137 1556 2171 istos

97 2182 203 2225 alios,
234 2183 293 2228 qui
322 2186 434 2217 tamen
468 2182 530 2216 hos
560 2182 624 2216 sibi
655 2183 778 2218 eximie
810 2184 980 2218 reservari
1001 2183 1163 2217 ducerent
1185 2194 1338 2229 aequum.
1385 2183 1555 2218 addebant

97 2228 153 2262 bis
179 2228 248 2262 vim
276 2240 385 2274 paene
406 2228 574 2273 quandam
595 2239 773 2273 supremae
804 2229 981 2273 dignitatis
1006 2229 1222 2273 arripiendae
1242 2228 1485 2274 deficiendique
1508 2229 1552 2263 ab

96 2273 303 2319 imperatore
326 2274 455 2319 palam,
479 2274 561 2308 nihil
583 2274 676 2317 eius,
700 2275 825 2320 quippe
848 2274 990 2308 imbellis
1015 2274 1220 2321 debilisque,
1252 2286 1315 2309 nec
1336 2275 1492 2309 inertium
1516 2279 1552 2308 et

95 2320 225 2364 pariter
245 2320 457 2354 imbecillium
491 2319 599 2364 ipsius
629 2320 875 2362 ministrorum,
904 2320 1117 2366 quantumvis
1149 2331 1328 2355 exarsuras
1349 2321 1403 2354 his
1426 2320 1551 2354 auditis

95 2365 168 2399 iras
196 2376 274 2400 sese
305 2377 426 2401 curare
455 2365 678 2402 declarantes.
722 2366 902 2400 secessioni
930 2366 1019 2400 enim
1048 2366 1091 2400 ab
1119 2365 1162 2400 iis
1191 2378 1274 2406 snae
1303 2366 1551 2411 defectioniqne

95 2411 313 2446 sustinendae
344 2423 386 2446 ac
416 2411 505 2446 citra
534 2423 632 2446 omne
662 2411 863 2457 improsperi
896 2423 1072 2446 successus
1102 2411 1283 2457 periculum
1315 2413 1460 2446 tuendae
1482 2411 1550 2445 tria

94 2456 162 2491 sibi
183 2457 302 2491 adesse
322 2457 506 2492 fortissima
533 2458 721 2502 praesidia,
754 2458 894 2503 primum
922 2457 1127 2492 aversionem
1150 2469 1172 2492 a
1193 2457 1352 2504 regimine
1373 2458 1547 2503 praesenti

95 2506 132 2535 et
152 2503 354 2547 pronitatem
377 2503 414 2537 in
435 2515 492 2537 res
514 2515 621 2538 novas
643 2503 791 2538 universi
821 2503 957 2549 populi,
986 2503 1125 2538 tributis
1154 2504 1451 2549 exactionibusque
1474 2504 1547 2536 sine

95 2547 165 2581 fine
186 2548 383 2583 immanibus
405 2549 581 2591 exhausti,
614 2550 755 2584 alterum
787 2550 938 2584 favorem
959 2560 1001 2583 ac
1023 2549 1219 2584 benevolum
1237 2550 1384 2584 studium
1408 2549 1444 2583 in
1465 2547 1547 2582 Phi-

94 2591 351 2648 lantbropenum
372 2595 477 2629 omnis
497 2595 664 2630 hominum
686 2595 840 2640 generis,
869 2594 1070 2640 praesertim
1101 2600 1213 2630 autem
1243 2597 1306 2630 sub
1335 2595 1440 2640 signis
1475 2594 1547 2627 eius

95 2643 312 2682 merenhum,
342 2641 485 2675 tertium>
510 2641 655 2686 denique
688 2641 838 2686 ingentis
869 2640 1088 2675 multitudiuis
1108 2640 1288 2676 Persarum
1308 2641 1436 2675 virtute
1457 2639 1546 2672 illius

95 2693 138 2716 ac
159 2683 362 2719 liberalitate
381 2685 622 2729 dumetorum,
643 2693 906 2732 paratorumque
932 2686 975 2720 ad
997 2690 1113 2720 nutum
1134 2698 1152 2721 s
1195 2687 1230 2720 ui
1252 2696 1461 2732 quocumque
1484 2685 1545 2718 du·

95 2728 196 2763 xerit.
241 2731 372 2774 horum,
391 2731 539 2776 aiebant,
563 2733 667 2767 multa
686 2732 788 2766 millia
808 2731 1067 2766 fortissimorum
1086 2736 1124 2766 et
1142 2733 1185 2767 be
1200 2732 1240 2766 lis
1262 2733 1419 2766 tritorum
1442 2729 1547 2764 homi-

95 2784 174 2808 1111111
194 2780 376 2822 expectare
396 2778 441 2812 ab
464 2789 505 2812 eo
527 2777 655 2823 signum
678 2777 859 2824 promissi,
878 2777 975 2814 simul
996 2778 1155 2822 innuerit,
1181 2777 1371 2822 transfugii.
1417 2776 1469 2810 his
1490 2775 1548 2811 ille
