1858 3126
225 166 323 212 300
410 148 413 153 ’
645 163 883 208 GEORGII
916 165 1270 210 PACHYMERIS

223 278 244 323 ὅ
265 280 343 336 γὰρ
365 277 559 332 βασιλεὺς
575 281 774 332 μαλακῶς
793 277 995 333 ἀντείχετο
1029 280 1096 322 καὶ
1115 278 1370 337 πατριάρχην
1399 282 1505 326 κατὰ
1524 283 1572 326 τὸ
1593 284 1698 334 εῗκός

224 345 499 406 ἐφυλάττετο,
536 345 592 397 ὥς
613 345 714 402 εἶχεν
735 345 1081 405 ἇποκρουόμενος.
1359 406 1361 408 ¹

174 422 207 458 D
371 416 448 461 11.
514 414 689 459 Ἐκείνου
722 420 821 473 γοῦν
850 415 1087 468 ἰδιάσαντος
1117 418 1189 460 καί
1213 434 1257 474 γε
1283 417 1359 474 τὴν
1385 415 1525 475 θύραν
1543 418 1695 464 ἀποκε-

223 481 427 534 κλεικότος
457 489 532 527 τοῦ
561 483 621 541 μή
650 502 742 528 τινα
772 484 934 529 εἰσιέναι
971 491 1054 530 τῶν
1083 486 1242 537 ἔξωθεν
1272 487 1378 530 κατὰ
1403 487 1544 544 χρείαν
1565 489 1694 544 δῆθεν

224 552 482 611 ἂναφορᾶςῆ
511 555 580 597 καὶ
607 555 798 612 κρίσεως,
847 555 886 598 οἳ
909 555 1321 611 ἀμφιγνωμονοῢντες
1346 556 1482 614 ἐκείνῳ
1499 555 1728 613 ἆρχιερεῖςό

224 621 419 674 δόξαντές
452 640 492 665 τι
522 630 650 666 ποιεῖν
678 623 817 666 ἱκανὸν
851 623 918 667 ἐπ’
954 626 1127 678 ἐκεῖνον,
1165 626 1233 667 καὶ
1253 629 1330 668 τοῦ
1356 624 1529 682 Ἐφέσου
1549 639 1695 682 συνερ-

221 697 393 748 γοῦντος
412 692 529 748 σφίσι
550 692 755 748 πλαγίως,
793 689 920 748 τόμον
937 692 1211 736 συντάττουσι
1227 693 1424 749 μέμψεως
1444 695 1510 737 καὶ
1537 698 1702 748 βασιλεῖ

172 765 206 800 E
229 762 511 817 ἐγχειρίζουσι,
551 761 628 817 τὴν
652 761 855 815 βασιλέως
885 762 1075 806 ἐντεῦθεν
1094 760 1310 817 ὗποχαλᾶν
1329 764 1396 806 καὶ
1421 761 1574 806 ἐκλύειν
1593 763 1697 819 πρὸς

224 830 375 874 ἐκεῖνον
393 834 610 887 πειρῶντες
631 828 836 875 διάθεσιν.
906 832 950 874 αἶ
968 832 1012 875 δὲ
1030 831 1207 886 μέμψεις
1220 864 1234 885 ,
1273 830 1336 875 ὅτι
1364 831 1552 883 εὐταξίας
1569 831 1696 874 ἄπαι-

224 899 449 955 τουμένης,
488 899 599 956 εἴπερ
626 900 668 942 ἔν
700 899 864 953 ἄλλοις,
913 899 990 944 κάν
1012 907 1099 951 τοῖς
1130 905 1204 955 τῆς
1235 901 1451 956 ἐκκλησίας
1483 898 1695 957 πράγμασι
1707 909 1753 943 10

227 966 412 1027 (ταύτην
432 967 511 1024 γὰρ
540 969 609 1011 καὶ
635 968 733 1018 τοὺς
760 968 943 1026 πατέρας
971 969 1040 1012 διὰ
1068 973 1151 1012 τῶν
1179 970 1335 1013 οἶκείων
1355 973 1551 1014 συνιστᾶν
1571 967 1696 1013 κανό-

84 1039 114 1074 P
137 1040 203 1076 207
227 1036 361 1095 νων),
397 1036 495 1080 κατ’
529 1037 648 1081 οὐδὲν
689 1036 796 1088 ὅλως
833 1042 892 1097 τῷ
924 1036 1263 1094 πατριαρχεύοντι
1291 1038 1489 1094 μεμέληκε
1529 1036 1694 1094 ταύτης.

225 1108 376 1164 κρίσεις
394 1107 471 1161 μὲν
491 1106 571 1164 γὰρ
593 1105 643 1157 ἃς
661 1106 779 1149 αὐτοὶ
797 1109 1022 1158 συνοδικῶς
1048 1107 1386 1151 ἀποκαθιστῶσιν
1398 1140 1412 1159 ,
1451 1109 1599 1157 ἐκεῖνος
1615 1105 1696 1162 μό-

223 1193 294 1226 νος
311 1172 569 1229 ἒξαλλοῖττει,
608 1177 676 1219 καὶ
705 1175 767 1219 δι’
801 1177 950 1227 οἰκείας
971 1181 1135 1234 γραφῆς
1158 1175 1211 1219 τὰ
1233 1183 1321 1227 τοῖς
1349 1174 1515 1227 δόξασιν
1533 1176 1696 1218 ἐναντία

225 1242 520 1298 διακελεύεται,
557 1246 624 1288 καὶ
650 1245 865 1301 ἐκκλησίας
884 1246 1166 1302 κεχηρωμένας
1185 1249 1268 1288 τῶν
1289 1242 1559 1301 προεστώτων
1571 1277 1584 1297 ,
1615 1243 1693 1288 αὖ·
1708 1251 1750 1286 15

222 1314 295 1364 τὸς
323 1315 549 1369 ἐξεπίτηδες
576 1313 653 1364 τὰς
677 1312 750 1356 ἔπ’
782 1314 934 1365 ἐκείνας
955 1311 1127 1372 ψήφους
1149 1312 1488 1370 ὑπερτιθέμενος,
1525 1314 1696 1368 πέμπων

223 1384 497 1440 σφετερίζεται
517 1382 737 1436 τάκείνων,
774 1384 843 1426 καὶ
872 1383 927 1426 τὰ
944 1384 1019 1439 μὲν
1043 1382 1098 1434 ὥς
1126 1381 1320 1437 βούλεται
1350 1384 1606 1435 διατίθεται,
1641 1382 1696 1425 τὰ

227 1453 272 1495 δὲ
291 1454 359 1494 καὶ
386 1453 531 1495 δίδωσι
550 1458 638 1502 τοῖς
660 1451 729 1494 ἐπ’
755 1453 919 1503 ἐκείνοις
939 1455 1180 1496 καταστᾶσι.
1252 1452 1305 1495 τὰ
1328 1452 1377 1495 δέ
1390 1469 1432 1509 γε
1450 1455 1525 1507 τῆς
1545 1451 1697 1501 οἲκείας

174 1518 202 1552 Β
227 1521 442 1576 ἐκκλησίας
463 1524 522 1579 τῷ
543 1520 727 1579 σφετέρῳ
736 1521 820 1563 υἷεΐ
831 1523 1052 1578 ἐγχειρίσας
1069 1522 1248 1578 Ἐφραὶμ
1267 1520 1370 1576 ὓλην
1394 1522 1538 1564 δίδωσι
1560 1516 1696 1579 τούτῳ

223 1590 367 1640 κακίας
387 1595 473 1639 τοΐς
491 1590 645 1631 ἐκεῖθεν
665 1587 876 1644 λήμμασι,
906 1591 965 1646 μὴ
994 1589 1208 1645 οἰκονόμον
1228 1590 1334 1633 κατὰ
1354 1589 1403 1632 τὸ
1421 1587 1602 1645 σύνηθες
1618 1606 1690 1631 κα-
1704 1597 1751 1631 ΞΟ

318 1700 372 1735 10.
394 1697 468 1735 κοίν
489 1698 595 1744 τοῖς]
621 1695 776 1741 καύτοῖς
797 1699 840 1733 Ρ.

225 1812 457 1859 patriarchae,
481 1825 581 1860 quem
602 1813 787 1848 observare
807 1815 1074 1868 perseverabat,
1108 1825 1234 1848 cavens
1254 1810 1393 1848 irritare
1414 1811 1602 1855 hominem,
1633 1812 1695 1847 sed

227 1860 300 1895 eius
322 1866 435 1895 tamen
458 1859 606 1914 impetus
628 1860 664 1894 in
687 1860 896 1906 Ephesinum
930 1873 1030 1907 quam
1054 1864 1192 1906 poterat
1213 1858 1479 1895 moderatissime
1499 1857 1695 1893 retundens.

322 1909 375 1942 11.
421 1907 624 1941 Patrlarclia
643 1906 747 1951 igitur
770 1907 928 1952 privatim
950 1911 1094 1951 agente,
1125 1919 1167 1941 ac
1189 1906 1360 1941 obseratis
1381 1904 1601 1952 pertinaciter
1622 1906 1698 1939 val-

226 1953 281 1987 vis
308 1953 472 1987 neminem
496 1964 613 1987 eorum
635 1952 836 1988 admittente
859 1952 917 1999 qui
949 1958 1010 1987 aut
1032 1953 1200 1999 petendae
1221 1951 1478 1987 interventionis
1500 1954 1559 1985 aut
1580 1950 1698 1985 iudicii

228 2011 332 2033 causa
355 1999 484 2033 aditum
507 1999 551 2034 ad
569 2011 649 2034 eum
672 2002 866 2045 poscerent,
890 1999 1060 2033 antistites
1083 1999 1276 2034 contrariae
1297 1998 1364 2044 ipsi
1386 1997 1547 2032 factionis
1569 1996 1696 2042 aliquid

227 2045 272 2079 ad
295 2056 367 2078 rem
390 2057 489 2091 quam
512 2047 759 2091 promovebant
780 2045 864 2079 utile
884 2057 923 2079 se
946 2050 1084 2080 acturos
1105 2049 1183 2086 rati,
1206 2051 1413 2090 cooperante
1428 2044 1563 2089 oblique
1578 2043 1698 2088 Ephe-

228 2091 325 2133 sino,
356 2091 503 2125 libellum
537 2091 756 2126 conscribunt
788 2091 1001 2137 querelarum
1022 2092 1058 2126 in
1081 2092 1332 2138 patriarch-am,
1370 2101 1514 2135 eumque
1535 2088 1708 2133 Augustis*

226 2137 418 2180 porrigunt,
441 2137 491 2171 ita
515 2149 552 2171 se
575 2138 667 2184 quod
691 2139 924 2181 conabantur,
957 2150 1024 2172 non
1046 2138 1120 2172 sine
1143 2150 1204 2183 spe
1227 2149 1404 2172 successus
1424 2139 1618 2170 tentaturos
1641 2145 1697 2168 ar-

226 2182 362 2224 bitrati,
387 2188 447 2217 aut
470 2184 670 2229 extinguere
692 2185 828 2230 penitus
850 2188 910 2218 aut
934 2185 1140 2230 aliquantum
1163 2183 1344 2218 debilitare
1365 2181 1581 2228 patriarchae
1604 2178 1696 2224 apud

227 2230 413 2272 Augustum
447 2229 612 2263 seniorem
635 2231 790 2275 gratiam.
835 2230 977 2276 “capita
999 2231 1086 2265 haec
1107 2235 1205 2264 erant
1234 2230 1464 2275 querelarum,
1498 2225 1589 2271 quod
1620 2237 1696 2259 cum

227 2275 315 2308 bene
349 2275 502 2309 ordinata
535 2276 711 2321 dispositio
743 2276 1003 2311 ministeriorum
1035 2289 1075 2311 ac
1106 2275 1312 2311 functionum
1343 2275 1441 2309 unice
1462 2272 1696 2317 requireretur

227 2332 295 2355 non
318 2319 428 2354 minus
450 2321 485 2354 in
510 2322 584 2355 aliis
607 2333 707 2367 quam
730 2322 765 2356 in
789 2323 1028 2357 ecclesiasticis
1050 2323 1212 2368 negotiis,
1245 2322 1334 2355 unde
1364 2321 1451 2353 hanc
1473 2322 1591 2362 patres
1614 2327 1696 2361 pro—

226 2366 314 2412 priis
337 2366 520 2400 canonibus
543 2369 854 2410 commendassent,
884 2381 956 2403 eam
987 2373 1098 2403 tamen
1121 2367 1318 2413 patriarcha
1350 2364 1500 2399 funditus
1533 2362 1695 2407 negligat.

227 2424 317 2458 quae
341 2412 429 2446 enim
451 2412 518 2457 ipsi
541 2413 702 2456 synodice
723 2414 871 2458 legitimo
907 2415 1146 2459 suffragiorum
1168 2423 1332 2447 concursu
1354 2409 1588 2451 decreverint,
1619 2408 1697 2454 ipse

226 2458 319 2493 solus
342 2458 507 2498 immutat,
533 2465 568 2492 et
590 2459 730 2504 proprio
754 2460 919 2504 rescripto
943 2460 1159 2494 communiter
1181 2458 1319 2492 statutis
1345 2455 1516 2491 contraria
1538 2455 1697 2509 imperat.

226 2510 410 2550 praeterea
436 2503 598 2538 ecclesias
620 2505 818 2549 pastoribus
840 2506 1017 2547 viduatas,
1050 2505 1164 2539 dilatis
1187 2505 1231 2538 de
1253 2502 1421 2536 industria
1444 2501 1612 2535 canonicis
1634 2513 1697 2546 per

229 2550 395 2595 suffragia
417 2550 637 2584 electionibus
660 2551 854 2595 praesulum
877 2551 1185 2584 substituendorum
1209 2549 1390 2589 defunctis,
1411 2548 1486 2592 ipse
1509 2547 1576 2581 sibi
1597 2558 1698 2581 usur-

230 2599 303 2641 pat,
325 2596 436 2631 missis
458 2596 517 2650 qui
539 2596 672 2636 nomine
695 2608 756 2631 suo
779 2601 966 2641 proventus
990 2608 1104 2630 earum
1126 2596 1264 2636 tollant3
1289 2600 1323 2628 et
1345 2599 1476 2639 partem
1498 2594 1616 2627 horum
1634 2603 1697 2637 pro

229 2643 328 2677 libitu
353 2643 520 2683 absumit,
549 2641 674 2688 partim
695 2642 738 2676 iis
761 2642 929 2676 condonat
951 2653 1036 2687 quos
1056 2642 1131 2675 istis
1152 2640 1496 2675 administrationibus
1519 2638 1697 2684 praefecit.

228 2688 312 2733 quin
347 2692 383 2723 et
412 2700 470 2723 res
502 2688 666 2723 ecclesiae
694 2688 855 2733 propriae
885 2687 1128 2733 dispensandas
1151 2698 1214 2733 pro
1238 2686 1379 2721 arbitrio
1401 2685 1601 2731 permittens
1625 2684 1698 2719 filio

229 2746 291 2768 suo
314 2734 510 2781 Ephraimo‚
535 2746 650 2769 ansam
673 2734 705 2768 ei
728 2740 764 2768 et
785 2733 962 2769 materiam
984 2733 1028 2768 ad
1051 2733 1138 2767 male
1159 2733 1324 2778 agendum
1347 2733 1502 2777 praebet,
1521 2731 1700 2765 occasione

230 2781 398 2815 lucrorum
421 2793 509 2827 quae
532 2780 613 2815 inde
635 2779 702 2814 sibi
724 2779 899 2824 congerit,
930 2791 1004 2814 cum
1029 2791 1090 2824 pro
1114 2791 1206 2813 more
1230 2779 1406 2813 debuisset
1428 2777 1593 2812 eiusmodi
1639 2787 1697 2810 ro—

230 2827 438 2862 curationem
462 2839 642 2863 oeconomo
666 2826 710 2862 ad
733 2827 768 2862 id
792 2826 881 2875 lecto
905 2826 1174 2868 commendasse,
1209 2825 1283 2860 viro
1313 2824 1458 2870 idoneo,
1486 2823 1583 2859 cuius
1631 2821 1701 2856 deli
