1858 3126
383 162 460 206 DE
487 158 820 205 ANDRONICO
851 155 1225 202 PALAEOLOGO
1255 156 1300 199 L.
1330 155 1384 198 V.
1525 151 1625 200 425

164 281 310 333 νεκροῦ
336 278 403 319 καὶ
435 276 526 318 λίαν
556 275 873 332 μεγαλοπρεπῶς
903 267 1155 326 ἡτοιμάζετο.
1225 263 1371 312 κελεύει
1397 268 1476 325 γὰρ
1502 272 1627 323 βασι-

168 344 282 398 λεύς,
320 347 387 388 καὶ
417 349 606 388 πλεῖστον
635 342 732 386 ὅσον
761 343 803 392 ἐξ
830 341 1032 395 ἱερατικοῦ
1064 341 1130 381 καὶ
1159 342 1381 392 μοναχικοῦ
1403 335 1624 393 τάγματος,

168 414 435 471 ἐξηγουμένου
464 414 531 455 καὶ
561 409 816 466 πατριάρχου
845 409 920 451 σὺν
950 407 1178 463 ἀρχιερεῦσι
1215 408 1281 448 καὶ
1321 403 1458 464 κλήρῳ
1489 408 1624 458 παντί,

94 465 109 526 ί
169 484 497 538 συναθροίζεται.
569 482 636 523 καὶ
661 477 741 522 ὖπό
771 475 960 532 δαψιλέσι
989 478 1099 533 (Ῑωσὶ
1127 474 1195 518 καὶ
1224 472 1409 528 λαμπάσι
1428 476 1494 516 καὶ
1517 479 1632 528 ψαλ-

137 553 346 610 5μῳδιάις
373 546 630 605 μεσαζοίσης
657 546 810 603 ἡμέρας
837 549 888 602 τῇ
919 548 994 587 τοῦ
1013 545 1142 599 Λίψη
1171 548 1276 600 μονῇ
1300 543 1626 599 παραπέμπεται,
1650 554 1683 588 D

169 622 237 663 καὶ
262 618 380 662 ὀὕτω
411 622 608 673 λαμπρῶς
635 618 702 658 καὶ
728 617 980 665 πολυτελῶς,
1015 610 1142 667 μόνον
1162 612 1211 667 δὴ
1235 611 1371 668 φέρων
1392 612 1446 660 εἷς
1467 609 1633 667 μνήμην

169 689 246 743 τὴν
275 689 331 736 εἷς
360 686 547 743 λ’ριστόν
580 685 766 727 δουλείαν
788 685 853 725 καὶ
875 682 1000 736 ψιλὸν
1021 680 1178 735 ὄνομα,
1214 679 1320 722 κατὰ
1342 679 1438 729 τοὶς
1456 681 1634 731 πολλοὺς

169 763 257 806 τοῖς
281 754 471 806 ἐξωτάτω
508 755 662 811 σοριόις
696 749 989 808 ἓνταφιάζεται.
1060 751 1127 792 καὶ
1158 746 1180 792 ὅ
1211 749 1285 803 μέν
1312 750 1410 806 τῇδε
1440 747 1632 792 καταλύει

169 825 241 868 τόν
261 825 374 878 βίον,
404 824 562 878 εἱρκτῆς
583 825 807 871 πολυετοῦς
827 820 899 863 τὸν
920 817 1054 876 τάφον
1074 815 1452 872 ἀπαλλαξόμενος,
1490 815 1543 866 ὥς
1564 820 1632 860 καὶ

117 893 251 949 1οπρὸ
280 897 356 935 τοῦ
382 890 547 950 χρόνοις
572 890 790 946 τέσσαρσιν
822 887 844 932 ὃ
871 888 947 932 σῦν
970 887 1083 947 αὐτῷ
1106 887 1369 943 κατακριθεὶς
1392 884 1632 943 Στρατηγό-

168 966 336 1011 πουλος.

307 1030 388 1075 23.
459 1027 527 1070 Τὰ
548 1027 593 1070 δὲ
613 1027 702 1083 περὶ
724 1025 796 1069 τὸν
815 1025 942 1081 με’γαν
969 1026 1098 1068 defixa
1117 1020 1407 1080 στρατεύματα
1431 1023 1474 1066 ἔν
1494 1027 1632 1083 πολλῷ
1655 1031 1684 1066 Ρ
1707 1031 1774 1066 295

167 1103 228 1157 τῷ
248 1098 354 1141 κατὰ
374 1100 485 1153 σφᾶς
503 1094 651 1151 θάρρει
671 1093 921 1150 προσβάλλει
940 1097 991 1150 τῇ
1011 1097 1052 1135 Γ
1049 1093 1166 1150 ε’ρμῃ,
1197 1091 1275 1136 ὑπ’
1296 1094 1507 1146 ἓλπισμοῖς
1526 1092 1633 1147 ἀρα-

169 1165 260 1223 ρόσι
280 1170 356 1209 τοῦ
376 1169 540 1219 πλῆθος
563 1167 736 1219 Περσῶν
763 1165 860 1220 τῇδε
893 1166 1140 1216 καταλαβεῖν
1174 1164 1239 1204 καὶ
1270 1161 1322 1204 τὰ
1350 1165 1425 1217 τῆς
1445 1160 1634 1216 ἀνδρείας

116 1248 159 1283 15
172 1237 446 1286 ἐνδείξασθαι.
517 1233 556 1275 οἳ
583 1233 632 1275 δ’
665 1233 709 1274 ἐκ
742 1236 816 1286 τῆς
852 1229 994 1288 φήμης
1020 1229 1359 1279 κατασεισθέντες
1395 1231 1462 1272 καὶ
1487 1227 1631 1285 μόνης,

171 1302 228 1354 ὥς
246 1303 423 1363 ἔδειξαν,
459 1298 627 1360 ἀκόσμῳ
656 1305 763 1357 φυγῇ
797 1302 863 1342 καὶ
891 1299 1026 1355 ἀγενεῒ
1049 1301 1222 1357 δρασμῷ
1245 1298 1414 1355 ἀᾳέντες
1433 1298 1481 1341 τὸ
1500 1297 1634 1355 φρού-

171 1389 259 1428 ριον
285 1371 599 1425 ἀπεδίδρασκον.
672 1369 709 1410 οἱ
742 1369 786 1410 δὲ
811 1365 982 1410 κατόπιν
1006 1364 1240 1416 ἐπιστάντες
1249 1399 1262 1418 ,
1300 1364 1356 1416 ὥς
1382 1364 1512 1421 ε’ἶχον,
1548 1368 1636 1420 τοῖς

170 1440 480 1496 ἀπολειφθεῖσιν
500 1439 772 1488 ἔξικανοῦντο.
839 1435 944 1490 πλὴν
968 1437 1002 1478 εἲ
1015 1435 1095 1490 χρὴ
1122 1433 1346 1487 πιστεύειν,
1382 1437 1455 1477 καί
1470 1451 1551 1478 τισι
1571 1435 1632 1478 δι’

152 1507 346 1565 ’ἀγχόνης
362 1505 493 1563 μόρον
514 1505 619 1548 κατὰ
638 1505 709 1547 τὸν
726 1501 879 1560 τρόπον
899 1509 982 1546 τῶν
1000 1503 1170 1546 Ἰταλῶν
1188 1505 1332 1558 ἓπῆξεν
1355 1501 1376 1546 ὃ
1398 1501 1636 1560 ἀφηγούμε-

115 1585 240 1628 Ξῠνος
252 1609 267 1630 ,
311 1575 358 1619 ου’
389 1573 494 1632 παρ’
528 1573 629 1617 ἄλλο
659 1590 698 1617 τι
717 1564 752 1628 ἢ
775 1572 821 1616 τὸ
844 1572 980 1616 θέλειν
1007 1573 1182 1623 ἐκείνους
1199 1578 1418 1629 περιποιεῖν
1435 1572 1626 1630 σφέτερα.
1653 1577 1682 1611 Β

260 1718 314 1757 14.
336 1717 504 1767 πλήθους
527 1719 567 1754 Ρ.

171 1857 273 1890 qnam
295 1845 562 1891 splendidissimo
585 1846 758 1879 celebrata
781 1847 855 1878 est:
878 1844 1026 1879 iusserat
1047 1845 1134 1879 enim
1158 1844 1347 1889 imperator
1368 1842 1399 1876 ei
1423 1842 1633 1876 ceremoniae

171 1891 296 1925 adesse
318 1898 482 1936 quantum
503 1894 578 1925 fere
600 1891 635 1924 in
658 1892 742 1925 urbe
767 1890 910 1935 reperiri
932 1897 1013 1924 tnnc
1037 1891 1180 1935 contigit
1202 1889 1369 1923 hominum
1392 1887 1481 1922 sacri
1503 1890 1539 1921 et
1561 1899 1632 1921 mo-

174 1936 297 1969 nastici
325 1937 470 1978 ordinis,
503 1937 650 1970 ducente
680 1947 833 1981 pompam
863 1936 1061 1980 patriarcha
1091 1936 1167 1982 ipso
1191 1946 1265 1969 cum
1290 1933 1459 1979 episeopis
1482 1937 1517 1967 et
1539 1934 1632 1967 clero

172 1981 330 2015 universo
364 1987 581 2025 congregato.
629 1982 671 2015 ab
696 1982 748 2015 bis
773 1983 875 2025 longa
906 1981 1067 2015 furialium
1091 1986 1127 2015 et
1147 1980 1338 2024 lampadum
1362 1978 1550 2019 ardentium
1573 1990 1632 2013 se-

171 2026 248 2068 rie,
281 2027 538 2071 personantibus
569 2027 638 2060 la‘te
667 2027 734 2059 viis
757 2026 957 2071 psalmorum
982 2032 1104 2067 cantu,
1137 2026 1247 2060 media
1268 2025 1323 2058 die
1344 2025 1387 2059 sd
1411 2024 1538 2070 Lipsae
1558 2037 1632 2059 mo-

174 2071 358 2106 nasterium
390 2072 590 2117 deportatus
621 2076 674 2105 est
704 2078 867 2106 mortuus.
913 2075 1053 2105 eatenus
1082 2071 1241 2116 splendor
1272 2082 1314 2105 ac
1341 2076 1494 2115 sumptus
1516 2071 1632 2115 regius

173 2117 302 2152 funeris
334 2117 514 2162 processit.
560 2117 604 2150 de
634 2121 768 2150 caetero
792 2128 853 2161 pro
877 2116 965 2150 omni
998 2121 1209 2150 monumento
1232 2116 1296 2162 ipsi
1320 2117 1387 2150 fuit
1409 2116 1576 2161 professio
1598 2117 1634 2150 in

173 2164 290 2198 morbo
314 2163 430 2197 ultimo
453 2168 612 2208 suscepta
633 2161 808 2196 servitutis
830 2161 962 2195 Christi
985 2167 1021 2195 et
1043 2162 1260 2196 monasticum
1284 2165 1364 2196 tunc
1386 2162 1549 2197 adscitum
1574 2175 1634 2197 uo-

173 2220 270 2243 men:
298 2209 426 2253 quippe
450 2208 646 2252 vulgaribus
668 2211 766 2241 extra
789 2208 905 2241 urbem
930 2207 1086 2247 tumulis,
1109 2208 1211 2242 nihilo
1234 2208 1418 2253 speciosius
1439 2219 1539 2254 qnam
1561 2208 1633 2254 pri-

173 2260 273 2289 vatus
302 2267 322 2288 e
357 2255 455 2299 plebe
479 2254 661 2299 quispiam,
695 2258 748 2286 est
771 2253 935 2286 conditus·
984 2253 1072 2286 hunc
1103 2253 1160 2287 ille
1184 2253 1278 2288 vitae
1300 2254 1400 2288 finem
1424 2258 1478 2288 est
1499 2258 1634 2296 nactus,

173 2301 351 2334 multorum
375 2311 534 2334 annorum
559 2310 730 2332 carcerem
754 2299 909 2343 sepulcro
933 2303 1160 2341 commutans,
1182 2304 1284 2344 prout
1305 2300 1387 2335 item
1402 2300 1534 2335 fecerat
1547 2312 1635 2346 qun-

173 2351 253 2380 tuor
274 2346 367 2389 prius
390 2346 486 2380 annis
512 2345 689 2379 damnatus
713 2356 786 2378 cum
810 2356 851 2377 eo
876 2344 1150 2389 Strategopulus.
1185 2378 1196 2392 ,

263 2393 322 2427 23.
367 2393 414 2425 At
443 2390 555 2435 magni
586 2391 682 2425 ducis
714 2389 885 2424 exercitus
918 2390 1087 2434 ingentem
1120 2390 1172 2424 sni
1209 2390 1365 2426 fiduciam
1394 2394 1430 2426 et
1460 2391 1634 2426 audaciam

173 2442 349 2472 ostentans
373 2439 522 2472 Germae
556 2449 594 2471 se
624 2437 798 2477 admovet,
833 2447 874 2469 eo
906 2441 1087 2481 provectus
1112 2447 1174 2481 spe
1207 2441 1301 2470 certa
1329 2437 1634 2483 deprehendendae

171 2483 240 2517 illic
270 2483 495 2517 multitudinis
524 2483 703 2517 Persarum
735 2486 771 2515 et
801 2487 940 2515 strenue
973 2486 1091 2515 contra
1119 2481 1194 2516 illos
1227 2494 1297 2516 rem
1320 2483 1470 2527 gerendi.
1515 2494 1633 2516 verum

172 2528 300 2563 Persae
324 2529 434 2570 unico,
456 2533 496 2562 ut
518 2528 692 2574 apparuit,
706 2528 816 2561 famae
839 2528 982 2561 hostium
1005 2527 1175 2561 incursum
1198 2528 1382 2563 nuntiantis
1401 2529 1526 2562 indicio
1551 2539 1633 2562 cou-

173 2574 337 2617 sternati,
371 2575 454 2618 fuga
481 2574 703 2619 incomposita
735 2585 901 2618 cursuque
924 2573 1084 2617 degeneri
1113 2573 1250 2608 deserta
1285 2574 1468 2608 munitione
1491 2574 1634 2617 diffuge-

174 2623 264 2654 runt.
309 2631 450 2664 quorum
481 2620 561 2654 Itali
595 2620 792 2664 fugientium
826 2619 937 2652 dorsis
958 2619 1125 2653 instantes
1146 2619 1250 2654 multa
1271 2625 1350 2654 sunt
1371 2620 1562 2654 relictorum
1587 2620 1631 2653 ab

174 2663 219 2697 iis
240 2665 417 2708 spoliorum
442 2666 569 2709 praeda
590 2665 702 2699 ditati.
748 2670 931 2707 caeterum,
948 2665 978 2698 si
1001 2664 1142 2698 credere
1161 2669 1308 2710 oportet,
1329 2666 1451 2710 laqueo
1474 2665 1518 2698 de
1539 2676 1631 2699 more

175 2707 335 2743 Italorum
357 2722 474 2745 necem
496 2711 694 2756 quibusdam
718 2722 832 2745 eorum
855 2710 978 2744 ductor
998 2710 1128 2752 intulit,
1159 2722 1225 2745 non
1248 2711 1316 2745 alia
1338 2711 1381 2745 de
1404 2721 1507 2744 musa
1529 2721 1630 2754 quam

177 2754 268 2797 quod
299 2766 356 2788 res
382 2767 461 2790 suas
494 2756 528 2789 in
559 2758 688 2800 praeda
711 2757 850 2790 Persica
882 2756 1014 2799 agnitas
1044 2767 1215 2791 resumere
1236 2757 1284 2791 illi
1305 2768 1346 2791 ac
1368 2756 1435 2790 sibi
1457 2756 1632 2790 vindicare

178 2797 371 2834 voluissent.
415 2801 475 2835 sed
500 2801 663 2848 quidquid
696 2802 743 2836 sit
775 2803 819 2836 de
840 2812 943 2836 causa
964 2801 1068 2844 facti,
1098 2802 1141 2838 de
1167 2803 1260 2838 facto
1282 2802 1416 2848 quidem
1442 2801 1527 2836 satis
1548 2813 1629 2837 con-
