<?xml version="1.0" encoding="UTF-8"?>
<!DOCTYPE html PUBLIC "-//W3C//DTD XHTML 1.0 Transitional//EN"
    "http://www.w3.org/TR/xhtml1/DTD/xhtml1-transitional.dtd">
<html xmlns="http://www.w3.org/1999/xhtml" xml:lang="en" lang="en">
 <head>
  <title>
</title>
<meta http-equiv="Content-Type" content="text/html;charset=utf-8" />
  <meta name='ocr-system' content='tesseract 3.04.00' />
  <meta name='ocr-capabilities' content='ocr_page ocr_carea ocr_par ocr_line ocrx_word'/>
</head>
<body>
  <div class='ocr_page' id='page_1' title='image "./corpusscriptorum18niebuoft_0364.png"; bbox 0 0 1858 3126; ppageno 0'>
   <div class='ocr_carea' id='block_1_1' title="bbox 235 165 1283 215">
    <p class='ocr_par' dir='ltr' id='par_1_1' title="bbox 235 165 1283 215">
     <span class='ocr_line' id='line_1_1' title="bbox 235 165 1283 215; baseline -0.002 0"><span class='ocrx_word' id='word_1_1' title='bbox 235 165 332 215; x_wconf 85' lang='lat'>348</span> <span class='ocrx_word' id='word_1_2' title='bbox 659 166 896 211; x_wconf 85' lang='lat' dir='ltr'>GEORGII</span> <span class='ocrx_word' id='word_1_3' title='bbox 929 167 1283 213; x_wconf 79' lang='lat' dir='ltr'><strong>PACHYMERIS</strong></span> 
     </span>
    </p>
   </div>
   <div class='ocr_carea' id='block_1_2' title="bbox 91 278 1772 1584">
    <p class='ocr_par' dir='ltr' id='par_1_2' title="bbox 91 278 1772 1584">
     <span class='ocr_line' id='line_1_2' title="bbox 231 278 1710 340; baseline 0.001 -14"><span class='ocrx_word' id='word_1_4' title='bbox 231 284 288 339; x_wconf 86' lang='grc' dir='ltr'>μὴ</span> <span class='ocrx_word' id='word_1_5' title='bbox 322 278 628 336; x_wconf 78' lang='grc' dir='ltr'><strong><em>ἐκδικοῦμενον,</em></strong></span> <span class='ocrx_word' id='word_1_6' title='bbox 671 278 1078 338; x_wconf 77' lang='grc' dir='ltr'><strong><em>ὖβριοπαθήσαντα,</em></strong></span> <span class='ocrx_word' id='word_1_7' title='bbox 1117 283 1305 338; x_wconf 73' lang='grc' dir='ltr'>ἐκχωρεῖν</span> <span class='ocrx_word' id='word_1_8' title='bbox 1333 283 1568 340; x_wconf 79' lang='grc' dir='ltr'><strong><em>αἱρεῖσθαι,</em></strong></span> <span class='ocrx_word' id='word_1_9' title='bbox 1604 280 1710 327; x_wconf 73' lang='grc' dir='ltr'><strong><em>ὥστε</em></strong></span> 
     </span>
     <span class='ocr_line' id='line_1_3' title="bbox 232 347 1712 408; baseline -0.001 -13"><span class='ocrx_word' id='word_1_10' title='bbox 232 354 300 395; x_wconf 84' lang='grc' dir='ltr'>καὶ</span> <span class='ocrx_word' id='word_1_11' title='bbox 328 356 404 407; x_wconf 83' lang='grc' dir='ltr'>τῆς</span> <span class='ocrx_word' id='word_1_12' title='bbox 436 351 611 400; x_wconf 77' lang='grc' dir='ltr'><strong><em>ἐκδικίας</em></strong></span> <span class='ocrx_word' id='word_1_13' title='bbox 632 351 738 394; x_wconf 79' lang='grc' dir='ltr'><strong><em>κατὰ</em></strong></span> <span class='ocrx_word' id='word_1_14' title='bbox 762 349 917 407; x_wconf 78' lang='grc' dir='ltr'><strong><em>τρόπον</em></strong></span> <span class='ocrx_word' id='word_1_15' title='bbox 944 349 1161 408; x_wconf 80' lang='grc' dir='ltr'><strong><em>προβάσης</em></strong></span> <span class='ocrx_word' id='word_1_16' title='bbox 1180 351 1308 394; x_wconf 77' lang='grc' dir='ltr'><strong><em>αὐτὸν</em></strong></span> <span class='ocrx_word' id='word_1_17' title='bbox 1329 354 1396 395; x_wconf 80' lang='grc' dir='ltr'><strong><em>καὶ</em></strong></span> <span class='ocrx_word' id='word_1_18' title='bbox 1413 347 1537 402; x_wconf 74' lang='grc' dir='ltr'><strong><em>αὖθις</em></strong></span> <span class='ocrx_word' id='word_1_19' title='bbox 1558 350 1712 407; x_wconf 72' lang='grc' dir='ltr'><strong><em>ἐπανή-</em></strong></span> 
     </span>
     <span class='ocr_line' id='line_1_4' title="bbox 232 418 1707 478; baseline 0 -14"><span class='ocrx_word' id='word_1_20' title='bbox 232 438 312 464; x_wconf 85' lang='grc' dir='ltr'><strong><em>κειν</em></strong></span> <span class='ocrx_word' id='word_1_21' title='bbox 334 422 400 464; x_wconf 81' lang='grc' dir='ltr'>καὶ</span> <span class='ocrx_word' id='word_1_22' title='bbox 435 420 512 475; x_wconf 84' lang='grc' dir='ltr'>τὴν</span> <span class='ocrx_word' id='word_1_23' title='bbox 541 419 662 475; x_wconf 88' lang='grc' dir='ltr'><strong><em>τιμὴν</em></strong></span> <span class='ocrx_word' id='word_1_24' title='bbox 687 418 912 474; x_wconf 80' lang='grc' dir='ltr'><em>λαμβάνειν</em></span> <span class='ocrx_word' id='word_1_25' title='bbox 934 420 1097 476; x_wconf 70' lang='grc' dir='ltr'><strong><em>ἕτοιμον</em></strong></span> <span class='ocrx_word' id='word_1_26' title='bbox 1127 421 1330 477; x_wconf 86' lang='grc' dir='ltr'><strong><em>γίνεσθαι.</em></strong></span> <span class='ocrx_word' id='word_1_27' title='bbox 1401 419 1522 478; x_wconf 77' lang='grc' dir='ltr'><strong><em>ὅρκον</em></strong></span> <span class='ocrx_word' id='word_1_28' title='bbox 1542 421 1587 464; x_wconf 76' lang='grc' dir='ltr'>δὲ</span> <span class='ocrx_word' id='word_1_29' title='bbox 1600 423 1686 477; x_wconf 85' lang='grc' dir='ltr'>μηδ</span> <span class='ocrx_word' id='word_1_30' title='bbox 1694 420 1707 437; x_wconf 88' lang='lat'>’</span> 
     </span>
     <span class='ocr_line' id='line_1_5' title="bbox 231 486 1710 547; baseline 0 -16"><span class='ocrx_word' id='word_1_31' title='bbox 231 488 332 532; x_wconf 74' lang='grc' dir='ltr'><strong><em>εἶναι</em></strong></span> <span class='ocrx_word' id='word_1_32' title='bbox 355 489 400 532; x_wconf 81' lang='grc' dir='ltr'><strong><em>τὸ</em></strong></span> <span class='ocrx_word' id='word_1_33' title='bbox 420 486 640 546; x_wconf 81' lang='grc' dir='ltr'><strong><em>παράπαν,</em></strong></span> <span class='ocrx_word' id='word_1_34' title='bbox 679 488 700 532; x_wconf 77' lang='grc' dir='ltr'>ὃ</span> <span class='ocrx_word' id='word_1_35' title='bbox 721 489 771 544; x_wconf 78' lang='grc' dir='ltr'>δὴ</span> <span class='ocrx_word' id='word_1_36' title='bbox 792 491 858 533; x_wconf 81' lang='grc' dir='ltr'>καὶ</span> <span class='ocrx_word' id='word_1_37' title='bbox 877 489 959 533; x_wconf 79' lang='grc' dir='ltr'><strong><em>ἀπὸ</em></strong></span> <span class='ocrx_word' id='word_1_38' title='bbox 983 491 1171 546; x_wconf 84' lang='grc' dir='ltr'><strong><em>θλίψεως</em></strong></span> <span class='ocrx_word' id='word_1_39' title='bbox 1193 490 1488 547; x_wconf 72' lang='grc' dir='ltr'><strong><em>διεφθέγξατο,</em></strong></span> <span class='ocrx_word' id='word_1_40' title='bbox 1523 490 1710 546; x_wconf 81' lang='grc' dir='ltr'><strong><em>ταραχὴν</em></strong></span> 
     </span>
     <span class='ocr_line' id='line_1_6' title="bbox 179 556 1743 616; baseline 0.002 -16"><span class='ocrx_word' id='word_1_41' title='bbox 179 559 209 593; x_wconf 83' lang='lat' dir='ltr'>C</span> <span class='ocrx_word' id='word_1_42' title='bbox 237 559 282 601; x_wconf 74' lang='grc' dir='ltr'>δὲ</span> <span class='ocrx_word' id='word_1_43' title='bbox 310 562 470 612; x_wconf 81' lang='grc' dir='ltr'><strong><em>μᾶλλον</em></strong></span> <span class='ocrx_word' id='word_1_44' title='bbox 504 562 710 614; x_wconf 78' lang='grc' dir='ltr'><em>λογισμῶν</em></span> <span class='ocrx_word' id='word_1_45' title='bbox 739 560 782 601; x_wconf 74' lang='grc' dir='ltr'>ἐκ</span> <span class='ocrx_word' id='word_1_46' title='bbox 812 556 935 614; x_wconf 81' lang='grc' dir='ltr'><strong><em>ζήλου</em></strong></span> <span class='ocrx_word' id='word_1_47' title='bbox 963 559 1072 610; x_wconf 81' lang='grc' dir='ltr'><strong><em>τινὸς</em></strong></span> <span class='ocrx_word' id='word_1_48' title='bbox 1100 559 1419 616; x_wconf 76' lang='grc' dir='ltr'><strong><em>ἆνοιδουμένην,</em></strong></span> <span class='ocrx_word' id='word_1_49' title='bbox 1466 559 1509 610; x_wconf 78' lang='grc' dir='ltr'>ἓξ</span> <span class='ocrx_word' id='word_1_50' title='bbox 1536 558 1743 603; x_wconf 75' lang='grc' dir='ltr'><strong><em>ὄλίσθουό</em></strong></span> 
     </span>
     <span class='ocr_line' id='line_1_7' title="bbox 230 625 1714 684; baseline -0.001 -13"><span class='ocrx_word' id='word_1_51' title='bbox 230 632 516 684; x_wconf 73' lang='grc' dir='ltr'><em>προαχθεῖσαν</em></span> <span class='ocrx_word' id='word_1_52' title='bbox 535 625 700 683; x_wconf 76' lang='grc' dir='ltr'><strong><em>γνώμης</em></strong></span> <span class='ocrx_word' id='word_1_53' title='bbox 717 630 783 670; x_wconf 76' lang='grc' dir='ltr'>καὶ</span> <span class='ocrx_word' id='word_1_54' title='bbox 807 627 881 671; x_wconf 78' lang='grc' dir='ltr'>οὐκ</span> <span class='ocrx_word' id='word_1_55' title='bbox 903 627 945 671; x_wconf 65' lang='grc' dir='ltr'>ἔκ</span> <span class='ocrx_word' id='word_1_56' title='bbox 967 646 1077 679; x_wconf 81' lang='grc' dir='ltr'><strong><em>τινος</em></strong></span> <span class='ocrx_word' id='word_1_57' title='bbox 1109 628 1358 678; x_wconf 72' lang='grc' dir='ltr'><em>εὐσταθείας</em></span> <span class='ocrx_word' id='word_1_58' title='bbox 1375 629 1442 671; x_wconf 78' lang='grc' dir='ltr'>καὶ</span> <span class='ocrx_word' id='word_1_59' title='bbox 1461 645 1714 684; x_wconf 87' lang='grc' dir='ltr'><strong><em>μεμεριμνη-</em></strong></span> 
     </span>
     <span class='ocr_line' id='line_1_8' title="bbox 232 694 1713 753; baseline -0.001 -13"><span class='ocrx_word' id='word_1_60' title='bbox 232 697 358 753; x_wconf 76' lang='grc' dir='ltr'><strong><em>μένου</em></strong></span> <span class='ocrx_word' id='word_1_61' title='bbox 390 701 545 740; x_wconf 84' lang='grc' dir='ltr'><strong><em>σκοποῦ</em></strong></span> <span class='ocrx_word' id='word_1_62' title='bbox 576 714 619 739; x_wconf 88' lang='grc' dir='ltr'>τε</span> <span class='ocrx_word' id='word_1_63' title='bbox 647 698 714 739; x_wconf 84' lang='grc' dir='ltr'>καὶ</span> <span class='ocrx_word' id='word_1_64' title='bbox 751 694 1056 747; x_wconf 80' lang='grc' dir='ltr'><strong><em>καταστάσεως.</em></strong></span> <span class='ocrx_word' id='word_1_65' title='bbox 1130 697 1170 741; x_wconf 81' lang='grc' dir='ltr'>οἱ</span> <span class='ocrx_word' id='word_1_66' title='bbox 1200 698 1246 741; x_wconf 81' lang='grc' dir='ltr'>δὲ</span> <span class='ocrx_word' id='word_1_67' title='bbox 1273 696 1520 748; x_wconf 76' lang='grc' dir='ltr'><strong><em>ἀπεναντίας</em></strong></span> <span class='ocrx_word' id='word_1_68' title='bbox 1549 698 1616 740; x_wconf 80' lang='grc' dir='ltr'>καὶ</span> <span class='ocrx_word' id='word_1_69' title='bbox 1638 696 1713 752; x_wconf 78' lang='grc' dir='ltr'>τὴν</span> 
     </span>
     <span class='ocr_line' id='line_1_9' title="bbox 234 763 1712 823; baseline -0.002 -13"><span class='ocrx_word' id='word_1_70' title='bbox 234 767 480 822; x_wconf 82' lang='grc' dir='ltr'><strong><em>παραίτησιν</em></strong></span> <span class='ocrx_word' id='word_1_71' title='bbox 513 763 569 816; x_wconf 75' lang='grc' dir='ltr'>ὥς</span> <span class='ocrx_word' id='word_1_72' title='bbox 596 765 878 822; x_wconf 74' lang='grc' dir='ltr'><strong><em>λελογισμὲνην</em></strong></span> <span class='ocrx_word' id='word_1_73' title='bbox 906 767 1092 821; x_wconf 76' lang='grc' dir='ltr'><strong><em>ἐδέχοντο</em></strong></span> <span class='ocrx_word' id='word_1_74' title='bbox 1131 768 1199 809; x_wconf 83' lang='grc' dir='ltr'>καὶ</span> <span class='ocrx_word' id='word_1_75' title='bbox 1238 766 1311 810; x_wconf 75' lang='grc' dir='ltr'>τὸν</span> <span class='ocrx_word' id='word_1_76' title='bbox 1342 764 1463 823; x_wconf 86' lang='grc' dir='ltr'><strong><em>λόγον</em></strong></span> <span class='ocrx_word' id='word_1_77' title='bbox 1493 763 1550 816; x_wconf 76' lang='grc' dir='ltr'>ὥς</span> <span class='ocrx_word' id='word_1_78' title='bbox 1589 763 1712 822; x_wconf 78' lang='grc' dir='ltr'><strong><em>ὅρκον</em></strong></span> 
     </span>
     <span class='ocr_line' id='line_1_10' title="bbox 233 833 1714 893; baseline -0.001 -15"><span class='ocrx_word' id='word_1_79' title='bbox 233 834 419 891; x_wconf 71' lang='grc' dir='ltr'><strong><em>ἄφυκτον</em></strong></span> <span class='ocrx_word' id='word_1_80' title='bbox 443 834 599 890; x_wconf 71' lang='grc' dir='ltr'><strong><em>ἔκρινον</em></strong></span> <span class='ocrx_word' id='word_1_81' title='bbox 614 848 624 858; x_wconf 91' lang='grc'>·</span> <span class='ocrx_word' id='word_1_82' title='bbox 662 837 730 878; x_wconf 84' lang='grc' dir='ltr'>καὶ</span> <span class='ocrx_word' id='word_1_83' title='bbox 750 835 828 891; x_wconf 78' lang='grc' dir='ltr'>γὰρ</span> <span class='ocrx_word' id='word_1_84' title='bbox 851 837 918 878; x_wconf 79' lang='grc' dir='ltr'>καὶ</span> <span class='ocrx_word' id='word_1_85' title='bbox 944 835 1071 879; x_wconf 81' lang='grc' dir='ltr'><strong><em>αὐτὸν</em></strong></span> <span class='ocrx_word' id='word_1_86' title='bbox 1101 836 1153 892; x_wconf 79' lang='grc' dir='ltr'>δὴ</span> <span class='ocrx_word' id='word_1_87' title='bbox 1173 836 1235 878; x_wconf 78' lang='grc' dir='ltr'><strong><em>ε’πὶ</em></strong></span> <span class='ocrx_word' id='word_1_88' title='bbox 1258 840 1309 893; x_wconf 80' lang='grc' dir='ltr'><strong><em>τῇ</em></strong></span> <span class='ocrx_word' id='word_1_89' title='bbox 1332 840 1406 892; x_wconf 85' lang='grc' dir='ltr'>τῆς</span> <span class='ocrx_word' id='word_1_90' title='bbox 1428 833 1714 892; x_wconf 84' lang='grc' dir='ltr'><strong><em>παραιτήσεως</em></strong></span> 
     </span>
     <span class='ocr_line' id='line_1_11' title="bbox 233 902 1772 962; baseline 0 -15"><span class='ocrx_word' id='word_1_91' title='bbox 233 904 392 947; x_wconf 73' lang='grc' dir='ltr'><strong><em>ἐκθέσει</em></strong></span> <span class='ocrx_word' id='word_1_92' title='bbox 411 902 620 960; x_wconf 73' lang='grc' dir='ltr'><strong><em>ὁμολογεῖν</em></strong></span> <span class='ocrx_word' id='word_1_93' title='bbox 634 937 647 957; x_wconf 84' lang='grc'><strong><em>,</em></strong></span> <span class='ocrx_word' id='word_1_94' title='bbox 687 906 755 946; x_wconf 85' lang='grc' dir='ltr'>καὶ</span> <span class='ocrx_word' id='word_1_95' title='bbox 775 904 896 960; x_wconf 81' lang='grc' dir='ltr'><strong><em>εὐχὴν</em></strong></span> <span class='ocrx_word' id='word_1_96' title='bbox 918 904 1021 962; x_wconf 80' lang='grc' dir='ltr'><strong><em>πρὸς</em></strong></span> <span class='ocrx_word' id='word_1_97' title='bbox 1047 905 1148 949; x_wconf 84' lang='grc' dir='ltr'><strong><em>θεὸν</em></strong></span> <span class='ocrx_word' id='word_1_98' title='bbox 1171 902 1384 959; x_wconf 79' lang='grc' dir='ltr'><strong><em>ὀνομάζειν</em></strong></span> <span class='ocrx_word' id='word_1_99' title='bbox 1415 905 1463 949; x_wconf 85' lang='grc' dir='ltr'><strong><em>τὸ</em></strong></span> <span class='ocrx_word' id='word_1_100' title='bbox 1483 903 1710 962; x_wconf 76' lang='grc' dir='ltr'><strong><em>προαχθέν,</em></strong></span> <span class='ocrx_word' id='word_1_101' title='bbox 1727 914 1772 947; x_wconf 84' lang='grc'>10</span> 
     </span>
     <span class='ocr_line' id='line_1_12' title="bbox 234 973 1712 1032; baseline -0.001 -16"><span class='ocrx_word' id='word_1_102' title='bbox 234 975 527 1028; x_wconf 77' lang='grc' dir='ltr'><strong><em>διεσταλμένην</em></strong></span> <span class='ocrx_word' id='word_1_103' title='bbox 556 980 643 1024; x_wconf 80' lang='grc' dir='ltr'><strong><em>τοῖς</em></strong></span> <span class='ocrx_word' id='word_1_104' title='bbox 673 973 805 1016; x_wconf 82' lang='grc' dir='ltr'><strong><em>αὐτοῦ</em></strong></span> <span class='ocrx_word' id='word_1_105' title='bbox 829 975 992 1029; x_wconf 84' lang='grc' dir='ltr'><strong><em>χείλεσι.</em></strong></span> <span class='ocrx_word' id='word_1_106' title='bbox 1064 977 1130 1018; x_wconf 81' lang='grc' dir='ltr'>καὶ</span> <span class='ocrx_word' id='word_1_107' title='bbox 1163 975 1479 1032; x_wconf 82' lang='grc' dir='ltr'><strong><em>διεφιλονείκουν</em></strong></span> <span class='ocrx_word' id='word_1_108' title='bbox 1506 975 1712 1025; x_wconf 74' lang='grc' dir='ltr'><strong><em>ἐντεῦθεν,</em></strong></span> 
     </span>
     <span class='ocr_line' id='line_1_13' title="bbox 187 1041 1715 1099; baseline -0.001 -13"><span class='ocrx_word' id='word_1_109' title='bbox 187 1045 219 1079; x_wconf 87' lang='lat' dir='ltr'>D</span> <span class='ocrx_word' id='word_1_110' title='bbox 244 1043 284 1087; x_wconf 81' lang='grc' dir='ltr'>οἱ</span> <span class='ocrx_word' id='word_1_111' title='bbox 311 1043 386 1098; x_wconf 77' lang='grc' dir='ltr'>μὲν</span> <span class='ocrx_word' id='word_1_112' title='bbox 413 1043 534 1085; x_wconf 68' lang='grc' dir='ltr'><strong><em>ἔνθεν</em></strong></span> <span class='ocrx_word' id='word_1_113' title='bbox 566 1043 606 1085; x_wconf 77' lang='grc' dir='ltr'>οἳ</span> <span class='ocrx_word' id='word_1_114' title='bbox 636 1042 673 1085; x_wconf 78' lang='lat'>‹5’</span> <span class='ocrx_word' id='word_1_115' title='bbox 710 1044 865 1086; x_wconf 74' lang='grc' dir='ltr'><strong><em>ἐκεῖθεν</em></strong></span> <span class='ocrx_word' id='word_1_116' title='bbox 893 1043 944 1086; x_wconf 81' lang='grc' dir='ltr'><strong><em>τὰ</em></strong></span> <span class='ocrx_word' id='word_1_117' title='bbox 974 1047 1047 1098; x_wconf 80' lang='grc' dir='ltr'>τῆς</span> <span class='ocrx_word' id='word_1_118' title='bbox 1066 1041 1231 1098; x_wconf 80' lang='grc' dir='ltr'><strong><em>γνώμης</em></strong></span> <span class='ocrx_word' id='word_1_119' title='bbox 1249 1043 1421 1099; x_wconf 65' lang='grc' dir='ltr'><strong><em>ἔχοντες.</em></strong></span> <span class='ocrx_word' id='word_1_120' title='bbox 1489 1044 1557 1085; x_wconf 81' lang='grc' dir='ltr'><strong><em>καὶ</em></strong></span> <span class='ocrx_word' id='word_1_121' title='bbox 1577 1041 1627 1086; x_wconf 81' lang='grc' dir='ltr'>οὗ</span> <span class='ocrx_word' id='word_1_122' title='bbox 1643 1059 1715 1085; x_wconf 91' lang='grc' dir='ltr'><strong><em>το-</em></strong></span> 
     </span>
     <span class='ocr_line' id='line_1_14' title="bbox 236 1108 1714 1169; baseline -0.001 -15"><span class='ocrx_word' id='word_1_123' title='bbox 236 1116 387 1156; x_wconf 84' lang='grc' dir='ltr'><strong><em>σοῦτον</em></strong></span> <span class='ocrx_word' id='word_1_124' title='bbox 416 1114 507 1168; x_wconf 83' lang='grc' dir='ltr'><strong><em>περὶ</em></strong></span> <span class='ocrx_word' id='word_1_125' title='bbox 538 1116 612 1167; x_wconf 81' lang='grc' dir='ltr'>τῆς</span> <span class='ocrx_word' id='word_1_126' title='bbox 644 1110 933 1168; x_wconf 82' lang='grc' dir='ltr'><strong><em>παραιτήσεως</em></strong></span> <span class='ocrx_word' id='word_1_127' title='bbox 961 1114 1101 1169; x_wconf 77' lang='grc' dir='ltr'><strong><em>σφίσιν</em></strong></span> <span class='ocrx_word' id='word_1_128' title='bbox 1132 1111 1153 1156; x_wconf 81' lang='grc' dir='ltr'><em>ὃ</em></span> <span class='ocrx_word' id='word_1_129' title='bbox 1184 1110 1303 1169; x_wconf 87' lang='grc' dir='ltr'><strong><em>λόγος</em></strong></span> <span class='ocrx_word' id='word_1_130' title='bbox 1328 1108 1378 1168; x_wconf 73' lang='grc' dir='ltr'>ἦν</span> <span class='ocrx_word' id='word_1_131' title='bbox 1408 1110 1506 1155; x_wconf 80' lang='grc' dir='ltr'><strong><em>ὅσον</em></strong></span> <span class='ocrx_word' id='word_1_132' title='bbox 1529 1114 1714 1168; x_wconf 77' lang='grc' dir='ltr'><strong><em>περὶτοῦ</em></strong></span> 
     </span>
     <span class='ocr_line' id='line_1_15' title="bbox 235 1174 1716 1238; baseline -0.001 -14"><span class='ocrx_word' id='word_1_133' title='bbox 235 1179 386 1238; x_wconf 77' lang='grc' dir='ltr'><strong><em>ὅρκου,</em></strong></span> <span class='ocrx_word' id='word_1_134' title='bbox 427 1183 462 1223; x_wconf 77' lang='grc' dir='ltr'><strong><em>εἴ</em></strong></span> <span class='ocrx_word' id='word_1_135' title='bbox 492 1181 620 1232; x_wconf 71' lang='grc' dir='ltr'><strong><em>ἔξεστι</em></strong></span> <span class='ocrx_word' id='word_1_136' title='bbox 651 1181 751 1231; x_wconf 72' lang='grc' dir='ltr'><strong><em>τέως</em></strong></span> <span class='ocrx_word' id='word_1_137' title='bbox 783 1179 1035 1238; x_wconf 78' lang='grc' dir='ltr'><strong><em>παριδόντας</em></strong></span> <span class='ocrx_word' id='word_1_138' title='bbox 1068 1181 1195 1225; x_wconf 81' lang='grc' dir='ltr'><strong><em>αὐτὸν</em></strong></span> <span class='ocrx_word' id='word_1_139' title='bbox 1229 1179 1467 1238; x_wconf 76' lang='grc' dir='ltr'><strong><em>ἀναγκάζειν</em></strong></span> <span class='ocrx_word' id='word_1_140' title='bbox 1494 1182 1562 1223; x_wconf 85' lang='grc' dir='ltr'>καὶ</span> <span class='ocrx_word' id='word_1_141' title='bbox 1589 1174 1716 1229; x_wconf 72' lang='grc' dir='ltr'><strong><em>αὖθις</em></strong></span> 
     </span>
     <span class='ocr_line' id='line_1_16' title="bbox 236 1247 1770 1307; baseline 0 -14"><span class='ocrx_word' id='word_1_142' title='bbox 236 1247 496 1307; x_wconf 80' lang='grc' dir='ltr'><strong><em>πατριάρχην</em></strong></span> <span class='ocrx_word' id='word_1_143' title='bbox 525 1250 600 1305; x_wconf 84' lang='grc' dir='ltr'>τὴν</span> <span class='ocrx_word' id='word_1_144' title='bbox 631 1249 760 1306; x_wconf 71' lang='grc' dir='ltr'><strong><em>ἀρχὴν</em></strong></span> <span class='ocrx_word' id='word_1_145' title='bbox 793 1250 1000 1305; x_wconf 72' lang='grc' dir='ltr'><strong><em>δέχεσθαι.</em></strong></span> <span class='ocrx_word' id='word_1_146' title='bbox 1072 1253 1138 1293; x_wconf 84' lang='grc' dir='ltr'>καὶ</span> <span class='ocrx_word' id='word_1_147' title='bbox 1159 1257 1244 1301; x_wconf 74' lang='grc' dir='ltr'><strong><em>τοῖς</em></strong></span> <span class='ocrx_word' id='word_1_148' title='bbox 1267 1252 1343 1305; x_wconf 77' lang='grc' dir='ltr'>μὲν</span> <span class='ocrx_word' id='word_1_149' title='bbox 1365 1247 1588 1304; x_wconf 83' lang='grc' dir='ltr'><strong><em>ἀπώμοτον</em></strong></span> <span class='ocrx_word' id='word_1_150' title='bbox 1607 1247 1713 1299; x_wconf 83' lang='grc' dir='ltr'><strong><em>ὅλως</em></strong></span> <span class='ocrx_word' id='word_1_151' title='bbox 1729 1258 1770 1293; x_wconf 89' lang='grc'>15</span> 
     </span>
     <span class='ocr_line' id='line_1_17' title="bbox 236 1316 1716 1376; baseline -0.001 -14"><span class='ocrx_word' id='word_1_152' title='bbox 236 1317 364 1362; x_wconf 72' lang='grc' dir='ltr'><strong><em>ἐδόκει</em></strong></span> <span class='ocrx_word' id='word_1_153' title='bbox 394 1320 465 1362; x_wconf 82' lang='grc' dir='ltr'>τὸν</span> <span class='ocrx_word' id='word_1_154' title='bbox 495 1321 748 1376; x_wconf 80' lang='grc' dir='ltr'><strong><em>ψευδορκίας</em></strong></span> <span class='ocrx_word' id='word_1_155' title='bbox 780 1317 933 1362; x_wconf 78' lang='grc' dir='ltr'><strong><em>ἁλόντα</em></strong></span> <span class='ocrx_word' id='word_1_156' title='bbox 964 1318 1223 1376; x_wconf 79' lang='grc' dir='ltr'><strong><em>πατριάρχην</em></strong></span> <span class='ocrx_word' id='word_1_157' title='bbox 1244 1320 1492 1363; x_wconf 79' lang='grc' dir='ltr'><strong><em>τούντεῦθεν</em></strong></span> <span class='ocrx_word' id='word_1_158' title='bbox 1524 1320 1592 1361; x_wconf 78' lang='grc' dir='ltr'>καὶ</span> <span class='ocrx_word' id='word_1_159' title='bbox 1615 1316 1716 1361; x_wconf 78' lang='grc' dir='ltr'><strong><em>εἶναι</em></strong></span> 
     </span>
     <span class='ocr_line' id='line_1_18' title="bbox 234 1387 1718 1444; baseline -0.001 -13"><span class='ocrx_word' id='word_1_160' title='bbox 234 1390 301 1431; x_wconf 79' lang='grc' dir='ltr'>καὶ</span> <span class='ocrx_word' id='word_1_161' title='bbox 326 1387 627 1441; x_wconf 80' lang='grc' dir='ltr'><strong><em>ὀνομάζεσθαι·</em></strong></span> <span class='ocrx_word' id='word_1_162' title='bbox 652 1389 691 1431; x_wconf 80' lang='grc' dir='ltr'>οἶ</span> <span class='ocrx_word' id='word_1_163' title='bbox 711 1389 756 1431; x_wconf 74' lang='grc' dir='ltr'>δὲ</span> <span class='ocrx_word' id='word_1_164' title='bbox 773 1390 947 1442; x_wconf 73' lang='grc' dir='ltr'><strong><em>βίβλους</em></strong></span> <span class='ocrx_word' id='word_1_165' title='bbox 965 1387 1220 1432; x_wconf 78' lang='grc' dir='ltr'><strong><em>ἀνέπτυσσον</em></strong></span> <span class='ocrx_word' id='word_1_166' title='bbox 1240 1391 1308 1431; x_wconf 81' lang='grc' dir='ltr'>καὶ</span> <span class='ocrx_word' id='word_1_167' title='bbox 1328 1389 1513 1444; x_wconf 81' lang='grc' dir='ltr'><strong><em>ἱστορίας</em></strong></span> <span class='ocrx_word' id='word_1_168' title='bbox 1531 1387 1718 1444; x_wconf 76' lang='grc' dir='ltr'><strong><em>προέτει-</em></strong></span> 
     </span>
     <span class='ocr_line' id='line_1_19' title="bbox 91 1456 1717 1515; baseline -0.001 -16"><span class='ocrx_word' id='word_1_169' title='bbox 91 1462 119 1496; x_wconf 89' lang='grc' dir='ltr'>Ρ</span> <span class='ocrx_word' id='word_1_170' title='bbox 142 1460 211 1499; x_wconf 77' lang='lat'>240</span> <span class='ocrx_word' id='word_1_171' title='bbox 235 1476 320 1511; x_wconf 85' lang='grc' dir='ltr'><strong><em>νον,</em></strong></span> <span class='ocrx_word' id='word_1_172' title='bbox 359 1459 426 1501; x_wconf 79' lang='grc' dir='ltr'>καὶ</span> <span class='ocrx_word' id='word_1_173' title='bbox 446 1462 526 1500; x_wconf 81' lang='grc' dir='ltr'><strong><em>ποῦ</em></strong></span> <span class='ocrx_word' id='word_1_174' title='bbox 548 1458 622 1510; x_wconf 82' lang='grc' dir='ltr'>μὲν</span> <span class='ocrx_word' id='word_1_175' title='bbox 647 1457 887 1510; x_wconf 70' lang='grc' dir='ltr'><strong><em>Φλαβιανὸν</em></strong></span> <span class='ocrx_word' id='word_1_176' title='bbox 906 1462 1114 1515; x_wconf 80' lang='grc' dir='ltr'><strong><em>προσῆγον</em></strong></span> <span class='ocrx_word' id='word_1_177' title='bbox 1135 1456 1348 1512; x_wconf 82' lang='grc' dir='ltr'><strong><em>ὀμόσαντα</em></strong></span> <span class='ocrx_word' id='word_1_178' title='bbox 1369 1458 1444 1513; x_wconf 80' lang='grc' dir='ltr'>τὴν</span> <span class='ocrx_word' id='word_1_179' title='bbox 1462 1457 1717 1514; x_wconf 81' lang='grc' dir='ltr'><strong><em>χειροτονίαν</em></strong></span> 
     </span>
     <span class='ocr_line' id='line_1_20' title="bbox 231 1523 1715 1584; baseline -0.001 -15"><span class='ocrx_word' id='word_1_180' title='bbox 231 1527 290 1582; x_wconf 83' lang='grc' dir='ltr'>μὴ</span> <span class='ocrx_word' id='word_1_181' title='bbox 314 1527 510 1582; x_wconf 73' lang='grc' dir='ltr'><strong><em>δέχεσθαι</em></strong></span> <span class='ocrx_word' id='word_1_182' title='bbox 529 1528 596 1568; x_wconf 84' lang='grc' dir='ltr'>καὶ</span> <span class='ocrx_word' id='word_1_183' title='bbox 619 1524 838 1582; x_wconf 76' lang='grc' dir='ltr'><strong><em>δεξάμενον</em></strong></span> <span class='ocrx_word' id='word_1_184' title='bbox 858 1526 1057 1584; x_wconf 69' lang='grc' dir='ltr'><strong><em>ὕστερον,</em></strong></span> <span class='ocrx_word' id='word_1_185' title='bbox 1094 1533 1175 1570; x_wconf 86' lang='grc' dir='ltr'><strong><em>ποῦ</em></strong></span> <span class='ocrx_word' id='word_1_186' title='bbox 1203 1528 1248 1570; x_wconf 74' lang='grc' dir='ltr'>δὲ</span> <span class='ocrx_word' id='word_1_187' title='bbox 1269 1527 1341 1571; x_wconf 81' lang='grc' dir='ltr'>τὸν</span> <span class='ocrx_word' id='word_1_188' title='bbox 1361 1529 1424 1570; x_wconf 74' lang='grc' dir='ltr'><strong><em>ἐπὶ</em></strong></span> <span class='ocrx_word' id='word_1_189' title='bbox 1444 1530 1518 1569; x_wconf 85' lang='grc' dir='ltr'><strong><em>τοῦ</em></strong></span> <span class='ocrx_word' id='word_1_190' title='bbox 1537 1523 1715 1582; x_wconf 78' lang='grc' dir='ltr'><strong><em>μεγάλου</em></strong></span> 
     </span>
    </p>
   </div>
   <div class='ocr_carea' id='block_1_3' title="bbox 237 1679 1724 2882">
    <p class='ocr_par' dir='ltr' id='par_1_3' title="bbox 237 1679 1724 2882">
     <span class='ocr_line' id='line_1_21' title="bbox 237 1679 1718 1730; baseline -0.002 -13"><span class='ocrx_word' id='word_1_191' title='bbox 237 1694 312 1717; x_wconf 91' lang='lat' dir='ltr'>nem</span> <span class='ocrx_word' id='word_1_192' title='bbox 337 1682 523 1728; x_wconf 88' lang='lat' dir='ltr'>impetrare</span> <span class='ocrx_word' id='word_1_193' title='bbox 546 1682 605 1717; x_wconf 91' lang='lat' dir='ltr'>diu</span> <span class='ocrx_word' id='word_1_194' title='bbox 636 1681 798 1727; x_wconf 81' lang='lat' dir='ltr'>flagitans</span> <span class='ocrx_word' id='word_1_195' title='bbox 830 1683 1060 1730; x_wconf 76' lang='lat' dir='ltr'>nequivisset,</span> <span class='ocrx_word' id='word_1_196' title='bbox 1099 1683 1304 1718; x_wconf 77' lang='lat' dir='ltr'>necessitate</span> <span class='ocrx_word' id='word_1_197' title='bbox 1330 1682 1478 1717; x_wconf 79' lang='lat' dir='ltr'>adactus</span> <span class='ocrx_word' id='word_1_198' title='bbox 1501 1679 1646 1727; x_wconf 88' lang='lat' dir='ltr'>quadam</span> <span class='ocrx_word' id='word_1_199' title='bbox 1673 1679 1718 1714; x_wconf 83' lang='lat' dir='ltr'>ad</span> 
     </span>
     <span class='ocr_line' id='line_1_22' title="bbox 238 1727 1716 1775; baseline -0.001 -13"><span class='ocrx_word' id='word_1_200' title='bbox 238 1729 321 1763; x_wconf 91' lang='lat' dir='ltr'>illud</span> <span class='ocrx_word' id='word_1_201' title='bbox 354 1734 540 1763; x_wconf 86' lang='lat' dir='ltr'>extremum</span> <span class='ocrx_word' id='word_1_202' title='bbox 576 1729 752 1762; x_wconf 89' lang='lat' dir='ltr'>consilium</span> <span class='ocrx_word' id='word_1_203' title='bbox 782 1741 847 1763; x_wconf 92' lang='lat' dir='ltr'>non</span> <span class='ocrx_word' id='word_1_204' title='bbox 883 1734 952 1763; x_wconf 86' lang='lat' dir='ltr'>tam</span> <span class='ocrx_word' id='word_1_205' title='bbox 986 1729 1120 1763; x_wconf 87' lang='lat' dir='ltr'>venerit</span> <span class='ocrx_word' id='word_1_206' title='bbox 1142 1741 1242 1775; x_wconf 89' lang='lat' dir='ltr'>quam</span> <span class='ocrx_word' id='word_1_207' title='bbox 1265 1729 1299 1764; x_wconf 79' lang='lat' dir='ltr'>vi</span> <span class='ocrx_word' id='word_1_208' title='bbox 1325 1733 1441 1762; x_wconf 85' lang='lat' dir='ltr'>trusus</span> <span class='ocrx_word' id='word_1_209' title='bbox 1464 1727 1570 1762; x_wconf 79' lang='lat' dir='ltr'>suerit</span> <span class='ocrx_word' id='word_1_210' title='bbox 1590 1738 1716 1760; x_wconf 87' lang='lat' dir='ltr'>renun-</span> 
     </span>
     <span class='ocr_line' id='line_1_23' title="bbox 237 1772 1718 1821; baseline -0.002 -12"><span class='ocrx_word' id='word_1_211' title='bbox 237 1775 376 1809; x_wconf 90' lang='lat' dir='ltr'>tiandae</span> <span class='ocrx_word' id='word_1_212' title='bbox 400 1774 585 1819; x_wconf 73' lang='lat' dir='ltr'>dignitatis.</span> <span class='ocrx_word' id='word_1_213' title='bbox 633 1786 740 1820; x_wconf 88' lang='lat' dir='ltr'>quare</span> <span class='ocrx_word' id='word_1_214' title='bbox 765 1787 830 1809; x_wconf 92' lang='lat' dir='ltr'>non</span> <span class='ocrx_word' id='word_1_215' title='bbox 862 1775 972 1810; x_wconf 89' lang='lat' dir='ltr'>videri</span> <span class='ocrx_word' id='word_1_216' title='bbox 995 1776 1132 1810; x_wconf 86' lang='lat' dir='ltr'>dubium</span> <span class='ocrx_word' id='word_1_217' title='bbox 1162 1775 1245 1821; x_wconf 89' lang='lat' dir='ltr'>quin</span> <span class='ocrx_word' id='word_1_218' title='bbox 1268 1779 1411 1820; x_wconf 83' lang='lat' dir='ltr'>paratus</span> <span class='ocrx_word' id='word_1_219' title='bbox 1432 1774 1460 1807; x_wconf 87' lang='lat' dir='ltr'>is</span> <span class='ocrx_word' id='word_1_220' title='bbox 1485 1773 1530 1807; x_wconf 85' lang='lat' dir='ltr'>sit</span> <span class='ocrx_word' id='word_1_221' title='bbox 1553 1772 1595 1807; x_wconf 89' lang='lat' dir='ltr'>ad</span> <span class='ocrx_word' id='word_1_222' title='bbox 1619 1784 1718 1807; x_wconf 83' lang='lat' dir='ltr'>resu-</span> 
     </span>
     <span class='ocr_line' id='line_1_24' title="bbox 240 1819 1716 1868; baseline -0.003 -12"><span class='ocrx_word' id='word_1_223' title='bbox 240 1822 394 1856; x_wconf 81' lang='lat' dir='ltr'><strong>mendam</strong></span> <span class='ocrx_word' id='word_1_224' title='bbox 421 1821 699 1867; x_wconf 88' lang='lat' dir='ltr'>retinendamque</span> <span class='ocrx_word' id='word_1_225' title='bbox 722 1821 983 1867; x_wconf 70' lang='lat' dir='ltr'>patriarchalem</span> <span class='ocrx_word' id='word_1_226' title='bbox 1007 1826 1233 1868; x_wconf 84' lang='lat' dir='ltr'>potestatem,</span> <span class='ocrx_word' id='word_1_227' title='bbox 1255 1821 1364 1863; x_wconf 86' lang='lat' dir='ltr'>simul,</span> <span class='ocrx_word' id='word_1_228' title='bbox 1389 1819 1478 1866; x_wconf 87' lang='lat' dir='ltr'>quod</span> <span class='ocrx_word' id='word_1_229' title='bbox 1499 1819 1574 1854; x_wconf 87' lang='lat' dir='ltr'>iure</span> <span class='ocrx_word' id='word_1_230' title='bbox 1595 1822 1716 1864; x_wconf 88' lang='lat' dir='ltr'>postu-</span> 
     </span>
     <span class='ocr_line' id='line_1_25' title="bbox 240 1865 1716 1914; baseline -0.003 -12"><span class='ocrx_word' id='word_1_231' title='bbox 240 1868 311 1910; x_wconf 85' lang='lat' dir='ltr'>lat,</span> <span class='ocrx_word' id='word_1_232' title='bbox 334 1868 426 1902; x_wconf 78' lang='lat' dir='ltr'>iusta</span> <span class='ocrx_word' id='word_1_233' title='bbox 449 1867 702 1902; x_wconf 79' lang='lat' dir='ltr'>calumniatoris</span> <span class='ocrx_word' id='word_1_234' title='bbox 725 1867 938 1903; x_wconf 79' lang='lat' dir='ltr'>damnatione</span> <span class='ocrx_word' id='word_1_235' title='bbox 969 1874 1135 1914; x_wconf 83' lang='lat' dir='ltr'>purgatus</span> <span class='ocrx_word' id='word_1_236' title='bbox 1166 1868 1234 1902; x_wconf 88' lang='lat' dir='ltr'>rite</span> <span class='ocrx_word' id='word_1_237' title='bbox 1267 1867 1374 1902; x_wconf 77' lang='lat' dir='ltr'>fuerit</span> <span class='ocrx_word' id='word_1_238' title='bbox 1404 1865 1537 1900; x_wconf 86' lang='lat' dir='ltr'>macula</span> <span class='ocrx_word' id='word_1_239' title='bbox 1565 1865 1716 1899; x_wconf 80' lang='lat' dir='ltr'>criminis</span> 
     </span>
     <span class='ocr_line' id='line_1_26' title="bbox 238 1909 1717 1960; baseline -0.002 -12"><span class='ocrx_word' id='word_1_240' title='bbox 238 1914 326 1949; x_wconf 85' lang='lat' dir='ltr'>salso</span> <span class='ocrx_word' id='word_1_241' title='bbox 350 1913 499 1959; x_wconf 83' lang='lat' dir='ltr'>impacti.</span> <span class='ocrx_word' id='word_1_242' title='bbox 547 1925 610 1948; x_wconf 92' lang='lat' dir='ltr'>nec</span> <span class='ocrx_word' id='word_1_243' title='bbox 638 1925 722 1948; x_wconf 86' lang='lat' dir='ltr'>vero</span> <span class='ocrx_word' id='word_1_244' title='bbox 753 1925 844 1960; x_wconf 87' lang='lat' dir='ltr'>quae</span> <span class='ocrx_word' id='word_1_245' title='bbox 866 1915 970 1949; x_wconf 86' lang='lat' dir='ltr'>verba</span> <span class='ocrx_word' id='word_1_246' title='bbox 1001 1914 1215 1960; x_wconf 79' lang='lat' dir='ltr'>perturbatio</span> <span class='ocrx_word' id='word_1_247' title='bbox 1238 1912 1306 1959; x_wconf 83' lang='lat' dir='ltr'>ipsi</span> <span class='ocrx_word' id='word_1_248' title='bbox 1328 1924 1455 1958; x_wconf 79' lang='lat' dir='ltr'>aegrae</span> <span class='ocrx_word' id='word_1_249' title='bbox 1477 1911 1594 1946; x_wconf 91' lang='lat' dir='ltr'>dolore</span> <span class='ocrx_word' id='word_1_250' title='bbox 1618 1909 1717 1957; x_wconf 84' lang='lat' dir='ltr'>gravi</span> 
     </span>
     <span class='ocr_line' id='line_1_27' title="bbox 239 1957 1716 2006; baseline -0.003 -12"><span class='ocrx_word' id='word_1_251' title='bbox 239 1960 364 1994; x_wconf 86' lang='lat' dir='ltr'>mentis</span> <span class='ocrx_word' id='word_1_252' title='bbox 398 1961 587 2005; x_wconf 77' lang='lat' dir='ltr'>expressit,</span> <span class='ocrx_word' id='word_1_253' title='bbox 619 1972 682 2006; x_wconf 85' lang='lat' dir='ltr'>pro</span> <span class='ocrx_word' id='word_1_254' title='bbox 717 1972 802 1995; x_wconf 82' lang='lat' dir='ltr'>vera</span> <span class='ocrx_word' id='word_1_255' title='bbox 836 1960 1054 1996; x_wconf 86' lang='lat' dir='ltr'>iurisiurandi</span> <span class='ocrx_word' id='word_1_256' title='bbox 1088 1960 1233 1995; x_wconf 88' lang='lat' dir='ltr'>formula</span> <span class='ocrx_word' id='word_1_257' title='bbox 1265 1964 1425 2005; x_wconf 80' lang='lat' dir='ltr'>oportere</span> <span class='ocrx_word' id='word_1_258' title='bbox 1457 1957 1578 2003; x_wconf 83' lang='lat' dir='ltr'>accipi.</span> <span class='ocrx_word' id='word_1_259' title='bbox 1634 1968 1716 2004; x_wconf 88' lang='lat' dir='ltr'>pro-</span> 
     </span>
     <span class='ocr_line' id='line_1_28' title="bbox 241 2003 1717 2052; baseline -0.002 -12"><span class='ocrx_word' id='word_1_260' title='bbox 241 2006 373 2052; x_wconf 86' lang='lat' dir='ltr'>lapsum</span> <span class='ocrx_word' id='word_1_261' title='bbox 397 2007 431 2040; x_wconf 89' lang='lat' dir='ltr'>in</span> <span class='ocrx_word' id='word_1_262' title='bbox 455 2007 539 2040; x_wconf 85' lang='lat' dir='ltr'>haec</span> <span class='ocrx_word' id='word_1_263' title='bbox 563 2018 638 2040; x_wconf 90' lang='lat' dir='ltr'>eum</span> <span class='ocrx_word' id='word_1_264' title='bbox 661 2006 735 2041; x_wconf 91' lang='lat' dir='ltr'>acri</span> <span class='ocrx_word' id='word_1_265' title='bbox 757 2006 860 2041; x_wconf 86' lang='lat' dir='ltr'>animi</span> <span class='ocrx_word' id='word_1_266' title='bbox 883 2019 1063 2042; x_wconf 84' lang='lat' dir='ltr'>aerumnae</span> <span class='ocrx_word' id='word_1_267' title='bbox 1085 2018 1188 2042; x_wconf 87' lang='lat' dir='ltr'>sensu</span> <span class='ocrx_word' id='word_1_268' title='bbox 1205 2006 1428 2052; x_wconf 85' lang='lat' dir='ltr'>gravissimae</span> <span class='ocrx_word' id='word_1_269' title='bbox 1446 2003 1633 2039; x_wconf 77' lang='lat' dir='ltr'>aestuantis</span> <span class='ocrx_word' id='word_1_270' title='bbox 1653 2014 1717 2038; x_wconf 86' lang='lat' dir='ltr'>an-</span> 
     </span>
     <span class='ocr_line' id='line_1_29' title="bbox 240 2051 1719 2099; baseline -0.002 -13"><span class='ocrx_word' id='word_1_271' title='bbox 240 2064 346 2096; x_wconf 87' lang='lat' dir='ltr'>gore:</span> <span class='ocrx_word' id='word_1_272' title='bbox 379 2064 445 2087; x_wconf 91' lang='lat' dir='ltr'>non</span> <span class='ocrx_word' id='word_1_273' title='bbox 478 2057 610 2095; x_wconf 86' lang='lat' dir='ltr'>autem,</span> <span class='ocrx_word' id='word_1_274' title='bbox 642 2058 682 2088; x_wconf 91' lang='lat' dir='ltr'>ut</span> <span class='ocrx_word' id='word_1_275' title='bbox 714 2054 757 2088; x_wconf 88' lang='lat' dir='ltr'>ad</span> <span class='ocrx_word' id='word_1_276' title='bbox 792 2053 990 2099; x_wconf 85' lang='lat' dir='ltr'>religionem</span> <span class='ocrx_word' id='word_1_277' title='bbox 1024 2054 1207 2088; x_wconf 88' lang='lat' dir='ltr'>iuramenti</span> <span class='ocrx_word' id='word_1_278' title='bbox 1239 2053 1306 2087; x_wconf 86' lang='lat' dir='ltr'>rite</span> <span class='ocrx_word' id='word_1_279' title='bbox 1338 2051 1611 2086; x_wconf 85' lang='lat' dir='ltr'>consciscendam</span> <span class='ocrx_word' id='word_1_280' title='bbox 1633 2059 1719 2095; x_wconf 80' lang='lat' dir='ltr'>opus</span> 
     </span>
     <span class='ocr_line' id='line_1_30' title="bbox 240 2097 1720 2141; baseline -0.002 -10"><span class='ocrx_word' id='word_1_281' title='bbox 240 2100 375 2140; x_wconf 83' lang='lat' dir='ltr'>suerat,</span> <span class='ocrx_word' id='word_1_282' title='bbox 407 2099 517 2133; x_wconf 86' lang='lat' dir='ltr'>libero</span> <span class='ocrx_word' id='word_1_283' title='bbox 550 2099 615 2133; x_wconf 89' lang='lat' dir='ltr'>sibi</span> <span class='ocrx_word' id='word_1_284' title='bbox 651 2099 840 2134; x_wconf 85' lang='lat' dir='ltr'>constantis</span> <span class='ocrx_word' id='word_1_285' title='bbox 873 2100 1003 2134; x_wconf 88' lang='lat' dir='ltr'>arbitrii</span> <span class='ocrx_word' id='word_1_286' title='bbox 1035 2100 1178 2141; x_wconf 88' lang='lat' dir='ltr'>iudicio,</span> <span class='ocrx_word' id='word_1_287' title='bbox 1208 2099 1266 2134; x_wconf 89' lang='lat' dir='ltr'>illa</span> <span class='ocrx_word' id='word_1_288' title='bbox 1297 2099 1467 2133; x_wconf 80' lang='lat' dir='ltr'>volentem</span> <span class='ocrx_word' id='word_1_289' title='bbox 1489 2097 1720 2141; x_wconf 82' lang='lat' dir='ltr'>scientemque</span> 
     </span>
     <span class='ocr_line' id='line_1_31' title="bbox 240 2142 1719 2189; baseline -0.003 -11"><span class='ocrx_word' id='word_1_290' title='bbox 240 2144 433 2189; x_wconf 86' lang='lat' dir='ltr'>protulisse.</span> <span class='ocrx_word' id='word_1_291' title='bbox 482 2145 655 2179; x_wconf 82' lang='lat' dir='ltr'>contraria</span> <span class='ocrx_word' id='word_1_292' title='bbox 689 2146 743 2180; x_wconf 87' lang='lat' dir='ltr'>his</span> <span class='ocrx_word' id='word_1_293' title='bbox 776 2150 852 2180; x_wconf 86' lang='lat' dir='ltr'>erat</span> <span class='ocrx_word' id='word_1_294' title='bbox 874 2147 978 2180; x_wconf 84' lang='lat' dir='ltr'>factio</span> <span class='ocrx_word' id='word_1_295' title='bbox 1003 2146 1250 2180; x_wconf 76' lang='lat' dir='ltr'>abdicationem</span> <span class='ocrx_word' id='word_1_296' title='bbox 1273 2149 1312 2180; x_wconf 86' lang='lat' dir='ltr'>ut</span> <span class='ocrx_word' id='word_1_297' title='bbox 1334 2150 1443 2179; x_wconf 87' lang='lat' dir='ltr'>ratam</span> <span class='ocrx_word' id='word_1_298' title='bbox 1467 2142 1719 2188; x_wconf 82' lang='lat' dir='ltr'>legitimamque</span> 
     </span>
     <span class='ocr_line' id='line_1_32' title="bbox 239 2188 1719 2238; baseline -0.003 -15"><span class='ocrx_word' id='word_1_299' title='bbox 239 2190 511 2235; x_wconf 85' lang='lat' dir='ltr'>acceptantium‚</span> <span class='ocrx_word' id='word_1_300' title='bbox 544 2192 719 2237; x_wconf 88' lang='lat' dir='ltr'>verbaque</span> <span class='ocrx_word' id='word_1_301' title='bbox 753 2192 789 2226; x_wconf 92' lang='lat' dir='ltr'>in</span> <span class='ocrx_word' id='word_1_302' title='bbox 821 2204 863 2227; x_wconf 88' lang='lat' dir='ltr'>ea</span> <span class='ocrx_word' id='word_1_303' title='bbox 894 2193 1007 2238; x_wconf 89' lang='lat' dir='ltr'>posita</span> <span class='ocrx_word' id='word_1_304' title='bbox 1038 2192 1272 2227; x_wconf 87' lang='lat' dir='ltr'>irrevocabilis</span> <span class='ocrx_word' id='word_1_305' title='bbox 1300 2190 1480 2226; x_wconf 80' lang='lat' dir='ltr'>iuramenti</span> <span class='ocrx_word' id='word_1_306' title='bbox 1502 2188 1568 2222; x_wconf 86' lang='lat' dir='ltr'>vim</span> <span class='ocrx_word' id='word_1_307' title='bbox 1590 2193 1719 2222; x_wconf 80' lang='lat' dir='ltr'>certam</span> 
     </span>
     <span class='ocr_line' id='line_1_33' title="bbox 242 2235 1718 2284; baseline -0.003 -14"><span class='ocrx_word' id='word_1_308' title='bbox 242 2236 399 2270; x_wconf 87' lang='lat' dir='ltr'>obtinere</span> <span class='ocrx_word' id='word_1_309' title='bbox 430 2236 662 2274; x_wconf 87' lang='lat' dir='ltr'>iudicantium.</span> <span class='ocrx_word' id='word_1_310' title='bbox 709 2250 786 2272; x_wconf 89' lang='lat' dir='ltr'>nam</span> <span class='ocrx_word' id='word_1_311' title='bbox 817 2243 852 2273; x_wconf 89' lang='lat' dir='ltr'>et</span> <span class='ocrx_word' id='word_1_312' title='bbox 883 2239 991 2284; x_wconf 91' lang='lat' dir='ltr'>ipsum</span> <span class='ocrx_word' id='word_1_313' title='bbox 1024 2239 1058 2273; x_wconf 89' lang='lat' dir='ltr'>id</span> <span class='ocrx_word' id='word_1_314' title='bbox 1088 2239 1191 2274; x_wconf 76' lang='lat' dir='ltr'>fateri</span> <span class='ocrx_word' id='word_1_315' title='bbox 1224 2238 1280 2284; x_wconf 88' lang='lat' dir='ltr'>qui</span> <span class='ocrx_word' id='word_1_316' title='bbox 1304 2249 1401 2272; x_wconf 86' lang='lat' dir='ltr'>suum</span> <span class='ocrx_word' id='word_1_317' title='bbox 1425 2235 1552 2281; x_wconf 83' lang='lat' dir='ltr'>optime</span> <span class='ocrx_word' id='word_1_318' title='bbox 1583 2243 1718 2267; x_wconf 81' lang='lat' dir='ltr'>sensum</span> 
     </span>
     <span class='ocr_line' id='line_1_34' title="bbox 240 2277 1719 2329; baseline -0.004 -13"><span class='ocrx_word' id='word_1_319' title='bbox 240 2282 370 2325; x_wconf 81' lang='lat' dir='ltr'>calluit,</span> <span class='ocrx_word' id='word_1_320' title='bbox 393 2283 428 2316; x_wconf 91' lang='lat' dir='ltr'>in</span> <span class='ocrx_word' id='word_1_321' title='bbox 452 2282 529 2327; x_wconf 87' lang='lat' dir='ltr'>ipsa</span> <span class='ocrx_word' id='word_1_322' title='bbox 552 2284 681 2329; x_wconf 88' lang='lat' dir='ltr'>scripto</span> <span class='ocrx_word' id='word_1_323' title='bbox 707 2285 819 2318; x_wconf 86' lang='lat' dir='ltr'>editae</span> <span class='ocrx_word' id='word_1_324' title='bbox 842 2285 1064 2319; x_wconf 81' lang='lat' dir='ltr'>abdicationis</span> <span class='ocrx_word' id='word_1_325' title='bbox 1087 2285 1231 2319; x_wconf 77' lang='lat' dir='ltr'>formula</span> <span class='ocrx_word' id='word_1_326' title='bbox 1254 2284 1433 2324; x_wconf 82' lang='lat' dir='ltr'>Ioannem,</span> <span class='ocrx_word' id='word_1_327' title='bbox 1459 2278 1658 2314; x_wconf 87' lang='lat' dir='ltr'>nominando</span> <span class='ocrx_word' id='word_1_328' title='bbox 1682 2277 1719 2311; x_wconf 88' lang='lat' dir='ltr'>id</span> 
     </span>
     <span class='ocr_line' id='line_1_35' title="bbox 239 2324 1720 2375; baseline -0.001 -14"><span class='ocrx_word' id='word_1_329' title='bbox 239 2331 355 2362; x_wconf 87' lang='lat' dir='ltr'>votum</span> <span class='ocrx_word' id='word_1_330' title='bbox 380 2340 401 2363; x_wconf 88' lang='lat' dir='ltr'>a</span> <span class='ocrx_word' id='word_1_331' title='bbox 424 2339 462 2362; x_wconf 89' lang='lat' dir='ltr'>se</span> <span class='ocrx_word' id='word_1_332' title='bbox 486 2331 550 2363; x_wconf 86' lang='lat' dir='ltr'>deo</span> <span class='ocrx_word' id='word_1_333' title='bbox 574 2330 704 2363; x_wconf 86' lang='lat' dir='ltr'>factum</span> <span class='ocrx_word' id='word_1_334' title='bbox 727 2331 819 2375; x_wconf 91' lang='lat' dir='ltr'>quod</span> <span class='ocrx_word' id='word_1_335' title='bbox 843 2342 905 2365; x_wconf 91' lang='lat' dir='ltr'>sua</span> <span class='ocrx_word' id='word_1_336' title='bbox 929 2331 1020 2366; x_wconf 90' lang='lat' dir='ltr'>labia</span> <span class='ocrx_word' id='word_1_337' title='bbox 1037 2331 1264 2366; x_wconf 84' lang='lat' dir='ltr'>distinxerint.</span> <span class='ocrx_word' id='word_1_338' title='bbox 1313 2332 1416 2374; x_wconf 88' lang='lat' dir='ltr'>atque</span> <span class='ocrx_word' id='word_1_339' title='bbox 1439 2327 1475 2360; x_wconf 90' lang='lat' dir='ltr'>in</span> <span class='ocrx_word' id='word_1_340' title='bbox 1491 2327 1555 2360; x_wconf 85' lang='lat' dir='ltr'>hoc</span> <span class='ocrx_word' id='word_1_341' title='bbox 1579 2324 1634 2358; x_wconf 87' lang='lat' dir='ltr'>isti</span> <span class='ocrx_word' id='word_1_342' title='bbox 1657 2324 1720 2359; x_wconf 91' lang='lat' dir='ltr'>ob-</span> 
     </span>
     <span class='ocr_line' id='line_1_36' title="bbox 239 2371 1720 2419; baseline -0.004 -10"><span class='ocrx_word' id='word_1_343' title='bbox 239 2372 309 2409; x_wconf 87' lang='lat' dir='ltr'>nixi</span> <span class='ocrx_word' id='word_1_344' title='bbox 337 2375 496 2416; x_wconf 79' lang='lat' dir='ltr'>stabant,</span> <span class='ocrx_word' id='word_1_345' title='bbox 527 2376 742 2417; x_wconf 78' lang='lat' dir='ltr'>contentione</span> <span class='ocrx_word' id='word_1_346' title='bbox 777 2381 873 2411; x_wconf 86' lang='lat' dir='ltr'>certa</span> <span class='ocrx_word' id='word_1_347' title='bbox 905 2389 971 2411; x_wconf 94' lang='lat' dir='ltr'>non</span> <span class='ocrx_word' id='word_1_348' title='bbox 1001 2379 1142 2419; x_wconf 90' lang='lat' dir='ltr'>cedere,</span> <span class='ocrx_word' id='word_1_349' title='bbox 1176 2376 1252 2411; x_wconf 82' lang='lat' dir='ltr'>aliis</span> <span class='ocrx_word' id='word_1_350' title='bbox 1283 2375 1386 2409; x_wconf 85' lang='lat' dir='ltr'>nihilo</span> <span class='ocrx_word' id='word_1_351' title='bbox 1419 2371 1594 2407; x_wconf 86' lang='lat' dir='ltr'>remissius</span> <span class='ocrx_word' id='word_1_352' title='bbox 1617 2381 1720 2415; x_wconf 89' lang='lat' dir='ltr'>repu—</span> 
     </span>
     <span class='ocr_line' id='line_1_37' title="bbox 242 2416 1722 2466; baseline -0.002 -12"><span class='ocrx_word' id='word_1_353' title='bbox 242 2419 440 2465; x_wconf 87' lang='lat' dir='ltr'>gnantibus.</span> <span class='ocrx_word' id='word_1_354' title='bbox 488 2431 551 2454; x_wconf 85' lang='lat' dir='ltr'>nec</span> <span class='ocrx_word' id='word_1_355' title='bbox 575 2432 654 2466; x_wconf 86' lang='lat' dir='ltr'>spes</span> <span class='ocrx_word' id='word_1_356' title='bbox 678 2423 868 2466; x_wconf 82' lang='lat' dir='ltr'>apparebat</span> <span class='ocrx_word' id='word_1_357' title='bbox 890 2423 1059 2458; x_wconf 84' lang='lat' dir='ltr'>finiendae</span> <span class='ocrx_word' id='word_1_358' title='bbox 1093 2421 1341 2461; x_wconf 77' lang='lat' dir='ltr'>altercationis,</span> <span class='ocrx_word' id='word_1_359' title='bbox 1370 2430 1458 2464; x_wconf 86' lang='lat' dir='ltr'>quae</span> <span class='ocrx_word' id='word_1_360' title='bbox 1491 2417 1599 2452; x_wconf 82' lang='lat' dir='ltr'>minus</span> <span class='ocrx_word' id='word_1_361' title='bbox 1629 2416 1722 2451; x_wconf 86' lang='lat' dir='ltr'>circa</span> 
     </span>
     <span class='ocr_line' id='line_1_38' title="bbox 242 2462 1723 2511; baseline -0.003 -10"><span class='ocrx_word' id='word_1_362' title='bbox 242 2466 493 2501; x_wconf 87' lang='lat' dir='ltr'>abdicationem</span> <span class='ocrx_word' id='word_1_363' title='bbox 517 2466 624 2510; x_wconf 82' lang='lat' dir='ltr'>ipsam</span> <span class='ocrx_word' id='word_1_364' title='bbox 649 2479 748 2511; x_wconf 90' lang='lat' dir='ltr'>quam</span> <span class='ocrx_word' id='word_1_365' title='bbox 774 2467 865 2501; x_wconf 85' lang='lat' dir='ltr'>circa</span> <span class='ocrx_word' id='word_1_366' title='bbox 888 2470 994 2502; x_wconf 83' lang='lat' dir='ltr'>verba</span> <span class='ocrx_word' id='word_1_367' title='bbox 1017 2469 1076 2502; x_wconf 88' lang='lat' dir='ltr'>illa</span> <span class='ocrx_word' id='word_1_368' title='bbox 1105 2467 1285 2502; x_wconf 86' lang='lat' dir='ltr'>iuramenti</span> <span class='ocrx_word' id='word_1_369' title='bbox 1312 2466 1459 2510; x_wconf 77' lang='lat' dir='ltr'>speciem</span> <span class='ocrx_word' id='word_1_370' title='bbox 1492 2462 1723 2509; x_wconf 82' lang='lat' dir='ltr'>praeferentia</span> 
     </span>
     <span class='ocr_line' id='line_1_39' title="bbox 243 2510 1722 2560; baseline -0.003 -14"><span class='ocrx_word' id='word_1_371' title='bbox 243 2516 432 2547; x_wconf 83' lang='lat' dir='ltr'>exarserat.</span> <span class='ocrx_word' id='word_1_372' title='bbox 481 2523 591 2557; x_wconf 87' lang='lat' dir='ltr'>eoque</span> <span class='ocrx_word' id='word_1_373' title='bbox 625 2524 683 2546; x_wconf 85' lang='lat' dir='ltr'>res</span> <span class='ocrx_word' id='word_1_374' title='bbox 714 2514 918 2556; x_wconf 83' lang='lat' dir='ltr'>devenerat,</span> <span class='ocrx_word' id='word_1_375' title='bbox 949 2519 988 2548; x_wconf 91' lang='lat' dir='ltr'>ut</span> <span class='ocrx_word' id='word_1_376' title='bbox 1021 2518 1244 2560; x_wconf 86' lang='lat' dir='ltr'>quaereretur</span> <span class='ocrx_word' id='word_1_377' title='bbox 1275 2523 1352 2545; x_wconf 84' lang='lat' dir='ltr'>mun</span> <span class='ocrx_word' id='word_1_378' title='bbox 1375 2510 1508 2545; x_wconf 88' lang='lat' dir='ltr'>etiamsi</span> <span class='ocrx_word' id='word_1_379' title='bbox 1530 2511 1622 2544; x_wconf 80' lang='lat' dir='ltr'>forte</span> <span class='ocrx_word' id='word_1_380' title='bbox 1644 2519 1722 2551; x_wconf 80' lang='lat' dir='ltr'>sese</span> 
     </span>
     <span class='ocr_line' id='line_1_40' title="bbox 242 2554 1722 2604; baseline -0.003 -12"><span class='ocrx_word' id='word_1_381' title='bbox 242 2558 301 2593; x_wconf 90' lang='lat' dir='ltr'>ille</span> <span class='ocrx_word' id='word_1_382' title='bbox 325 2557 567 2593; x_wconf 84' lang='lat' dir='ltr'>obstrinxisset</span> <span class='ocrx_word' id='word_1_383' title='bbox 591 2558 826 2603; x_wconf 87' lang='lat' dir='ltr'>qualicumque</span> <span class='ocrx_word' id='word_1_384' title='bbox 849 2559 1060 2604; x_wconf 84' lang='lat' dir='ltr'>iuramento,</span> <span class='ocrx_word' id='word_1_385' title='bbox 1086 2559 1172 2594; x_wconf 86' lang='lat' dir='ltr'>solvi</span> <span class='ocrx_word' id='word_1_386' title='bbox 1196 2570 1238 2592; x_wconf 86' lang='lat' dir='ltr'>ea</span> <span class='ocrx_word' id='word_1_387' title='bbox 1260 2557 1425 2602; x_wconf 85' lang='lat' dir='ltr'>religione</span> <span class='ocrx_word' id='word_1_388' title='bbox 1449 2556 1590 2590; x_wconf 88' lang='lat' dir='ltr'>deberet</span> <span class='ocrx_word' id='word_1_389' title='bbox 1611 2554 1722 2598; x_wconf 84' lang='lat' dir='ltr'>adigi-</span> 
     </span>
     <span class='ocr_line' id='line_1_41' title="bbox 245 2601 1724 2650; baseline -0.003 -11"><span class='ocrx_word' id='word_1_390' title='bbox 245 2617 314 2650; x_wconf 87' lang='lat' dir='ltr'>que</span> <span class='ocrx_word' id='word_1_391' title='bbox 337 2604 439 2639; x_wconf 84' lang='lat' dir='ltr'>nihilo</span> <span class='ocrx_word' id='word_1_392' title='bbox 464 2603 575 2639; x_wconf 88' lang='lat' dir='ltr'>secius</span> <span class='ocrx_word' id='word_1_393' title='bbox 600 2605 644 2638; x_wconf 88' lang='lat' dir='ltr'>ad</span> <span class='ocrx_word' id='word_1_394' title='bbox 667 2605 900 2638; x_wconf 85' lang='lat' dir='ltr'>resumendam</span> <span class='ocrx_word' id='word_1_395' title='bbox 923 2606 1045 2639; x_wconf 84' lang='lat' dir='ltr'>sedem</span> <span class='ocrx_word' id='word_1_396' title='bbox 1094 2605 1128 2639; x_wconf 91' lang='lat' dir='ltr'>in</span> <span class='ocrx_word' id='word_1_397' title='bbox 1152 2616 1219 2649; x_wconf 89' lang='lat' dir='ltr'>quo</span> <span class='ocrx_word' id='word_1_398' title='bbox 1241 2604 1461 2638; x_wconf 86' lang='lat' dir='ltr'>vehementer</span> <span class='ocrx_word' id='word_1_399' title='bbox 1486 2601 1724 2636; x_wconf 85' lang='lat' dir='ltr'>adversaban-</span> 
     </span>
     <span class='ocr_line' id='line_1_42' title="bbox 244 2649 1724 2697; baseline -0.003 -12"><span class='ocrx_word' id='word_1_400' title='bbox 244 2655 302 2685; x_wconf 85' lang='lat' dir='ltr'>tur</span> <span class='ocrx_word' id='word_1_401' title='bbox 326 2651 385 2697; x_wconf 84' lang='lat' dir='ltr'>qui</span> <span class='ocrx_word' id='word_1_402' title='bbox 409 2662 484 2685; x_wconf 90' lang='lat' dir='ltr'>eum</span> <span class='ocrx_word' id='word_1_403' title='bbox 508 2649 576 2684; x_wconf 86' lang='lat' dir='ltr'>rite</span> <span class='ocrx_word' id='word_1_404' title='bbox 599 2662 641 2684; x_wconf 91' lang='lat' dir='ltr'>ac</span> <span class='ocrx_word' id='word_1_405' title='bbox 663 2650 775 2684; x_wconf 87' lang='lat' dir='ltr'>valide</span> <span class='ocrx_word' id='word_1_406' title='bbox 798 2651 1013 2685; x_wconf 79' lang='lat' dir='ltr'>renuntiasse</span> <span class='ocrx_word' id='word_1_407' title='bbox 1036 2651 1306 2691; x_wconf 81' lang='lat' dir='ltr'>contendebant,</span> <span class='ocrx_word' id='word_1_408' title='bbox 1331 2650 1496 2684; x_wconf 77' lang='lat' dir='ltr'>nefarium</span> <span class='ocrx_word' id='word_1_409' title='bbox 1520 2653 1557 2682; x_wconf 86' lang='lat' dir='ltr'>et</span> <span class='ocrx_word' id='word_1_410' title='bbox 1579 2657 1724 2681; x_wconf 81' lang='lat' dir='ltr'>execra-</span> 
     </span>
     <span class='ocr_line' id='line_1_43' title="bbox 244 2695 1722 2742; baseline -0.004 -11"><span class='ocrx_word' id='word_1_411' title='bbox 244 2697 315 2731; x_wconf 87' lang='lat' dir='ltr'>bile</span> <span class='ocrx_word' id='word_1_412' title='bbox 339 2701 516 2732; x_wconf 73' lang='lat' dir='ltr'>censentes</span> <span class='ocrx_word' id='word_1_413' title='bbox 529 2721 538 2739; x_wconf 93' lang='lat'>,</span> <span class='ocrx_word' id='word_1_414' title='bbox 571 2696 675 2730; x_wconf 86' lang='lat' dir='ltr'>semel</span> <span class='ocrx_word' id='word_1_415' title='bbox 697 2696 841 2742; x_wconf 83' lang='lat' dir='ltr'>periurii</span> <span class='ocrx_word' id='word_1_416' title='bbox 874 2701 1100 2742; x_wconf 84' lang='lat' dir='ltr'>compertum,</span> <span class='ocrx_word' id='word_1_417' title='bbox 1138 2696 1364 2742; x_wconf 84' lang='lat' dir='ltr'>patriarcham</span> <span class='ocrx_word' id='word_1_418' title='bbox 1385 2695 1507 2729; x_wconf 88' lang='lat' dir='ltr'>deinde</span> <span class='ocrx_word' id='word_1_419' title='bbox 1527 2697 1563 2728; x_wconf 85' lang='lat' dir='ltr'>et</span> <span class='ocrx_word' id='word_1_420' title='bbox 1585 2703 1663 2727; x_wconf 86' lang='lat' dir='ltr'>esse</span> <span class='ocrx_word' id='word_1_421' title='bbox 1685 2696 1722 2726; x_wconf 85' lang='lat' dir='ltr'>et</span> 
     </span>
     <span class='ocr_line' id='line_1_44' title="bbox 247 2739 1719 2788; baseline -0.003 -12"><span class='ocrx_word' id='word_1_422' title='bbox 247 2742 424 2778; x_wconf 88' lang='lat' dir='ltr'>nominari.</span> <span class='ocrx_word' id='word_1_423' title='bbox 470 2746 590 2777; x_wconf 83' lang='lat' dir='ltr'>eontra</span> <span class='ocrx_word' id='word_1_424' title='bbox 621 2742 681 2776; x_wconf 89' lang='lat' dir='ltr'>alii</span> <span class='ocrx_word' id='word_1_425' title='bbox 709 2743 816 2777; x_wconf 87' lang='lat' dir='ltr'>libros</span> <span class='ocrx_word' id='word_1_426' title='bbox 849 2743 1060 2788; x_wconf 88' lang='lat' dir='ltr'>replicabant</span> <span class='ocrx_word' id='word_1_427' title='bbox 1082 2748 1238 2784; x_wconf 82' lang='lat' dir='ltr'>veteres,</span> <span class='ocrx_word' id='word_1_428' title='bbox 1265 2741 1494 2786; x_wconf 85' lang='lat' dir='ltr'>historiasque</span> <span class='ocrx_word' id='word_1_429' title='bbox 1515 2739 1719 2784; x_wconf 81' lang='lat' dir='ltr'>allegabant.</span> 
     </span>
     <span class='ocr_line' id='line_1_45' title="bbox 248 2784 1723 2835; baseline -0.003 -13"><span class='ocrx_word' id='word_1_430' title='bbox 248 2794 284 2822; x_wconf 92' lang='lat' dir='ltr'>et</span> <span class='ocrx_word' id='word_1_431' title='bbox 307 2801 396 2824; x_wconf 91' lang='lat' dir='ltr'>nuuc</span> <span class='ocrx_word' id='word_1_432' title='bbox 417 2789 552 2835; x_wconf 82' lang='lat' dir='ltr'>quidem</span> <span class='ocrx_word' id='word_1_433' title='bbox 573 2789 775 2823; x_wconf 86' lang='lat' dir='ltr'>Flavianum</span> <span class='ocrx_word' id='word_1_434' title='bbox 798 2789 1043 2834; x_wconf 86' lang='lat' dir='ltr'>producebant,</span> <span class='ocrx_word' id='word_1_435' title='bbox 1071 2789 1130 2834; x_wconf 88' lang='lat' dir='ltr'>qui</span> <span class='ocrx_word' id='word_1_436' title='bbox 1154 2792 1332 2834; x_wconf 88' lang='lat' dir='ltr'>postquam</span> <span class='ocrx_word' id='word_1_437' title='bbox 1354 2788 1502 2822; x_wconf 87' lang='lat' dir='ltr'>iurasset</span> <span class='ocrx_word' id='word_1_438' title='bbox 1522 2797 1561 2820; x_wconf 90' lang='lat' dir='ltr'>se</span> <span class='ocrx_word' id='word_1_439' title='bbox 1583 2784 1723 2820; x_wconf 85' lang='lat' dir='ltr'>ordina-</span> 
     </span>
     <span class='ocr_line' id='line_1_46' title="bbox 247 2833 1721 2882; baseline -0.003 -13"><span class='ocrx_word' id='word_1_440' title='bbox 247 2833 375 2870; x_wconf 87' lang='lat' dir='ltr'>tionem</span> <span class='ocrx_word' id='word_1_441' title='bbox 398 2847 465 2871; x_wconf 88' lang='lat' dir='ltr'>non</span> <span class='ocrx_word' id='word_1_442' title='bbox 487 2839 715 2882; x_wconf 85' lang='lat' dir='ltr'>accepturum,</span> <span class='ocrx_word' id='word_1_443' title='bbox 744 2847 817 2870; x_wconf 85' lang='lat' dir='ltr'>eam</span> <span class='ocrx_word' id='word_1_444' title='bbox 841 2834 962 2870; x_wconf 89' lang='lat' dir='ltr'>deinde</span> <span class='ocrx_word' id='word_1_445' title='bbox 984 2840 1096 2871; x_wconf 83' lang='lat' dir='ltr'>tamen</span> <span class='ocrx_word' id='word_1_446' title='bbox 1118 2834 1310 2881; x_wconf 74' lang='lat' dir='ltr'>acceperit:</span> <span class='ocrx_word' id='word_1_447' title='bbox 1344 2845 1421 2868; x_wconf 87' lang='lat' dir='ltr'>mox</span> <span class='ocrx_word' id='word_1_448' title='bbox 1442 2833 1546 2869; x_wconf 84' lang='lat' dir='ltr'>etiam</span> <span class='ocrx_word' id='word_1_449' title='bbox 1570 2834 1721 2876; x_wconf 77' lang='lat' dir='ltr'>tempore</span> 
     </span>
    </p>
   </div>
  </div>
 </body>
</html>
