1858 3126
387 146 462 188 DE
487 144 820 188 ANDRONICO
853 143 1228 188 PALAEOLOGO
1260 145 1307 189 L.
1334 145 1390 187 V.
1526 141 1627 190 429

164 258 253 315 ἅμα
270 256 375 308 ὅλως
394 253 445 313 ἦν
467 259 602 316 ἐκείνῳ
621 252 951 311 ὖποταττόμενος
969 257 1035 299 καὶ
1058 254 1232 300 ὖπεῖκων
1247 258 1289 307 ἐς
1307 255 1330 300 ὃ
1351 258 1418 300 καὶ
1443 253 1629 312 προστά-

164 330 254 379 ξειε.
321 331 381 385 τῷ
407 331 505 383 γοῦν
525 323 750 384 Νοστόγγῳ
777 322 946 384 Δοῦκᾳ,
982 323 1028 368 ὃν
1049 327 1116 367 καὶ
1149 326 1188 375 ἐς
1206 325 1332 381 με’γαν
1349 323 1628 382 ἕταιρειάρχην

164 400 326 453 κρατῶν
357 396 497 437 ἔταττε
527 393 697 451 γράᾳων
729 390 988 449 πριμικήριον
1016 398 1089 447 τῆς
1122 393 1250 448 αὐλῆς
1270 393 1395 446 ὄντα,
1430 393 1507 437 ozi-x
1524 389 1630 447 ἦσαν

163 462 336 519 θυμῆρη
358 465 425 506 καὶ
456 463 607 519 ἀρεστὰ
640 461 692 505 τὰ
718 461 797 505 ἀπὸ
817 466 892 505 τοῦ
912 459 1100 516 μεγάλου
1121 462 1267 511 δουκὸς
1292 458 1630 517 προσταττόμενά

133 533 206 575 5οἷ
217 566 230 584 ,
268 531 344 575 εἴτε
372 531 454 587 μὴν
477 533 543 574 καὶ
581 528 854 588 πραττόμενα.
926 529 1002 572 εἴτε
1031 524 1105 573 οῦν
1125 527 1400 585 ὖβριοπαθῶν
1419 531 1568 580 ἐκεῖνος
1584 531 1627 582 ἐξ
1650 536 1682 571 C

164 595 359 659 ὦναύτῷ
388 600 462 643 οὐκ
495 599 618 650 ἀξίως
646 604 719 642 τοῦ
748 598 841 641 κατ’
866 597 992 645 αὐτὸν
1023 600 1237 654 μεγαλειόυ
1259 597 1280 641 ὅ
1306 603 1386 641 τῶν
1405 597 1511 642 ὅλων
1534 600 1629 654 ἐξη-

160 667 357 724 γούμενος
377 668 672 725 προσεφέρετο,
710 666 787 710 εἴτε
804 666 887 723 μὴν
905 668 971 709 καὶ
991 663 1252 716 ὖποπτεύσας
1281 667 1324 718 ἐξ
1353 668 1503 710 ἐκείνου
1523 666 1625 710 δείν’

161 736 268 780 ἅττα
288 736 344 787 εἴς
361 753 471 786 τινας
495 735 730 791 ἀπαιτήσεις
746 733 969 791 χρημάτων
989 735 1032 786 ἐξ
1047 729 1102 778 ὧν
1127 735 1324 786 συλλέξας
1354 738 1421 778 καὶ
1444 753 1627 792 προσηγ-

159 805 319 861 γέλλετο
331 838 345 857 ,
384 805 459 848 εἴτε
477 807 542 847 καὶ
562 805 622 848 δι’
641 802 856 861 ἀμφότερα
879 809 1011 847 ταῦτα
1036 803 1109 859 τὴν
1134 806 1189 853 εἷς
1207 803 1374 847 τούπιὸν
1394 804 1562 855 ἀδοξίαν
1581 806 1624 847 ἐν

107 884 152 918 10
162 876 279 933 δεινῷ
300 871 554 927 ποιούμενος,
591 872 692 929 ἴγνω
712 874 787 928 μὲν
810 873 884 928 τὴν
901 870 957 922 ὦς
975 872 1148 925 βασιλέα
1168 877 1416 927 τεχνιτεῦσαι
1436 870 1626 929 ἀπόδρα-

161 959 248 995 σιν,
281 942 384 997 ταχὺ
404 943 450 984 δὲ
470 942 645 998 παρέσχε
666 943 732 984 καὶ
754 939 779 997 ἦ
799 939 902 996 τύχη
922 941 997 995 τὴν
1021 938 1242 998 πρόφασιν.
1306 939 1330 996 ἦ
1353 941 1395 984 δ’
1418 936 1484 996 ἦν,
1519 942 1624 996 πέμ-

159 1027 278 1053 πεται
306 1012 383 1064 μὲν
410 1010 522 1065 παρὰ
553 1015 627 1054 τοῦ
642 1008 819 1067 μεγάλου
847 1009 994 1059 δουκός
1014 1009 1119 1065 ἀνὴρ
1144 1009 1288 1060 οἰκεῖος
1306 1014 1356 1066 τῇ
1376 1014 1555 1071 πενθερᾷ
1578 1010 1618 1054 οἱ
1638 1013 1672 1049 D

158 1076 181 1121 ὅ
216 1077 532 1135 Κανναβοῦριος
570 1079 674 1135 πρὸς
710 1075 1150 1122 Κωνσταντινούπολιν
1187 1076 1255 1120 διά
1288 1078 1333 1121 τ’
1366 1077 1472 1121 ἄλλα
1483 1111 1498 1131 ,
1552 1081 1622 1122 καὶ

157 1145 367 1197 ἀξιοῦντος
402 1146 682 1203 ἀποσταλῆναι
709 1147 783 1202 τὴν
808 1144 1010 1203 γαμετήν·
1054 1147 1137 1189 ἐπεὶ
1161 1146 1202 1188 δ’
1235 1146 1313 1190 ἔδει
1333 1151 1406 1202 τῆς
1422 1146 1528 1190 κατὰ
1548 1147 1622 1203 τὴν

103 1224 147 1260 15
160 1213 256 1259 ὁδὸν
284 1215 511 1272 ἀσφαλείας
540 1221 599 1274 τῷ
641 1216 760 1272 ἀνδρὶ
790 1213 1196 1272 προμηθεύσασθαι,
1242 1215 1387 1269 πέμπει
1418 1215 1523 1271 πρὸς
1547 1216 1621 1259 τὸν

154 1281 392 1340 Νοστόγγον
414 1289 650 1340 παρεγγυῶν
668 1284 863 1327 ἱκανῶσαι
886 1286 1136 1333 διασωσταΐς
1160 1285 1203 1325 ἐκ
1222 1288 1297 1326 τοῦ
1324 1288 1621 1339 στρατιωτικοῦ

155 1350 227 1394 τὸν
244 1351 604 1406 ἅποστελλόμενον.
676 1352 800 1401 αὐτὸς
834 1353 879 1394 δὲ
908 1351 982 1401 τὰς
1009 1349 1296 1407 παρεγγυήσας
1325 1349 1543 1406 δεξάμενος
1561 1357 1620 1411 τῷ

155 1420 287 1463 δοκεῖν
304 1422 371 1462 καὶ
387 1418 490 1477 ὑπὲρ
511 1421 554 1463 ἐκ
573 1424 767 1478 περισσοῦ
797 1420 847 1463 τὰ
870 1419 1145 1476 ἐπεσταλμένα
1162 1421 1299 1464 θέλειν
1317 1424 1525 1479 πληροῦν,
1562 1419 1621 1472 ὥς

242 1517 275 1551 6.
298 1512 428 1564 αῦτῷ]
455 1513 571 1554 αῦτὸν
595 1517 635 1553 Ρ.

150 1618 250 1653 quam
273 1612 447 1655 acceptam
467 1608 578 1654 palam
599 1609 707 1643 ferret
728 1608 808 1643 duci
829 1620 963 1654 magno,
985 1608 1210 1655 precarioque
1231 1611 1268 1643 et
1290 1611 1411 1654 parata
1433 1608 1479 1643 ad
1501 1620 1618 1644 omnes

151 1654 224 1687 eius
245 1660 347 1688 nutus
368 1655 563 1688 obedientia
584 1654 621 1688 in
643 1667 683 1689 ea
706 1667 744 1689 se
767 1657 900 1690 versari
921 1655 1212 1689 administratione
1244 1655 1478 1700 profiteretur.
1523 1656 1615 1690 haud

149 1704 251 1743 grata
273 1700 359 1734 haec
379 1707 478 1735 erant
499 1701 676 1746 Nestongo
698 1701 827 1742 Ducae,
850 1713 949 1747 quem
971 1702 1061 1744 istis,
1087 1706 1125 1735 ut
1147 1701 1228 1743 dixi,
1251 1713 1272 1735 a
1292 1712 1330 1734 se
1346 1701 1501 1746 partibus
1524 1712 1618 1734 sum-

149 1756 204 1780 ma
235 1747 445 1799 praefectum
472 1752 645 1791 potestate
675 1746 880 1792 imperator,
914 1747 1024 1781 missis
1056 1747 1157 1780 etiam
1180 1758 1288 1791 nuper
1311 1746 1548 1792 diplomatibus
1570 1758 1615 1780 ex

149 1790 343 1836 primicerio
365 1792 464 1826 aulae
484 1804 638 1836 magnum
660 1792 929 1827 hetaeriarcham
954 1799 1152 1834 creaverat;
1188 1793 1247 1837 qui
1270 1792 1373 1826 etiam
1395 1793 1612 1836 contemptim

149 1847 173 1870 a
194 1847 314 1880 magno
335 1837 442 1879 duce,
471 1839 565 1873 velut
587 1838 652 1883 ipsi
683 1838 782 1884 plane
805 1839 978 1880 subditus,
1001 1839 1120 1873 solitus
1143 1838 1286 1871 tractari
1309 1838 1528 1882 exercerique
1549 1839 1615 1871 im-

149 1881 293 1924 periosis
313 1882 437 1925 iussis,
467 1884 560 1918 velut
593 1895 679 1917 unus
713 1896 734 1918 e
757 1885 857 1928 vulgo
880 1884 1066 1929 quispiam,
1100 1895 1174 1917 cum
1197 1883 1263 1917 sibi
1287 1887 1398 1916 tamen
1420 1893 1612 1927 supremam

146 1925 216 1959 illic
235 1928 471 1962 auctoritatem
493 1930 536 1962 ab
558 1929 761 1973 imperatore
783 1930 991 1964 commissam
1014 1929 1230 1968 meminisset,
1247 1928 1374 1962 tacitus
1396 1927 1610 1972 ringebatur,

147 1969 287 2015 indigna
309 1983 386 2006 sese
407 1974 480 2018 pati
502 1985 734 2018 conquerens,
768 1987 878 2020 neque
910 1987 971 2020 pro
994 1987 1077 2008 suae
1099 1973 1274 2018 dignitatis
1296 1979 1332 2006 et
1354 1973 1515 2007 natalium
1535 1984 1610 2008 m&

147 2015 214 2049 rito
236 2017 389 2050 tractari.
435 2020 620 2052 accedebat
641 2019 671 2052 is
692 2024 813 2061 metus,
834 2020 929 2054 cuius
952 2026 1151 2064 argumenta
1170 2031 1214 2052 ex
1236 2018 1365 2052 idoneis
1387 2024 1424 2052 et
1446 2030 1609 2064 praeseu-

148 2061 242 2095 tibus
261 2062 457 2106 Nostongus
479 2063 624 2097 ducebat
645 2065 770 2108 signis,
792 2077 836 2099 ne
858 2077 879 2100 a
901 2077 940 2099 se
962 2076 1117 2110 quoque,
1140 2064 1229 2097 sicut
1251 2075 1273 2098 a
1295 2064 1439 2098 caeteris
1462 2077 1607 2100 cousue-

146 2112 255 2149 verat,
276 2107 429 2152 ingentes
449 2110 614 2153 pecuniae
635 2110 902 2144 contributiones
924 2110 1088 2154 exigeret.
1137 2121 1217 2153 ergo
1237 2114 1274 2143 et
1295 2109 1448 2144 damnum
1472 2110 1606 2147 instans

145 2160 374 2197 praevertere,
397 2159 434 2188 et
455 2154 670 2199 ignominiam
691 2155 748 2188 vel
767 2156 882 2190 delere
902 2156 969 2190 iam
1004 2156 1151 2189 inustam
1174 2155 1229 2189 vel
1251 2167 1294 2189 ne
1316 2155 1381 2190 sibi
1403 2156 1609 2202 impingere·-

145 2203 203 2232 tur
223 2199 256 2233 in
282 2206 452 2244 posterum
477 2212 685 2244 praecavere
705 2201 864 2242 studens,
894 2212 993 2234 unam
1017 2200 1176 2246 optimam
1198 2204 1351 2236 votorum
1374 2204 1607 2248 assequendo-

145 2255 218 2278 rum
248 2246 380 2289 putavit
409 2245 592 2287 rationem,
625 2246 863 2291 imperatorem
894 2247 992 2280 adire
1022 2245 1285 2292 quamprimum,
1316 2247 1347 2281 si
1377 2259 1476 2294 quem
1506 2251 1607 2285 modo

144 2290 353 2334 plausibilem
385 2291 592 2325 deserendae
624 2292 822 2336 provinciae
851 2291 1000 2326 nancisci
1029 2298 1242 2336 praetextum
1275 2299 1403 2338 posset.
1449 2295 1537 2330 favit
1567 2296 1608 2330 in

143 2335 210 2369 hoc
232 2336 265 2370 ei
287 2338 436 2379 fortuna,
461 2337 669 2371 occasionem
692 2337 791 2371 brevi
821 2337 969 2372 offerens
994 2337 1066 2371 eius
1090 2338 1165 2372 viae
1185 2338 1403 2383 probabilem,
1427 2340 1515 2375 hanc
1536 2342 1607 2376 sci-

142 2380 235 2416 licet.
280 2383 414 2417 mittere
436 2394 499 2426 per
521 2383 557 2416 id
581 2390 714 2427 tempus
736 2383 844 2418 voluit
866 2385 934 2417 dux
957 2394 1097 2427 magnus
1119 2383 1162 2417 ad
1185 2395 1317 2419 socrum
1338 2396 1446 2428 suam,
1470 2398 1604 2431 germa-

144 2437 219 2460 nam
250 2427 466 2472 imperatoris
489 2429 779 2474 Constantinopoli
811 2433 892 2463 tunc
926 2429 1123 2473 degentem,
1145 2429 1329 2467 ministrum
1353 2431 1403 2465 illi
1428 2439 1604 2467 matronae

143 2471 180 2505 in
204 2472 319 2517 primis
341 2474 443 2509 fidum
466 2481 503 2509 et
524 2475 638 2509 intime
664 2475 872 2516 familiarem,
897 2475 1159 2520 Cannaburium,
1181 2480 1251 2509 tum
1276 2482 1315 2510 ut
1336 2477 1402 2512 alis
1423 2478 1490 2512 sibi
1511 2479 1604 2512 desi-

144 2517 262 2552 derata
290 2521 452 2564 quaedam
474 2532 537 2566 per
560 2533 632 2555 eam
656 2520 690 2554 in
714 2521 791 2555 aula
812 2520 1013 2562 conficeret,
1035 2525 1106 2553 tum
1129 2524 1168 2554 ut
1189 2532 1326 2556 uxorem
1348 2524 1438 2568 apud
1461 2528 1601 2558 matrem

143 2561 367 2599 diversantem
389 2567 432 2600 ad
454 2577 493 2600 se
515 2570 716 2603 accerseret.
763 2567 843 2612 quia
864 2578 947 2601 vero
970 2577 1032 2611 per
1045 2565 1190 2600 infestas
1211 2567 1389 2603 hostilibus
1411 2570 1603 2603 incursibus

142 2607 295 2650 regiones
327 2611 417 2645 haud
436 2616 545 2646 tutum
567 2612 762 2646 incomitato
783 2612 905 2647 viatori
928 2613 1069 2646 videbat
1090 2612 1156 2646 im·
1175 2612 1274 2655 fore,
1305 2614 1482 2659 Nostongo
1506 2626 1602 2648 man-

143 2651 239 2686 davit
264 2659 303 2688 nt
334 2667 411 2690 eum
439 2662 514 2692 tuto
545 2657 781 2703 deputatorum
813 2670 833 2692 e
857 2660 927 2693 'sua
957 2658 1098 2692 cohorte
1130 2657 1167 2691 in
1197 2660 1314 2694 urbem
1337 2671 1458 2694 secure
1479 2659 1601 2694 deduci

143 2698 310 2740 praesidio
342 2706 487 2738 curaret.
532 2703 623 2748 quod
655 2703 714 2738 ille
746 2704 939 2739 mandatum
962 2702 1106 2737 obnoxie
1129 2703 1321 2750 accipiens,
1355 2705 1452 2750 quasi
1482 2710 1599 2740 osten·

142 2742 244 2777 tando
265 2745 499 2782 abundantiori
519 2749 633 2783 studio
656 2749 871 2793 gratificandi
894 2749 971 2783 duci
994 2760 1138 2793 magno,
1158 2749 1255 2784 simul
1277 2751 1353 2796 plus
1375 2762 1474 2796 quam
1497 2757 1598 2796 pete·

141 2787 243 2822 batur
264 2789 370 2833 dedit,
383 2792 481 2828 simul
501 2799 617 2840 aptam
639 2796 791 2841 oeptavit
812 2795 1098 2841 opportunitatem
1119 2794 1156 2830 id
1170 2796 1260 2842 quod
1282 2807 1347 2831 sua
1369 2807 1473 2832 causa
1495 2800 1596 2843 opta-
