<?xml version="1.0" encoding="UTF-8"?>
<!DOCTYPE html PUBLIC "-//W3C//DTD XHTML 1.0 Transitional//EN"
    "http://www.w3.org/TR/xhtml1/DTD/xhtml1-transitional.dtd">
<html xmlns="http://www.w3.org/1999/xhtml" xml:lang="en" lang="en">
 <head>
  <title>
</title>
<meta http-equiv="Content-Type" content="text/html;charset=utf-8" />
  <meta name='ocr-system' content='tesseract 3.04.00' />
  <meta name='ocr-capabilities' content='ocr_page ocr_carea ocr_par ocr_line ocrx_word'/>
</head>
<body>
  <div class='ocr_page' id='page_1' title='image "./corpusscriptorum18niebuoft_0885.png"; bbox 0 0 1858 3126; ppageno 0'>
   <div class='ocr_carea' id='block_1_1' title="bbox 494 171 1613 220">
    <p class='ocr_par' dir='ltr' id='par_1_1' title="bbox 494 171 1613 220">
     <span class='ocr_line' id='line_1_1' title="bbox 494 171 1613 220; baseline 0.004 -5"><span class='ocrx_word' id='word_1_1' title='bbox 494 171 599 216; x_wconf 80' lang='grc' dir='ltr'><strong>ΠΒ.</strong></span> <span class='ocrx_word' id='word_1_2' title='bbox 629 171 704 215; x_wconf 90' lang='lat'>111.</span> <span class='ocrx_word' id='word_1_3' title='bbox 775 171 1266 220; x_wconf 82' lang='lat' dir='ltr'><strong>CHRONOLOGIGUS.</strong></span> <span class='ocrx_word' id='word_1_4' title='bbox 1515 173 1613 220; x_wconf 81' lang='lat'><strong>867</strong></span> 
     </span>
    </p>
   </div>
   <div class='ocr_carea' id='block_1_2' title="bbox 168 275 1616 329">
    <p class='ocr_par' dir='ltr' id='par_1_2' title="bbox 168 275 1616 329">
     <span class='ocr_line' id='line_1_2' title="bbox 168 275 1616 329; baseline 0.01 -19"><span class='ocrx_word' id='word_1_5' title='bbox 168 276 248 308; x_wconf 73' lang='grc' dir='ltr'><strong>Διιί</strong></span> <span class='ocrx_word' id='word_1_6' title='bbox 293 275 443 306; x_wconf 74' lang='lat' dir='ltr'><strong>nomno-</strong></span> <span class='ocrx_word' id='word_1_7' title='bbox 477 275 645 314; x_wconf 78' lang='lat' dir='ltr'><strong>1npp.no-</strong></span> <span class='ocrx_word' id='word_1_8' title='bbox 689 280 762 319; x_wconf 75' lang='lat' dir='ltr'><strong>sed</strong></span> <span class='ocrx_word' id='word_1_9' title='bbox 787 281 956 329; x_wconf 73' lang='lat' dir='ltr'><strong>frasu-a,</strong></span> <span class='ocrx_word' id='word_1_10' title='bbox 981 281 1058 321; x_wconf 79' lang='lat' dir='ltr'><strong>illis</strong></span> <span class='ocrx_word' id='word_1_11' title='bbox 1078 281 1324 322; x_wconf 81' lang='lat' dir='ltr'><strong>conditiones</strong></span> <span class='ocrx_word' id='word_1_12' title='bbox 1350 283 1616 324; x_wconf 74' lang='lat' dir='ltr'><strong>intolerabiles</strong></span> 
     </span>
    </p>
   </div>
   <div class='ocr_carea' id='block_1_3' title="bbox 268 270 277 406">
    <p class='ocr_par' dir='ltr' id='par_1_3' title="bbox 268 270 277 406">
     <span class='ocr_line' id='line_1_3' title="bbox 268 270 277 406; baseline 0 2720"><span class='ocrx_word' id='word_1_13' title='bbox 268 270 277 406; x_wconf 95' lang='lat' dir='ltr'><strong> </strong></span> 
     </span>
    </p>
   </div>
   <div class='ocr_carea' id='block_1_4' title="bbox 150 308 1612 505">
    <p class='ocr_par' dir='ltr' id='par_1_4' title="bbox 150 308 1612 505">
     <span class='ocr_line' id='line_1_4' title="bbox 170 308 860 346; baseline -0.006 -5"><span class='ocrx_word' id='word_1_14' title='bbox 170 308 247 341; x_wconf 68' lang='lat' dir='ltr'><strong>mr.</strong></span> <span class='ocrx_word' id='word_1_15' title='bbox 285 319 351 338; x_wconf 84' lang='lat' dir='ltr'><strong>rum</strong></span> <span class='ocrx_word' id='word_1_16' title='bbox 374 310 452 338; x_wconf 79' lang='lat' dir='ltr'><strong>Pon-</strong></span> <span class='ocrx_word' id='word_1_17' title='bbox 521 319 602 339; x_wconf 83' lang='lat' dir='ltr'><strong>man.</strong></span> <span class='ocrx_word' id='word_1_18' title='bbox 745 338 753 346; x_wconf 71' lang='lat'>‚</span> <span class='ocrx_word' id='word_1_19' title='bbox 852 338 860 346; x_wconf 69' lang='lat'>‚</span> 
     </span>
     <span class='ocr_line' id='line_1_5' title="bbox 285 338 1318 406; baseline 0.005 0"><span class='ocrx_word' id='word_1_20' title='bbox 285 343 451 406; x_wconf 56' lang='lat' dir='ltr'><strong>ciffi-5253„</strong></span> <span class='ocrx_word' id='word_1_21' title='bbox 474 377 637 406; x_wconf 74' lang='lat' dir='ltr'><strong>Andronici</strong></span> <span class='ocrx_word' id='word_1_22' title='bbox 688 338 949 389; x_wconf 61' lang='lat' dir='ltr'>⁸¹¹geunbm‘</span> <span class='ocrx_word' id='word_1_23' title='bbox 968 394 978 403; x_wconf 80' lang='grc'><strong>.</strong></span> <span class='ocrx_word' id='word_1_24' title='bbox 1004 338 1034 381; x_wconf 74' lang='lat'><strong>¹·</strong></span> <span class='ocrx_word' id='word_1_25' title='bbox 1052 342 1079 380; x_wconf 82' lang='lat'>⁷</span> <span class='ocrx_word' id='word_1_26' title='bbox 1099 352 1135 380; x_wconf 42' lang='grc' dir='ltr'><strong>’δ’</strong></span> <span class='ocrx_word' id='word_1_27' title='bbox 1158 343 1185 404; x_wconf 72' lang='lat'><strong>¹-</strong></span> <span class='ocrx_word' id='word_1_28' title='bbox 1204 346 1245 378; x_wconf 87' lang='lat' dir='ltr'><strong>et</strong></span> <span class='ocrx_word' id='word_1_29' title='bbox 1263 343 1318 404; x_wconf 59' lang='lat'><strong>25-</strong></span> 
     </span>
     <span class='ocr_line' id='line_1_6' title="bbox 350 395 1612 446; baseline 0.005 -15"><span class='ocrx_word' id='word_1_30' title='bbox 350 411 379 440; x_wconf 86' lang='lat' dir='ltr'>v</span> <span class='ocrx_word' id='word_1_31' title='bbox 742 395 883 433; x_wconf 80' lang='lat' dir='ltr'><strong>Persae</strong></span> <span class='ocrx_word' id='word_1_32' title='bbox 911 408 980 446; x_wconf 86' lang='lat' dir='ltr'><strong>qm</strong></span> <span class='ocrx_word' id='word_1_33' title='bbox 1011 396 1206 434; x_wconf 80' lang='lat' dir='ltr'><strong>Catelanis</strong></span> <span class='ocrx_word' id='word_1_34' title='bbox 1237 396 1486 443; x_wconf 80' lang='lat' dir='ltr'><strong>m1htabant,</strong></span> <span class='ocrx_word' id='word_1_35' title='bbox 1515 397 1612 437; x_wconf 88' lang='lat' dir='ltr'><strong>dum</strong></span> 
     </span>
     <span class='ocr_line' id='line_1_7' title="bbox 150 447 1611 505; baseline 0.003 -16"><span class='ocrx_word' id='word_1_36' title='bbox 150 454 259 495; x_wconf 80' lang='lat'><strong>1308</strong></span> <span class='ocrx_word' id='word_1_37' title='bbox 365 447 395 490; x_wconf 78' lang='lat'>4</span> <span class='ocrx_word' id='word_1_38' title='bbox 530 451 584 490; x_wconf 81' lang='lat'><strong>26</strong></span> <span class='ocrx_word' id='word_1_39' title='bbox 683 451 730 488; x_wconf 88' lang='lat' dir='ltr'><strong>iis</strong></span> <span class='ocrx_word' id='word_1_40' title='bbox 750 451 905 500; x_wconf 72' lang='lat' dir='ltr'><strong>offensi,</strong></span> <span class='ocrx_word' id='word_1_41' title='bbox 933 464 974 490; x_wconf 74' lang='lat' dir='ltr'><strong>se</strong></span> <span class='ocrx_word' id='word_1_42' title='bbox 997 451 1049 489; x_wconf 87' lang='lat' dir='ltr'><strong>ad</strong></span> <span class='ocrx_word' id='word_1_43' title='bbox 1076 465 1167 490; x_wconf 86' lang='lat' dir='ltr'><strong>suos</strong></span> <span class='ocrx_word' id='word_1_44' title='bbox 1186 453 1228 490; x_wconf 87' lang='lat' dir='ltr'><strong>in</strong></span> <span class='ocrx_word' id='word_1_45' title='bbox 1254 452 1387 491; x_wconf 81' lang='lat' dir='ltr'>Asiam</span> <span class='ocrx_word' id='word_1_46' title='bbox 1412 454 1611 505; x_wconf 85' lang='lat' dir='ltr'><strong>recipien—</strong></span> 
     </span>
    </p>
   </div>
   <div class='ocr_carea' id='block_1_5' title="bbox 484 500 1610 664">
    <p class='ocr_par' dir='ltr' id='par_1_5' title="bbox 484 500 1610 664">
     <span class='ocr_line' id='line_1_8' title="bbox 484 500 1610 558; baseline 0.003 -13"><span class='ocrx_word' id='word_1_47' title='bbox 484 500 632 531; x_wconf 56' lang='lat' dir='ltr'><strong>W‘b‘ffl·</strong></span> <span class='ocrx_word' id='word_1_48' title='bbox 683 513 755 556; x_wconf 82' lang='lat' dir='ltr'><strong>tes,</strong></span> <span class='ocrx_word' id='word_1_49' title='bbox 784 508 986 546; x_wconf 73' lang='lat' dir='ltr'><strong>traiiciunt</strong></span> <span class='ocrx_word' id='word_1_50' title='bbox 997 509 1160 558; x_wconf 77' lang='lat' dir='ltr'><strong>fretum,</strong></span> <span class='ocrx_word' id='word_1_51' title='bbox 1189 508 1239 546; x_wconf 86' lang='lat' dir='ltr'><strong>ab</strong></span> <span class='ocrx_word' id='word_1_52' title='bbox 1262 509 1422 548; x_wconf 83' lang='lat' dir='ltr'><strong>Andrea</strong></span> <span class='ocrx_word' id='word_1_53' title='bbox 1437 510 1610 548; x_wconf 73' lang='lat' dir='ltr'><strong>Mur-isco</strong></span> 
     </span>
     <span class='ocr_line' id='line_1_9' title="bbox 530 540 1608 659; baseline 0.004 -58"><span class='ocrx_word' id='word_1_54' title='bbox 530 540 581 581; x_wconf 74' lang='lat'><strong>15</strong></span> <span class='ocrx_word' id='word_1_55' title='bbox 681 564 928 659; x_wconf 55' lang='lat' dir='ltr'><strong>impertitoris</strong></span> <span class='ocrx_word' id='word_1_56' title='bbox 945 564 1148 604; x_wconf 84' lang='lat' dir='ltr'><strong>navarcho</strong></span> <span class='ocrx_word' id='word_1_57' title='bbox 1169 564 1378 617; x_wconf 77' lang='lat' dir='ltr'><strong>intercepti</strong></span> <span class='ocrx_word' id='word_1_58' title='bbox 1402 567 1608 618; x_wconf 86' lang='lat' dir='ltr'><strong>perimun-</strong></span> 
     </span>
     <span class='ocr_line' id='line_1_10' title="bbox 680 623 1012 664; baseline 0.015 -5"><span class='ocrx_word' id='word_1_59' title='bbox 680 626 761 660; x_wconf 84' lang='lat' dir='ltr'><strong>tur.</strong></span> <span class='ocrx_word' id='word_1_60' title='bbox 835 650 844 660; x_wconf 89' lang='lat'><strong>.</strong></span> <span class='ocrx_word' id='word_1_61' title='bbox 866 626 892 664; x_wconf 89' lang='lat'>7</span> <span class='ocrx_word' id='word_1_62' title='bbox 915 634 949 660; x_wconf 84' lang='lat' dir='ltr'><strong>c.</strong></span> <span class='ocrx_word' id='word_1_63' title='bbox 969 623 1012 664; x_wconf 84' lang='lat'><strong>3.</strong></span> 
     </span>
    </p>
   </div>
   <div class='ocr_carea' id='block_1_6' title="bbox 677 687 1610 784">
    <p class='ocr_par' dir='ltr' id='par_1_6' title="bbox 677 687 1610 784">
     <span class='ocr_line' id='line_1_11' title="bbox 734 687 1610 741; baseline 0.003 -16"><span class='ocrx_word' id='word_1_64' title='bbox 734 687 830 726; x_wconf 89' lang='lat' dir='ltr'><strong>Inde</strong></span> <span class='ocrx_word' id='word_1_65' title='bbox 841 687 1035 727; x_wconf 77' lang='lat' dir='ltr'><strong>Mur-iscus</strong></span> <span class='ocrx_word' id='word_1_66' title='bbox 1048 688 1091 726; x_wconf 92' lang='lat' dir='ltr'><strong>in</strong></span> <span class='ocrx_word' id='word_1_67' title='bbox 1105 689 1326 741; x_wconf 87' lang='lat' dir='ltr'><strong>praemium</strong></span> <span class='ocrx_word' id='word_1_68' title='bbox 1343 702 1485 741; x_wconf 81' lang='lat' dir='ltr'>operae</span> <span class='ocrx_word' id='word_1_69' title='bbox 1498 703 1610 729; x_wconf 85' lang='lat' dir='ltr'><strong>crea-</strong></span> 
     </span>
     <span class='ocr_line' id='line_1_12' title="bbox 677 743 1113 784; baseline 0.005 -2"><span class='ocrx_word' id='word_1_70' title='bbox 677 749 747 782; x_wconf 90' lang='lat' dir='ltr'><strong>tur</strong></span> <span class='ocrx_word' id='word_1_71' title='bbox 763 743 966 783; x_wconf 85' lang='lat' dir='ltr'><strong>Ameralis.</strong></span> <span class='ocrx_word' id='word_1_72' title='bbox 1017 745 1113 784; x_wconf 86' lang='lat' dir='ltr'><strong>ibid.</strong></span> 
     </span>
    </p>
   </div>
   <div class='ocr_carea' id='block_1_7' title="bbox 675 809 1604 920">
    <p class='ocr_par' dir='ltr' id='par_1_7' title="bbox 675 809 1604 920">
     <span class='ocr_line' id='line_1_13' title="bbox 732 809 1604 865; baseline 0.003 -17"><span class='ocrx_word' id='word_1_73' title='bbox 732 809 847 848; x_wconf 84' lang='lat' dir='ltr'><strong>Alani</strong></span> <span class='ocrx_word' id='word_1_74' title='bbox 873 817 914 849; x_wconf 89' lang='lat' dir='ltr'><strong>et</strong></span> <span class='ocrx_word' id='word_1_75' title='bbox 928 812 1143 864; x_wconf 87' lang='lat' dir='ltr'><strong>Turcopuli</strong></span> <span class='ocrx_word' id='word_1_76' title='bbox 1166 813 1214 850; x_wconf 87' lang='lat' dir='ltr'><strong>ab</strong></span> <span class='ocrx_word' id='word_1_77' title='bbox 1241 813 1480 865; x_wconf 78' lang='lat' dir='ltr'>imperatore</span> <span class='ocrx_word' id='word_1_78' title='bbox 1505 811 1604 851; x_wconf 84' lang='lat' dir='ltr'><strong>defi-</strong></span> 
     </span>
     <span class='ocr_line' id='line_1_14' title="bbox 675 867 1548 920; baseline 0.003 -16"><span class='ocrx_word' id='word_1_79' title='bbox 675 867 820 905; x_wconf 78' lang='lat' dir='ltr'>cientes</span> <span class='ocrx_word' id='word_1_80' title='bbox 841 868 1038 906; x_wconf 87' lang='lat' dir='ltr'><strong>Romanos</strong></span> <span class='ocrx_word' id='word_1_81' title='bbox 1055 868 1302 920; x_wconf 85' lang='lat' dir='ltr'><strong>impugnant.</strong></span> <span class='ocrx_word' id='word_1_82' title='bbox 1360 869 1388 911; x_wconf 88' lang='lat' dir='ltr'><strong>l.</strong></span> <span class='ocrx_word' id='word_1_83' title='bbox 1407 873 1433 910; x_wconf 88' lang='lat'><strong>7</strong></span> <span class='ocrx_word' id='word_1_84' title='bbox 1456 882 1488 908; x_wconf 91' lang='lat' dir='ltr'><strong>c.</strong></span> <span class='ocrx_word' id='word_1_85' title='bbox 1507 867 1548 910; x_wconf 85' lang='lat'><strong>4.</strong></span> 
     </span>
    </p>
   </div>
   <div class='ocr_carea' id='block_1_8' title="bbox 674 934 1604 1033">
    <p class='ocr_par' dir='ltr' id='par_1_8' title="bbox 674 934 1604 1033">
     <span class='ocr_line' id='line_1_15' title="bbox 731 934 1604 989; baseline 0.002 -16"><span class='ocrx_word' id='word_1_86' title='bbox 731 934 928 973; x_wconf 82' lang='lat' dir='ltr'><strong>Attaleota</strong></span> <span class='ocrx_word' id='word_1_87' title='bbox 959 936 1001 974; x_wconf 92' lang='lat' dir='ltr'><strong>in</strong></span> <span class='ocrx_word' id='word_1_88' title='bbox 1025 936 1189 974; x_wconf 85' lang='lat' dir='ltr'><strong>Oriente</strong></span> <span class='ocrx_word' id='word_1_89' title='bbox 1219 942 1361 974; x_wconf 83' lang='lat' dir='ltr'><strong>contra</strong></span> <span class='ocrx_word' id='word_1_90' title='bbox 1387 936 1604 989; x_wconf 87' lang='lat' dir='ltr'><strong>imperato-</strong></span> 
     </span>
     <span class='ocr_line' id='line_1_16' title="bbox 674 991 1109 1033; baseline 0.005 -3"><span class='ocrx_word' id='word_1_91' title='bbox 674 1004 760 1030; x_wconf 87' lang='lat' dir='ltr'><strong>rem</strong></span> <span class='ocrx_word' id='word_1_92' title='bbox 781 991 956 1031; x_wconf 85' lang='lat' dir='ltr'>rebellat.</span> <span class='ocrx_word' id='word_1_93' title='bbox 1011 992 1109 1033; x_wconf 84' lang='lat' dir='ltr'><strong>ibid.</strong></span> 
     </span>
    </p>
   </div>
   <div class='ocr_carea' id='block_1_9' title="bbox 628 1058 1722 2858">
    <p class='ocr_par' dir='ltr' id='par_1_9' title="bbox 672 1058 1603 1169">
     <span class='ocr_line' id='line_1_17' title="bbox 730 1058 1603 1112; baseline 0.001 -14"><span class='ocrx_word' id='word_1_94' title='bbox 730 1060 907 1098; x_wconf 88' lang='lat' dir='ltr'><strong>Catelani</strong></span> <span class='ocrx_word' id='word_1_95' title='bbox 930 1060 1009 1099; x_wconf 87' lang='lat' dir='ltr'><strong>late</strong></span> <span class='ocrx_word' id='word_1_96' title='bbox 1042 1071 1176 1099; x_wconf 88' lang='lat' dir='ltr'><strong>omnes</strong></span> <span class='ocrx_word' id='word_1_97' title='bbox 1204 1058 1402 1098; x_wconf 84' lang='lat' dir='ltr'><strong>Romanas</strong></span> <span class='ocrx_word' id='word_1_98' title='bbox 1427 1060 1603 1112; x_wconf 81' lang='lat' dir='ltr'><strong>regiones</strong></span> 
     </span>
     <span class='ocr_line' id='line_1_18' title="bbox 672 1116 1174 1168; baseline 0.002 -14"><span class='ocrx_word' id='word_1_99' title='bbox 672 1116 929 1168; x_wconf 86' lang='lat' dir='ltr'><strong>populantur.</strong></span> <span class='ocrx_word' id='word_1_100' title='bbox 985 1116 1014 1156; x_wconf 87' lang='grc'><strong>1.</strong></span> <span class='ocrx_word' id='word_1_101' title='bbox 1033 1120 1059 1158; x_wconf 88' lang='lat'>7</span> <span class='ocrx_word' id='word_1_102' title='bbox 1084 1130 1117 1155; x_wconf 87' lang='lat' dir='ltr'><strong>c.</strong></span> <span class='ocrx_word' id='word_1_103' title='bbox 1133 1119 1174 1158; x_wconf 86' lang='lat'><strong>3.</strong></span> 
     </span>
    </p>

    <p class='ocr_par' dir='ltr' id='par_1_10' title="bbox 670 1182 1602 1348">
     <span class='ocr_line' id='line_1_19' title="bbox 726 1182 1602 1236; baseline 0.001 -14"><span class='ocrx_word' id='word_1_104' title='bbox 726 1183 891 1235; x_wconf 81' lang='lat' dir='ltr'><strong>Madyto</strong></span> <span class='ocrx_word' id='word_1_105' title='bbox 926 1183 1041 1236; x_wconf 84' lang='lat' dir='ltr'><strong>longa</strong></span> <span class='ocrx_word' id='word_1_106' title='bbox 1081 1182 1283 1222; x_wconf 87' lang='lat' dir='ltr'><strong>obsidione</strong></span> <span class='ocrx_word' id='word_1_107' title='bbox 1323 1182 1602 1223; x_wconf 86' lang='lat' dir='ltr'><strong>Catelanorum</strong></span> 
     </span>
     <span class='ocr_line' id='line_1_20' title="bbox 671 1239 1602 1279; baseline 0.002 -1"><span class='ocrx_word' id='word_1_108' title='bbox 671 1240 775 1278; x_wconf 86' lang='lat' dir='ltr'><strong>fame</strong></span> <span class='ocrx_word' id='word_1_109' title='bbox 792 1240 989 1279; x_wconf 84' lang='lat' dir='ltr'><strong>laboranti</strong></span> <span class='ocrx_word' id='word_1_110' title='bbox 1012 1240 1191 1279; x_wconf 84' lang='lat' dir='ltr'><strong>Andreas</strong></span> <span class='ocrx_word' id='word_1_111' title='bbox 1208 1239 1404 1279; x_wconf 79' lang='lat' dir='ltr'><strong>Muriscus</strong></span> <span class='ocrx_word' id='word_1_112' title='bbox 1421 1241 1602 1279; x_wconf 78' lang='lat' dir='ltr'><strong>frumen-</strong></span> 
     </span>
     <span class='ocr_line' id='line_1_21' title="bbox 670 1296 1255 1348; baseline 0.005 -14"><span class='ocrx_word' id='word_1_113' title='bbox 670 1302 758 1335; x_wconf 87' lang='lat' dir='ltr'><strong>tum</strong></span> <span class='ocrx_word' id='word_1_114' title='bbox 780 1296 985 1348; x_wconf 85' lang='lat' dir='ltr'><strong>importat.</strong></span> <span class='ocrx_word' id='word_1_115' title='bbox 1040 1297 1066 1336; x_wconf 90' lang='lat' dir='ltr'><strong>l.</strong></span> <span class='ocrx_word' id='word_1_116' title='bbox 1086 1300 1114 1339; x_wconf 87' lang='lat'>7</span> <span class='ocrx_word' id='word_1_117' title='bbox 1135 1310 1167 1334; x_wconf 92' lang='lat' dir='ltr'><strong>c.</strong></span> <span class='ocrx_word' id='word_1_118' title='bbox 1190 1298 1255 1337; x_wconf 89' lang='lat'><strong>11.</strong></span> 
     </span>
    </p>

    <p class='ocr_par' dir='ltr' id='par_1_11' title="bbox 726 1350 1541 1404">
     <span class='ocr_line' id='line_1_22' title="bbox 726 1350 1541 1404; baseline 0 -14"><span class='ocrx_word' id='word_1_119' title='bbox 726 1353 849 1390; x_wconf 90' lang='lat' dir='ltr'><strong>Paulo</strong></span> <span class='ocrx_word' id='word_1_120' title='bbox 870 1359 961 1404; x_wconf 88' lang='lat' dir='ltr'><strong>post</strong></span> <span class='ocrx_word' id='word_1_121' title='bbox 978 1353 1027 1390; x_wconf 91' lang='lat' dir='ltr'><strong>ab</strong></span> <span class='ocrx_word' id='word_1_122' title='bbox 1054 1353 1226 1404; x_wconf 78' lang='lat' dir='ltr'><strong>Augusto</strong></span> <span class='ocrx_word' id='word_1_123' title='bbox 1247 1350 1389 1389; x_wconf 84' lang='lat' dir='ltr'><strong>deficit.</strong></span> <span class='ocrx_word' id='word_1_124' title='bbox 1446 1351 1541 1390; x_wconf 86' lang='lat' dir='ltr'><strong>ibid.</strong></span> 
     </span>
    </p>

    <p class='ocr_par' dir='ltr' id='par_1_12' title="bbox 669 1407 1600 1565">
     <span class='ocr_line' id='line_1_23' title="bbox 726 1407 1600 1460; baseline 0 -14"><span class='ocrx_word' id='word_1_125' title='bbox 726 1408 915 1460; x_wconf 86' lang='lat' dir='ltr'><strong>Madytus</strong></span> <span class='ocrx_word' id='word_1_126' title='bbox 940 1409 1102 1447; x_wconf 83' lang='lat' dir='ltr'><strong>tandem</strong></span> <span class='ocrx_word' id='word_1_127' title='bbox 1142 1408 1193 1446; x_wconf 85' lang='lat' dir='ltr'><strong>ad</strong></span> <span class='ocrx_word' id='word_1_128' title='bbox 1220 1407 1461 1446; x_wconf 76' lang='lat' dir='ltr'><strong>deditionem</strong></span> <span class='ocrx_word' id='word_1_129' title='bbox 1488 1422 1600 1446; x_wconf 89' lang='lat' dir='ltr'><strong>com-</strong></span> 
     </span>
     <span class='ocr_line' id='line_1_24' title="bbox 669 1463 1599 1516; baseline 0.001 -14"><span class='ocrx_word' id='word_1_130' title='bbox 669 1464 782 1515; x_wconf 87' lang='lat' dir='ltr'><strong>pulsa</strong></span> <span class='ocrx_word' id='word_1_131' title='bbox 812 1465 970 1516; x_wconf 86' lang='lat' dir='ltr'><strong>capitur</strong></span> <span class='ocrx_word' id='word_1_132' title='bbox 994 1478 1017 1503; x_wconf 82' lang='lat' dir='ltr'><strong>a</strong></span> <span class='ocrx_word' id='word_1_133' title='bbox 1046 1463 1240 1503; x_wconf 83' lang='lat' dir='ltr'><strong>Catelanis</strong></span> <span class='ocrx_word' id='word_1_134' title='bbox 1266 1464 1366 1503; x_wconf 91' lang='lat' dir='ltr'><strong>duce</strong></span> <span class='ocrx_word' id='word_1_135' title='bbox 1390 1464 1599 1503; x_wconf 89' lang='lat' dir='ltr'><strong>Pharenda</strong></span> 
     </span>
     <span class='ocr_line' id='line_1_25' title="bbox 669 1520 1197 1565; baseline 0.002 -7"><span class='ocrx_word' id='word_1_136' title='bbox 669 1520 814 1559; x_wconf 85' lang='lat' dir='ltr'><strong>Tzime.</strong></span> <span class='ocrx_word' id='word_1_137' title='bbox 871 1522 899 1560; x_wconf 87' lang='lat' dir='ltr'><strong>l.</strong></span> <span class='ocrx_word' id='word_1_138' title='bbox 920 1526 947 1565; x_wconf 88' lang='grc'>7</span> <span class='ocrx_word' id='word_1_139' title='bbox 968 1534 1002 1561; x_wconf 84' lang='lat' dir='ltr'><strong>c.</strong></span> <span class='ocrx_word' id='word_1_140' title='bbox 1022 1525 1048 1563; x_wconf 89' lang='lat'><strong>6</strong></span> <span class='ocrx_word' id='word_1_141' title='bbox 1069 1528 1109 1559; x_wconf 86' lang='lat' dir='ltr'><strong>et</strong></span> <span class='ocrx_word' id='word_1_142' title='bbox 1133 1525 1197 1563; x_wconf 87' lang='lat'><strong>11.</strong></span> 
     </span>
    </p>

    <p class='ocr_par' dir='ltr' id='par_1_13' title="bbox 666 1575 1599 2119">
     <span class='ocr_line' id='line_1_26' title="bbox 725 1575 1599 1629; baseline -0.003 -13"><span class='ocrx_word' id='word_1_143' title='bbox 725 1576 939 1616; x_wconf 81' lang='lat' dir='ltr'><strong>Athanasio</strong></span> <span class='ocrx_word' id='word_1_144' title='bbox 977 1576 1205 1629; x_wconf 85' lang='lat' dir='ltr'><strong>patriarcha</strong></span> <span class='ocrx_word' id='word_1_145' title='bbox 1234 1575 1599 1627; x_wconf 85' lang='lat' dir='ltr'><strong>Constantinopoli-</strong></span> 
     </span>
     <span class='ocr_line' id='line_1_27' title="bbox 669 1632 1597 1682; baseline -0.003 -10"><span class='ocrx_word' id='word_1_146' title='bbox 669 1639 766 1672; x_wconf 89' lang='lat' dir='ltr'><strong>tano</strong></span> <span class='ocrx_word' id='word_1_147' title='bbox 786 1634 938 1672; x_wconf 85' lang='lat' dir='ltr'><strong>cunctis</strong></span> <span class='ocrx_word' id='word_1_148' title='bbox 952 1647 1084 1682; x_wconf 81' lang='lat' dir='ltr'><strong>exoso,</strong></span> <span class='ocrx_word' id='word_1_149' title='bbox 1103 1634 1261 1672; x_wconf 85' lang='lat' dir='ltr'><strong>litanias</strong></span> <span class='ocrx_word' id='word_1_150' title='bbox 1279 1632 1353 1670; x_wconf 86' lang='lat' dir='ltr'><strong>deo</strong></span> <span class='ocrx_word' id='word_1_151' title='bbox 1372 1632 1412 1669; x_wconf 91' lang='lat' dir='ltr'><strong>in</strong></span> <span class='ocrx_word' id='word_1_152' title='bbox 1430 1638 1492 1670; x_wconf 85' lang='lat' dir='ltr'><strong>tot</strong></span> <span class='ocrx_word' id='word_1_153' title='bbox 1509 1645 1597 1669; x_wconf 89' lang='lat' dir='ltr'><strong>ma-</strong></span> 
     </span>
     <span class='ocr_line' id='line_1_28' title="bbox 668 1688 1597 1742; baseline -0.003 -15"><span class='ocrx_word' id='word_1_154' title='bbox 668 1689 716 1727; x_wconf 88' lang='lat' dir='ltr'><strong>lis</strong></span> <span class='ocrx_word' id='word_1_155' title='bbox 733 1691 990 1742; x_wconf 63' lang='lat' dir='ltr'><strong>propitiando*</strong></span> <span class='ocrx_word' id='word_1_156' title='bbox 1008 1690 1260 1741; x_wconf 87' lang='lat' dir='ltr'><strong>quotidianas</strong></span> <span class='ocrx_word' id='word_1_157' title='bbox 1279 1688 1511 1736; x_wconf 86' lang='lat' dir='ltr'><strong>celebrante,</strong></span> <span class='ocrx_word' id='word_1_158' title='bbox 1534 1689 1597 1725; x_wconf 85' lang='lat' dir='ltr'><strong>fe-</strong></span> 
     </span>
     <span class='ocr_line' id='line_1_29' title="bbox 669 1745 1596 1795; baseline -0.002 -11"><span class='ocrx_word' id='word_1_159' title='bbox 669 1747 751 1784; x_wconf 90' lang='lat' dir='ltr'><strong>rale</strong></span> <span class='ocrx_word' id='word_1_160' title='bbox 779 1747 1005 1785; x_wconf 88' lang='lat' dir='ltr'><strong>incendium</strong></span> <span class='ocrx_word' id='word_1_161' title='bbox 1026 1760 1120 1785; x_wconf 87' lang='lat' dir='ltr'><strong>casu</strong></span> <span class='ocrx_word' id='word_1_162' title='bbox 1148 1753 1218 1784; x_wconf 89' lang='lat' dir='ltr'><strong>aut</strong></span> <span class='ocrx_word' id='word_1_163' title='bbox 1239 1745 1302 1783; x_wconf 89' lang='lat' dir='ltr'><strong>dei</strong></span> <span class='ocrx_word' id='word_1_164' title='bbox 1329 1750 1432 1782; x_wconf 87' lang='lat' dir='ltr'><strong>nutu</strong></span> <span class='ocrx_word' id='word_1_165' title='bbox 1458 1756 1596 1795; x_wconf 82' lang='lat' dir='ltr'><strong>preces</strong></span> 
     </span>
     <span class='ocr_line' id='line_1_30' title="bbox 668 1801 1596 1850; baseline -0.002 -10"><span class='ocrx_word' id='word_1_166' title='bbox 668 1802 755 1840; x_wconf 85' lang='lat' dir='ltr'><strong>illas</strong></span> <span class='ocrx_word' id='word_1_167' title='bbox 780 1816 821 1840; x_wconf 88' lang='lat' dir='ltr'><strong>se</strong></span> <span class='ocrx_word' id='word_1_168' title='bbox 840 1803 1014 1842; x_wconf 81' lang='lat' dir='ltr'><strong>aversari</strong></span> <span class='ocrx_word' id='word_1_169' title='bbox 1040 1802 1274 1841; x_wconf 85' lang='lat' dir='ltr'><strong>declarantis</strong></span> <span class='ocrx_word' id='word_1_170' title='bbox 1298 1801 1372 1837; x_wconf 90' lang='lat' dir='ltr'><strong>sub</strong></span> <span class='ocrx_word' id='word_1_171' title='bbox 1390 1811 1596 1850; x_wconf 87' lang='lat' dir='ltr'><strong>vesperam</strong></span> 
     </span>
     <span class='ocr_line' id='line_1_31' title="bbox 669 1855 1595 1909; baseline -0.003 -15"><span class='ocrx_word' id='word_1_172' title='bbox 669 1860 875 1904; x_wconf 85' lang='lat' dir='ltr'><strong>exortum,</strong></span> <span class='ocrx_word' id='word_1_173' title='bbox 913 1873 935 1895; x_wconf 85' lang='lat' dir='ltr'><strong>a</strong></span> <span class='ocrx_word' id='word_1_174' title='bbox 958 1865 1075 1909; x_wconf 86' lang='lat' dir='ltr'><strong>porta</strong></span> <span class='ocrx_word' id='word_1_175' title='bbox 1102 1860 1346 1907; x_wconf 88' lang='lat' dir='ltr'><strong>Cynegorum</strong></span> <span class='ocrx_word' id='word_1_176' title='bbox 1379 1855 1430 1892; x_wconf 90' lang='lat' dir='ltr'><strong>ad</strong></span> <span class='ocrx_word' id='word_1_177' title='bbox 1453 1868 1595 1892; x_wconf 86' lang='lat' dir='ltr'><strong>mona-</strong></span> 
     </span>
     <span class='ocr_line' id='line_1_32' title="bbox 668 1910 1592 1962; baseline -0.001 -13"><span class='ocrx_word' id='word_1_178' title='bbox 668 1914 832 1951; x_wconf 76' lang='lat' dir='ltr'><strong>sterium</strong></span> <span class='ocrx_word' id='word_1_179' title='bbox 847 1914 1072 1959; x_wconf 86' lang='lat' dir='ltr'><strong>Prodromi,</strong></span> <span class='ocrx_word' id='word_1_180' title='bbox 1101 1911 1414 1962; x_wconf 86' lang='lat' dir='ltr'><strong>frequentissime</strong></span> <span class='ocrx_word' id='word_1_181' title='bbox 1431 1910 1592 1949; x_wconf 86' lang='lat' dir='ltr'><strong>habita-</strong></span> 
     </span>
     <span class='ocr_line' id='line_1_33' title="bbox 668 1967 1592 2006; baseline -0.001 -1"><span class='ocrx_word' id='word_1_182' title='bbox 668 1973 756 2005; x_wconf 87' lang='lat' dir='ltr'><strong>tum</strong></span> <span class='ocrx_word' id='word_1_183' title='bbox 773 1975 812 2006; x_wconf 82' lang='lat' dir='ltr'><strong>et</strong></span> <span class='ocrx_word' id='word_1_184' title='bbox 832 1968 1068 2006; x_wconf 71' lang='lat' dir='ltr'><strong>ditissimum</strong></span> <span class='ocrx_word' id='word_1_185' title='bbox 1090 1968 1200 2006; x_wconf 87' lang='lat' dir='ltr'><strong>urbis</strong></span> <span class='ocrx_word' id='word_1_186' title='bbox 1220 1973 1388 2005; x_wconf 87' lang='lat' dir='ltr'><strong>tractum</strong></span> <span class='ocrx_word' id='word_1_187' title='bbox 1414 1967 1458 2004; x_wconf 91' lang='lat' dir='ltr'><strong>in</strong></span> <span class='ocrx_word' id='word_1_188' title='bbox 1480 1967 1592 2005; x_wconf 89' lang='lat' dir='ltr'><strong>cine-</strong></span> 
     </span>
     <span class='ocr_line' id='line_1_34' title="bbox 666 2023 1589 2075; baseline 0.001 -15"><span class='ocrx_word' id='word_1_189' title='bbox 666 2036 750 2060; x_wconf 89' lang='lat' dir='ltr'><strong>rem</strong></span> <span class='ocrx_word' id='word_1_190' title='bbox 791 2024 935 2075; x_wconf 85' lang='lat' dir='ltr'><strong>redigit</strong></span> <span class='ocrx_word' id='word_1_191' title='bbox 962 2024 1239 2062; x_wconf 86' lang='lat' dir='ltr'><strong>inaestimabili</strong></span> <span class='ocrx_word' id='word_1_192' title='bbox 1269 2025 1438 2061; x_wconf 87' lang='lat' dir='ltr'><strong>iactura.</strong></span> <span class='ocrx_word' id='word_1_193' title='bbox 1502 2023 1532 2065; x_wconf 88' lang='lat' dir='ltr'><strong>l.</strong></span> <span class='ocrx_word' id='word_1_194' title='bbox 1562 2026 1589 2064; x_wconf 93' lang='grc'><strong>7</strong></span> 
     </span>
     <span class='ocr_line' id='line_1_35' title="bbox 668 2081 790 2119; baseline 0 -3"><span class='ocrx_word' id='word_1_195' title='bbox 668 2092 701 2117; x_wconf 92' lang='lat' dir='ltr'><strong>c.</strong></span> <span class='ocrx_word' id='word_1_196' title='bbox 726 2081 790 2119; x_wconf 91' lang='lat'><strong>10.</strong></span> 
     </span>
    </p>

    <p class='ocr_par' dir='ltr' id='par_1_14' title="bbox 664 2133 1722 2575">
     <span class='ocr_line' id='line_1_36' title="bbox 721 2133 1590 2187; baseline 0 -15"><span class='ocrx_word' id='word_1_197' title='bbox 721 2133 962 2172; x_wconf 74' lang='lat' dir='ltr'><strong>Athanasius</strong></span> <span class='ocrx_word' id='word_1_198' title='bbox 982 2133 1275 2172; x_wconf 84' lang='lat' dir='ltr'><strong>Alexandrinus</strong></span> <span class='ocrx_word' id='word_1_199' title='bbox 1295 2134 1519 2187; x_wconf 82' lang='lat' dir='ltr'><strong>patriarcha</strong></span> <span class='ocrx_word' id='word_1_200' title='bbox 1534 2134 1590 2172; x_wconf 89' lang='lat' dir='ltr'><strong>ir-</strong></span> 
     </span>
     <span class='ocr_line' id='line_1_37' title="bbox 666 2190 1589 2228; baseline 0.001 -1"><span class='ocrx_word' id='word_1_201' title='bbox 666 2190 944 2228; x_wconf 86' lang='lat' dir='ltr'><strong>revocabiliter</strong></span> <span class='ocrx_word' id='word_1_202' title='bbox 960 2190 1140 2228; x_wconf 80' lang='lat' dir='ltr'><strong>infensus</strong></span> <span class='ocrx_word' id='word_1_203' title='bbox 1158 2190 1371 2228; x_wconf 82' lang='lat' dir='ltr'><strong>Athanasio</strong></span> <span class='ocrx_word' id='word_1_204' title='bbox 1392 2191 1589 2228; x_wconf 85' lang='lat' dir='ltr'><strong>Constan-</strong></span> 
     </span>
     <span class='ocr_line' id='line_1_38' title="bbox 664 2245 1588 2298; baseline 0.003 -16"><span class='ocrx_word' id='word_1_205' title='bbox 664 2245 953 2296; x_wconf 81' lang='lat' dir='ltr'><strong>tinopolitano,</strong></span> <span class='ocrx_word' id='word_1_206' title='bbox 995 2246 1043 2283; x_wconf 85' lang='lat' dir='ltr'><strong>ab</strong></span> <span class='ocrx_word' id='word_1_207' title='bbox 1080 2246 1311 2284; x_wconf 83' lang='lat' dir='ltr'><strong>Andronico</strong></span> <span class='ocrx_word' id='word_1_208' title='bbox 1349 2247 1588 2298; x_wconf 81' lang='lat' dir='ltr'><strong>imperatore</strong></span> 
     </span>
     <span class='ocr_line' id='line_1_39' title="bbox 667 2301 1587 2353; baseline 0.002 -15"><span class='ocrx_word' id='word_1_209' title='bbox 667 2302 816 2339; x_wconf 88' lang='lat' dir='ltr'><strong>frustra</strong></span> <span class='ocrx_word' id='word_1_210' title='bbox 848 2301 1001 2353; x_wconf 79' lang='lat' dir='ltr'><strong>saepius</strong></span> <span class='ocrx_word' id='word_1_211' title='bbox 1030 2308 1170 2340; x_wconf 83' lang='lat' dir='ltr'><strong>conato</strong></span> <span class='ocrx_word' id='word_1_212' title='bbox 1194 2301 1303 2340; x_wconf 92' lang='lat' dir='ltr'><strong>hunc</strong></span> <span class='ocrx_word' id='word_1_213' title='bbox 1321 2301 1382 2339; x_wconf 89' lang='lat' dir='ltr'><strong>illi</strong></span> <span class='ocrx_word' id='word_1_214' title='bbox 1404 2303 1587 2341; x_wconf 87' lang='lat' dir='ltr'><strong>reconci-</strong></span> 
     </span>
     <span class='ocr_line' id='line_1_40' title="bbox 665 2357 1585 2408; baseline 0.003 -14"><span class='ocrx_word' id='word_1_215' title='bbox 665 2357 761 2395; x_wconf 87' lang='lat' dir='ltr'><strong>liare</strong></span> <span class='ocrx_word' id='word_1_216' title='bbox 779 2357 821 2394; x_wconf 90' lang='lat' dir='ltr'><strong>in</strong></span> <span class='ocrx_word' id='word_1_217' title='bbox 839 2371 948 2395; x_wconf 82' lang='lat' dir='ltr'><strong>suam</strong></span> <span class='ocrx_word' id='word_1_218' title='bbox 968 2357 1172 2396; x_wconf 76' lang='lat' dir='ltr'><strong>ecclesiam</strong></span> <span class='ocrx_word' id='word_1_219' title='bbox 1189 2358 1317 2396; x_wconf 85' lang='lat' dir='ltr'><strong>redire</strong></span> <span class='ocrx_word' id='word_1_220' title='bbox 1331 2358 1476 2408; x_wconf 81' lang='lat' dir='ltr'><strong>iussus,</strong></span> <span class='ocrx_word' id='word_1_221' title='bbox 1506 2359 1585 2397; x_wconf 87' lang='lat' dir='ltr'><strong>sol-</strong></span> 
     </span>
     <span class='ocr_line' id='line_1_41' title="bbox 666 2413 1581 2463; baseline 0.001 -12"><span class='ocrx_word' id='word_1_222' title='bbox 666 2426 762 2451; x_wconf 86' lang='lat' dir='ltr'><strong>vens</strong></span> <span class='ocrx_word' id='word_1_223' title='bbox 783 2414 937 2451; x_wconf 89' lang='lat' dir='ltr'><strong>Cretam</strong></span> <span class='ocrx_word' id='word_1_224' title='bbox 957 2426 1095 2451; x_wconf 88' lang='lat' dir='ltr'><strong>versus</strong></span> <span class='ocrx_word' id='word_1_225' title='bbox 1116 2413 1293 2452; x_wconf 83' lang='lat' dir='ltr'><strong>defertur</strong></span> <span class='ocrx_word' id='word_1_226' title='bbox 1308 2414 1351 2451; x_wconf 91' lang='lat' dir='ltr'><strong>in</strong></span> <span class='ocrx_word' id='word_1_227' title='bbox 1371 2414 1581 2463; x_wconf 87' lang='lat' dir='ltr'><strong>Euboeam,</strong></span> 
     </span>
     <span class='ocr_line' id='line_1_42' title="bbox 666 2468 1722 2523; baseline 0.001 -16"><span class='ocrx_word' id='word_1_228' title='bbox 666 2469 735 2507; x_wconf 91' lang='lat' dir='ltr'><strong>ubi</strong></span> <span class='ocrx_word' id='word_1_229' title='bbox 753 2469 926 2519; x_wconf 85' lang='lat' dir='ltr'><strong>graviter</strong></span> <span class='ocrx_word' id='word_1_230' title='bbox 942 2469 1188 2520; x_wconf 82' lang='lat' dir='ltr'><strong>periclitatus</strong></span> <span class='ocrx_word' id='word_1_231' title='bbox 1201 2483 1226 2523; x_wconf 76' lang='lat' dir='ltr'><strong>a</strong></span> <span class='ocrx_word' id='word_1_232' title='bbox 1242 2469 1388 2508; x_wconf 83' lang='lat' dir='ltr'><strong>Latinis</strong></span> <span class='ocrx_word' id='word_1_233' title='bbox 1406 2471 1489 2508; x_wconf 89' lang='lat' dir='ltr'><strong>illic</strong></span> <span class='ocrx_word' id='word_1_234' title='bbox 1508 2471 1582 2508; x_wconf 88' lang='lat' dir='ltr'><strong>do-</strong></span> <span class='ocrx_word' id='word_1_235' title='bbox 1604 2468 1632 2502; x_wconf 88' lang='lat' dir='ltr'>P</span> <span class='ocrx_word' id='word_1_236' title='bbox 1656 2470 1722 2504; x_wconf 69' lang='grc'><strong>699</strong></span> 
     </span>
     <span class='ocr_line' id='line_1_43' title="bbox 665 2524 1580 2575; baseline 0 -12"><span class='ocrx_word' id='word_1_237' title='bbox 665 2524 927 2575; x_wconf 85' lang='lat' dir='ltr'><strong>minantibus,</strong></span> <span class='ocrx_word' id='word_1_238' title='bbox 956 2524 1100 2563; x_wconf 84' lang='lat' dir='ltr'><strong>Thebis</strong></span> <span class='ocrx_word' id='word_1_239' title='bbox 1134 2525 1276 2564; x_wconf 88' lang='lat' dir='ltr'><strong>deinde</strong></span> <span class='ocrx_word' id='word_1_240' title='bbox 1305 2526 1508 2564; x_wconf 85' lang='lat' dir='ltr'><strong>coniectus</strong></span> <span class='ocrx_word' id='word_1_241' title='bbox 1536 2525 1580 2563; x_wconf 90' lang='lat' dir='ltr'><strong>in</strong></span> 
     </span>
    </p>

    <p class='ocr_par' dir='ltr' id='par_1_15' title="bbox 628 2552 1580 2679">
     <span class='ocr_line' id='line_1_44' title="bbox 628 2552 1580 2645; baseline 0.002 -27"><span class='ocrx_word' id='word_1_242' title='bbox 628 2552 636 2645; x_wconf 79' lang='grc' dir='ltr'>Ι</span> <span class='ocrx_word' id='word_1_243' title='bbox 666 2594 882 2630; x_wconf 86' lang='lat' dir='ltr'><strong>carcerem,</strong></span> <span class='ocrx_word' id='word_1_244' title='bbox 913 2581 1071 2620; x_wconf 84' lang='lat' dir='ltr'><strong>tandem</strong></span> <span class='ocrx_word' id='word_1_245' title='bbox 1096 2581 1197 2620; x_wconf 86' lang='lat' dir='ltr'><strong>liber</strong></span> <span class='ocrx_word' id='word_1_246' title='bbox 1223 2582 1416 2620; x_wconf 85' lang='lat' dir='ltr'><strong>emittitur</strong></span> <span class='ocrx_word' id='word_1_247' title='bbox 1441 2582 1469 2620; x_wconf 88' lang='lat' dir='ltr'><strong>l.</strong></span> <span class='ocrx_word' id='word_1_248' title='bbox 1491 2585 1518 2624; x_wconf 89' lang='lat'><strong>7</strong></span> <span class='ocrx_word' id='word_1_249' title='bbox 1545 2594 1580 2620; x_wconf 89' lang='lat' dir='ltr'><strong>c.</strong></span> 
     </span>
     <span class='ocr_line' id='line_1_45' title="bbox 665 2639 836 2679; baseline 0 -5"><span class='ocrx_word' id='word_1_250' title='bbox 665 2640 692 2679; x_wconf 90' lang='lat'><em>8</em></span> <span class='ocrx_word' id='word_1_251' title='bbox 712 2643 751 2675; x_wconf 89' lang='lat' dir='ltr'><strong>et</strong></span> <span class='ocrx_word' id='word_1_252' title='bbox 773 2639 836 2678; x_wconf 87' lang='lat'><strong>16.</strong></span> 
     </span>
    </p>

    <p class='ocr_par' dir='ltr' id='par_1_16' title="bbox 721 2691 1581 2744">
     <span class='ocr_line' id='line_1_46' title="bbox 721 2691 1581 2744; baseline -0.001 -13"><span class='ocrx_word' id='word_1_253' title='bbox 721 2693 853 2731; x_wconf 72' lang='lat' dir='ltr'><strong>Mense</strong></span> <span class='ocrx_word' id='word_1_254' title='bbox 871 2692 1018 2743; x_wconf 83' lang='lat' dir='ltr'><strong>Aprili,</strong></span> <span class='ocrx_word' id='word_1_255' title='bbox 1045 2691 1243 2730; x_wconf 86' lang='lat' dir='ltr'><strong>dominica</strong></span> <span class='ocrx_word' id='word_1_256' title='bbox 1267 2704 1367 2744; x_wconf 86' lang='lat' dir='ltr'><strong>quae</strong></span> <span class='ocrx_word' id='word_1_257' title='bbox 1381 2705 1488 2729; x_wconf 71' lang='lat' dir='ltr'><strong>nova</strong></span> <span class='ocrx_word' id='word_1_258' title='bbox 1504 2704 1581 2730; x_wconf 77' lang='lat' dir='ltr'><strong>vo-</strong></span> 
     </span>
    </p>

    <p class='ocr_par' dir='ltr' id='par_1_17' title="bbox 631 2747 1582 2858">
     <span class='ocr_line' id='line_1_47' title="bbox 666 2747 1582 2798; baseline 0 -11"><span class='ocrx_word' id='word_1_259' title='bbox 666 2754 799 2798; x_wconf 88' lang='lat' dir='ltr'><strong>catur,</strong></span> <span class='ocrx_word' id='word_1_260' title='bbox 838 2748 1080 2787; x_wconf 78' lang='lat' dir='ltr'><strong>Meliteniota</strong></span> <span class='ocrx_word' id='word_1_261' title='bbox 1110 2755 1294 2787; x_wconf 85' lang='lat' dir='ltr'><strong>constans</strong></span> <span class='ocrx_word' id='word_1_262' title='bbox 1323 2748 1366 2786; x_wconf 90' lang='lat' dir='ltr'><strong>in</strong></span> <span class='ocrx_word' id='word_1_263' title='bbox 1394 2747 1473 2786; x_wconf 87' lang='lat' dir='ltr'><strong>fide</strong></span> <span class='ocrx_word' id='word_1_264' title='bbox 1498 2749 1582 2787; x_wconf 83' lang='lat' dir='ltr'><strong>Ro-</strong></span> 
     </span>
     <span class='ocr_line' id='line_1_48' title="bbox 631 2804 1473 2858; baseline 0 -15"><span class='ocrx_word' id='word_1_265' title='bbox 631 2843 639 2858; x_wconf 51' lang='lat'><strong>·</strong></span> <span class='ocrx_word' id='word_1_266' title='bbox 666 2817 805 2843; x_wconf 66' lang='lat' dir='ltr'><strong>manae</strong></span> <span class='ocrx_word' id='word_1_267' title='bbox 821 2805 1005 2843; x_wconf 82' lang='lat' dir='ltr'><strong>ecclesiae</strong></span> <span class='ocrx_word' id='word_1_268' title='bbox 1023 2804 1205 2844; x_wconf 88' lang='lat' dir='ltr'><strong>moritur.</strong></span> <span class='ocrx_word' id='word_1_269' title='bbox 1260 2804 1291 2843; x_wconf 84' lang='lat' dir='ltr'><strong>l.</strong></span> <span class='ocrx_word' id='word_1_270' title='bbox 1309 2806 1336 2845; x_wconf 88' lang='grc'><strong>7</strong></span> <span class='ocrx_word' id='word_1_271' title='bbox 1354 2817 1388 2843; x_wconf 92' lang='lat' dir='ltr'><strong>c.</strong></span> <span class='ocrx_word' id='word_1_272' title='bbox 1404 2807 1473 2847; x_wconf 77' lang='lat'><strong>31.</strong></span> 
     </span>
    </p>
   </div>
  </div>
 </body>
</html>
