1858 3126
248 175 347 220 352
675 170 914 216 GEORGII
947 171 1301 216 PACHYMERIS

247 290 304 338 εἷς
321 286 412 342 ἐμέ,
444 282 537 328 οὗτε
555 282 580 340 ἦ
601 280 790 336 σύνοδος.
863 283 962 329 ὅσον
982 284 1025 328 δ’
1056 285 1248 329 ε’ντεῦθεν
1282 286 1487 345 ἔπισυμβῇ
1509 290 1559 345 τῇ
1580 287 1724 344 ἔκκλη-

246 358 341 416 ‘'li‘’
380 351 544 403 πάντως
567 353 642 397 οὐκ
667 354 745 411 ἐγώ
765 353 837 398 τὸν
853 351 957 411 ὖπέρ
977 351 1129 398 τούτου
1154 351 1363 398 ἀποδώσω
1386 353 1520 412 λόγον.
1589 361 1723 399 ταῦτα

246 424 316 467 διὰ
336 423 383 466 τὸ
403 422 587 480 ἀσφαλὲς
607 423 822 481 γεγραφώς
839 428 891 481 τῇ
910 428 1088 484 κραταιᾷ
1109 424 1177 466 καὶ
1196 421 1292 484 ἁγίᾳ
1321 415 1510 485 βασιλείᾳ
1525 441 1602 468 σου
1619 424 1741 479 πέμ-’

194 504 223 538 Β
249 511 328 536 πω.
397 491 553 549 γένοιτο
585 493 631 535 δὲ
660 492 766 550 αὐτῇ
796 497 901 536 θεοῦ
929 493 1216 550 κυβερνωμένη
1247 493 1376 549 χειρί,
1414 492 1512 536 ὅσον
1539 493 1724 552 ἀσφαλὲς

243 563 311 606 καὶ
333 559 566 618 ἀτάραχον,
605 566 657 619 τῇ
678 561 807 605 αὐτοῦ
828 560 1233 619 πραγματεύσασθαι
1252 561 1486 623 {mincip-'⁹
1527 620 1530 624 ⁴
1733 570 1755 605 5

387 634 535 673 Ταῦτα
570 631 778 690 δεξαμένῳ
807 631 861 674 τὰ
889 628 1115 687 γράμματα
1145 635 1311 686 βασιλεῖ
1333 628 1522 674 ὑπονοεῖν
1537 626 1649 688 ἐπῄει
1669 628 1726 682 ὥς

245 700 293 745 οὗ
315 700 486 757 γνησίας
514 699 661 756 φρενὸς
681 702 749 742 καὶ
776 698 943 756 γνώμης
964 705 1038 742 τοῦ
1069 698 1327 757 πατριάρχου
1347 705 1504 754 ταῦτα,
1537 698 1644 743 ἀλλά
1661 717 1724 743 τι-

247 788 330 814 νων
353 768 488 812 ἄλλων
504 766 854 824 ὗποβαλλομένων
866 802 880 822 ,
919 767 981 819 οἷς
1000 764 1052 824 ἦν
1074 769 1351 827 ἀμφισβητεῖν
1381 768 1632 826 ἀρχιερεῦσιν
1650 763 1725 812 οὗ-

244 856 309 882 σιν
335 837 439 894 πρὸς
472 837 571 888 τοὺς
601 837 698 881 κατ’
735 839 887 881 ἐκείνου
917 836 1249 891 σπουδάζοντας·
1308 837 1423 893 ὅμως
1445 839 1577 882 δὲκαὶ
1597 833 1725 888 αὖθις

247 905 412 960 ξύναξιν
446 906 654 957 καθιστὰς
680 911 731 964 τῇ
763 905 926 967 συνόδῳ
955 907 1008 950 τὰ
1041 912 1115 963 τῆς
1140 907 1364 965 ἀπολογίας
1393 911 1621 962 κοινοῦται,
1657 908 1724 951 καὶ
1737 914 1782 948 10

198 981 229 1015 C
253 976 315 1020 ὅτι
338 975 576 1031 μεταμέλειν
609 978 724 1019 δοκεῖ
748 980 808 1036 τῷ
832 976 1148 1036 παραιτουμένῳ
1177 982 1253 1033 τῆς
1278 974 1588 1034 παραιτήσεως,
1625 993 1725 1021 συν-

248 1046 572 1089 διασκέπτεσθαι
593 1044 711 1096 ἀξιοῖ.
770 1043 863 1089 τότε
887 1047 1023 1089 τοίνυν
1042 1044 1194 1103 στερρά
1214 1063 1276 1097 τις
1296 1047 1520 1103 φιλονεικία
1538 1047 1606 1090 καὶ
1627 1044 1723 1089 ἕκα-

246 1115 380 1172 τέροις
411 1122 498 1164 τοῖς
526 1113 666 1171 με’ρεσι
696 1115 872 1171 γίνεται,
917 1119 1002 1158 τῶν
1031 1116 1106 1170 μὲν
1133 1114 1237 1172 ὑπὲρ
1268 1115 1420 1159 ἐκείνου
1437 1112 1637 1172 λεγόντων
1655 1116 1723 1158 καὶ

246 1188 406 1240 μᾶλλον
444 1183 783 1240 ἲσχυριζομένων,
825 1181 881 1233 ὥς
905 1181 1255 1241 παραλυπήσεως,
1314 1183 1363 1227 οὗ
1392 1184 1669 1241 προαιρέσεως
1695 1181 1722 1239 ἦ
1746 1237 1773 1242 ⁷„

245 1254 516 1310 παραίτησις,
555 1254 623 1295 καὶ
645 1250 708 1296 ὅτι
729 1254 762 1295 εἰ
782 1254 848 1295 καὶ
868 1253 931 1295 ε’πὶ
949 1254 1080 1310 τρισὶν
1111 1252 1338 1310 ἀρχιερεῦσι
1358 1255 1425 1296 καὶ
1445 1247 1587 1308 μόνοις
1601 1254 1724 1296 ἵστα-
1734 1257 1778 1292 15

250 1327 358 1365 σθαι
378 1319 600 1376 βούλεται,
638 1319 774 1365 τόσων
806 1322 1106 1378 προσκειμένων
1136 1323 1270 1381 ἐκείνῳ
1301 1325 1440 1382 πολλῷ
1459 1339 1502 1378 γε
1524 1319 1725 1366 δικαιότε-

246 1409 320 1447 ρον
340 1392 545 1434 ἵστασθαι
558 1423 571 1444 ,
606 1395 688 1434 τῶν
709 1391 754 1434 δὲ
779 1389 942 1442 τούτοις
974 1391 1290 1446 ἀνθισταμένων
1309 1390 1432 1448 ὅρκον
1451 1389 1552 1435 εἶναι
1572 1393 1725 1434 διατει-

252 1460 432 1514 νομένων
455 1459 526 1502 τὸν
551 1457 697 1515 λόγον,
729 1462 796 1503 καὶ
817 1459 938 1517 ὅρκον
958 1462 1106 1518 φρίκης
1122 1458 1288 1516 μεστόν,
1312 1461 1379 1502 καὶ
1397 1460 1536 1504 ἱκανὸν
1555 1457 1724 1504 κωλύειν

193 1531 226 1566 D
255 1526 479 1587 ἱερωσύνης
507 1527 879 1585 παραβαινόμενον.
963 1527 1025 1579 οἷς
1056 1529 1108 1585 δὴ
1147 1531 1214 1572 καὶ
1253 1528 1274 1573 ὅ
1313 1529 1508 1584 βασιλεὺς
1543 1530 1725 1579 ἐπιεικῶς

245 1596 548 1654 ὁμογνωμονῶν
577 1593 652 1653 ἦν,
700 1601 760 1658 τῷ
789 1598 865 1654 μέν
892 1598 1070 1652 πλείονι,
1109 1596 1165 1648 ὥς
1195 1595 1305 1658 ἐῴκει
1319 1630 1333 1651 ,
1371 1597 1432 1641 δι’
1455 1596 1585 1656 ἄκραν
1600 1593 1778 1641 nihi-20

335 1695 371 1729 6.
396 1690 515 1730 ἐποίει
537 1693 578 1729 Ρ.

247 1797 392 1832 cumque
427 1788 540 1822 autem
572 1786 652 1822 inde
682 1786 716 1821 in
746 1786 902 1822 damnum
931 1787 1095 1822 ecclesiae
1127 1787 1390 1832 redundaverit,
1424 1787 1504 1823 mihi
1533 1786 1635 1834 plane
1657 1798 1726 1822 non

244 1833 493 1879 imputabitur,
527 1845 590 1868 nec
614 1846 634 1869 a
658 1845 710 1868 me
734 1834 831 1868 huius
858 1840 1034 1880 repetetur
1063 1834 1165 1869 ratio.
1210 1835 1297 1869 haec
1318 1835 1362 1870 ad
1385 1834 1604 1869 securitatem
1626 1846 1648 1868 a
1669 1845 1725 1868 me

246 1881 376 1926 scripta
401 1879 534 1925 potenti
569 1883 605 1915 et
627 1883 766 1916 sanctae
790 1880 960 1915 maiestati
982 1885 1063 1915 tuae
1094 1881 1213 1915 mitto:
1249 1882 1424 1925 contingat
1445 1886 1558 1916 autem
1579 1879 1646 1926 ipsi
1667 1879 1725 1914 dci

247 1938 348 1961 manu
371 1927 603 1971 gubernatae,
637 1931 766 1972 quanta
788 1938 874 1973 opus
897 1932 950 1962 est
977 1927 1145 1962 securitas
1168 1931 1205 1961 et
1225 1927 1457 1974 tranquillitas
1475 1926 1520 1962 ad
1542 1927 1725 1961 consulen-

247 1974 326 2006 dum
347 1972 455 2018 ipsius
478 1972 678 2007 ecclesiae.”
866 2000 872 2006 .

341 2019 416 2052 Has
441 2019 625 2064 accipienti
649 2018 767 2054 literas
788 2018 986 2065 imperatori
1017 2020 1114 2054 venit
1134 2019 1169 2054 in
1193 2025 1337 2054 mentem
1360 2018 1529 2064 suspicari
1550 2029 1616 2053 non
1639 2017 1726 2053 haec

249 2075 291 2098 ex
314 2076 398 2098 vera
422 2065 473 2098 sui
499 2065 600 2100 animi
624 2065 792 2100 sententia
814 2067 971 2111 proferre
994 2067 1243 2112 patriarcham,
1274 2066 1335 2101 sed
1366 2067 1576 2100 deferentem
1598 2075 1726 2109 sugge-

247 2110 417 2144 stionibus
449 2111 669 2155 quorumdam
699 2112 860 2152 afiorum,
892 2113 1015 2158 quibus
1044 2113 1227 2158 episcopali
1260 2112 1426 2157 dignitate
1449 2111 1612 2157 praeditis
1633 2113 1727 2144 esset

247 2156 315 2190 iam
347 2157 526 2191 commissa
559 2158 731 2192 contentio
765 2159 928 2192 adversus
961 2170 1020 2192 eos
1043 2159 1101 2204 qui
1132 2159 1313 2193 contrariis
1334 2158 1370 2192 in
1393 2158 1485 2192 illum
1509 2156 1632 2191 studiis
1651 2157 1725 2190 ser-

244 2206 379 2236 rentur.
426 2208 538 2238 tamen
562 2216 682 2238 rursus
707 2212 873 2241 conventu
897 2204 1015 2239 habito
1042 2216 1239 2251 responsum
1263 2204 1401 2238 Ioannis
1421 2202 1646 2238 communicat
1666 2212 1725 2245 sy-

245 2248 360 2289 nodo3
395 2253 431 2281 et
461 2249 618 2294 quoniam
649 2250 806 2284 videatur
829 2250 887 2297 qui
921 2251 1137 2285 abdicaverit
1159 2251 1334 2296 poenitere
1355 2248 1577 2290 abdicationis
1598 2249 1724 2288 factae,

246 2294 333 2340 quid
364 2294 426 2327 tali
459 2307 541 2329 casu
572 2295 618 2329 sit
650 2297 836 2341 agendum,
869 2300 907 2330 ut
938 2298 1160 2331 communiter
1189 2296 1365 2331 consulant
1395 2299 1483 2329 orat.
1529 2297 1611 2327 tunc
1641 2304 1724 2328 vero

247 2339 378 2374 exarsit
402 2351 502 2382 acre,
527 2341 556 2375 si
579 2352 759 2386 umquam,
791 2348 985 2385 certamen,
1019 2344 1183 2378 ambabus
1206 2354 1267 2388 pro
1300 2353 1338 2376 se
1360 2351 1496 2386 quaque
1518 2338 1724 2374 factionibus

246 2385 370 2420 obnixe
393 2387 564 2431 utrimque
585 2387 813 2430 instantibus,
844 2389 1004 2423 studiosis
1034 2389 1168 2434 quidem
1190 2388 1326 2422 loannis
1349 2387 1564 2420 vehementer
1586 2396 1723 2420 asseve-

245 2433 401 2466 rantibus
434 2434 529 2476 aegri
562 2432 678 2467 doiore
711 2435 808 2479 gravi
843 2446 884 2468 ac
907 2435 1102 2479 perturbati
1132 2435 1206 2468 eius
1229 2433 1349 2475 animi,
1384 2443 1451 2466 non
1474 2431 1572 2466 liberi
1592 2430 1725 2465 consilii

245 2479 387 2524 verique
410 2484 544 2523 partum
568 2479 702 2512 arbitrii
733 2479 981 2514 abdicationem
1012 2491 1100 2514 esse.
1133 2491 1175 2514 ac
1197 2490 1272 2513 cum
1292 2479 1338 2512 sit
1362 2479 1536 2523 professus
1559 2488 1635 2511 cnm
1658 2476 1724 2511 tri-

247 2525 311 2558 bus
334 2524 415 2558 solis
441 2524 613 2569 episcopis
637 2525 711 2558 eius
735 2525 919 2559 cessionem
951 2537 1017 2559 non
1047 2524 1305 2559 admittentibus
1326 2529 1421 2558 stare
1443 2535 1482 2558 se
1505 2523 1615 2564 velle,
1645 2534 1722 2557 cum

247 2575 303 2605 tot
325 2582 399 2605 eam
422 2571 580 2604 reiiciant
603 2570 820 2616 retinereque
842 2571 950 2615 ipsum
966 2571 1133 2605 mordicus
1155 2570 1190 2604 in
1207 2570 1444 2616 patriarchatu
1459 2570 1579 2612 velint,
1594 2576 1722 2615 quanto

248 2621 303 2651 est
326 2617 468 2663 aequius
491 2616 632 2650 credere
655 2629 729 2651 cum
760 2617 811 2651 his
842 2616 935 2650 illum
961 2617 1083 2650 stare?
1116 2623 1238 2651 contra
1269 2617 1501 2650 obtendebant
1532 2613 1722 2650 adversarii

247 2664 355 2698 verba
385 2674 474 2708 quae
496 2663 678 2708 protulisse
701 2663 861 2697 loannem
893 2663 1094 2704 constabat,
1125 2661 1208 2696 nihil
1239 2661 1349 2696 minus
1379 2674 1480 2708 quam
1511 2660 1721 2696 verissimum

244 2710 350 2755 idque
373 2708 522 2744 horroris
542 2708 678 2754 plenum
701 2720 777 2743 esse
797 2709 1030 2750 iuramentum,
1053 2709 1188 2742 abunde
1209 2707 1388 2750 idoneum,
1414 2709 1469 2742 vel
1493 2708 1524 2742 si
1545 2706 1636 2742 aliud
1659 2706 1723 2740 de-

245 2761 357 2798 esset,
383 2755 530 2790 arcendo
555 2766 576 2789 a
598 2755 789 2790 sacerdotio
812 2754 872 2800 qui
892 2759 1128 2798 transgressus
1150 2754 1186 2788 id
1208 2754 1266 2789 sit.
1312 2754 1348 2788 in
1370 2754 1488 2788 borum
1518 2752 1723 2788 sententiam

246 2802 457 2847 aliquantum
481 2801 694 2847 propendere
715 2802 901 2847 imperator
922 2800 1125 2843 videbatur3
1148 2800 1244 2835 euius
1267 2800 1320 2835 rei
1343 2812 1444 2835 causa
1467 2811 1556 2845 quae
1580 2798 1724 2834 maxime

247 2859 286 2882 se
309 2849 516 2891 ostentabat,
535 2851 613 2883 erat
635 2847 801 2894 quaedam
823 2847 976 2882 exactior
999 2851 1036 2882 et
1055 2846 1242 2882 tutioribus
1263 2846 1441 2881 inhaerete
1463 2856 1597 2892 semper
1619 2843 1722 2879 solita
