1820 3112
186 137 281 182 152
602 134 840 180 GEORGII
872 135 1227 178 PACHYMERIS

130 259 159 293 B
184 247 415 305 διάγοντος,
452 247 587 303 ὥσπερ
619 246 775 304 ἤσκητό
803 266 845 292 τε
881 250 948 292 καὶ
978 248 1151 294 εἴθιστο.
1229 245 1341 303 ὅμως
1370 248 1444 307 (τὸ
1473 247 1550 306 γὰρ
1580 253 1655 304 τῆς

184 317 360 374 ἀνάγκης
387 319 495 359 ἐστὶν
525 315 750 374 ἀδήριτον)
778 318 852 373 τὴν
881 318 1062 374 σκληρὰν
1093 317 1243 372 ἐκείνην
1277 319 1342 360 καὶ
1364 315 1418 368 ὥς
1439 319 1480 360 ἓν
1503 319 1654 378 σιδηρᾷ

183 385 327 445 ῥάβδῳ
357 386 541 441 διέφερον
573 388 812 440 ποίμανσιν,
849 387 887 429 οἱ
913 388 987 442 μὲν
1021 385 1379 442 εὐγνωμονέστεροι
1397 387 1535 443 σφίσιν
1557 385 1655 429 ἑαυ-

183 463 270 504 τοῖς
301 455 376 508 τὴν
406 457 541 497 αἰτίαν
575 456 892 511 προστρίβοντες
915 488 928 508 ,
977 454 1089 504 ὅσοις
1124 455 1285 510 δηλαδὴ
1315 455 1371 510 μὴ
1396 451 1445 510 ἦν
1468 456 1509 497 ἓν
1529 459 1585 513 νῷ
1603 454 1655 498 τὰ

183 530 266 567 τῶν
289 524 424 566 ἄλλων
447 526 592 579 κρίνειν
631 525 730 567 ἀλλ’
760 527 815 574 εἷς
849 523 1021 573 ἑαυτοὺς
1048 522 1172 567 νεύειν
1206 525 1271 566 καὶ
1292 522 1464 571 ἕαυτοῦς
1484 524 1589 566 κατὰ
1608 523 1689 571 τὸ5

136 604 166 638 C
191 597 401 648 προσῆκον
430 599 668 647 κατανοεῖν,
717 595 753 636 εἴ
781 594 825 635 δὲ
850 595 917 635 καὶ
936 591 1139 649 ἀλλήλους
1161 600 1398 646 κατανοεῖν,
1434 594 1490 642 εἷς
1521 609 1657 648 παρο-

188 662 344 715 ξυσμὸν
374 659 533 717 ἀγάπης
569 663 634 704 καὶ
665 659 818 714 μόνον,
863 666 1118 718 συγχωροῦσι
1152 662 1253 712 τέως
1283 669 1368 711 τοῖς
1397 661 1658 717 γιγνομένοις,

188 731 284 774 ἀλλ’
317 730 363 773 οὗ
394 731 763 787 περιεργαζομένοις
793 731 890 780 τοὺς
922 732 1237 787 ἐργαζομένους,
1285 729 1400 773 κάνὸ
1422 747 1459 773 τι
1492 736 1659 774 ποιοῖεν.

187 806 276 849 τοῖς
307 800 351 841 δὲ
381 802 448 841 καὶ
475 804 828 855 πολυπραγμονεῖν
857 798 967 857 ἐπῄει
1010 802 1076 842 καὶ
1108 797 1419 852 ἀπαμύνεσθαι
1457 796 1661 854 πάσχουσι

189 871 256 911 καὶ
278 867 502 921 λαμβάνειν
523 867 668 924 λόγους
689 870 730 919 ἐξ
753 867 911 921 ἄλλων,
950 869 1152 917 πιθανοὺς
1175 869 1309 918 ἄλλως
1330 870 1372 911 ἐκ
1393 872 1474 911 τῶν
1496 865 1660 910 εἰκότων
1672 879 1716 914 10

190 935 246 988 ὥς
266 937 447 992 ἀγνῶτος
467 942 634 987 πολλοῖς
653 937 772 986 ὄντος
791 939 940 979 ἐκείνου
955 937 1022 979 διὰ
1042 937 1116 992 τὴν
1136 938 1199 979 ἐπὶ
1219 942 1269 994 τῇ
1291 935 1457 992 ἀσκήσει
1468 934 1662 991 μόνωσιν.

47 1022 75 1055 Ρ
103 1022 168 1057 102
335 1007 410 1052 17.
485 1004 657 1049 Τούτων
686 1005 816 1056 οὕτως
849 1004 1025 1060 ἐχόντων
1055 1004 1075 1048 ὃ
1105 1007 1179 1061 μέν
1202 1003 1530 1063 πατριαρχεῦσας
1549 1009 1663 1061 Γρη-

191 1073 330 1132 γόριος
362 1073 471 1134 νόσῳ
504 1075 750 1134 πολυημέρῳ
781 1076 1098 1131 κατεργασθείς,
1137 1073 1191 1124 ὥς
1210 1075 1257 1118 δέ
1275 1092 1378 1124 τινες
1401 1075 1559 1130 ἔλεγον,
1595 1075 1663 1117 καὶ
1690 1115 1692 1117 ,

193 1145 260 1187 διὰ
294 1144 367 1199 τὴν
399 1142 629 1200 παρόρασιν
660 1145 703 1185 ἐκ
733 1145 1034 1200 μικροψυχίας,
1082 1143 1176 1196 μετ’
1215 1143 1262 1186 οὐ
1283 1143 1387 1186 πολὺ
1408 1147 1574 1202 τελευτᾷ
1593 1143 1664 1185 τὸν

191 1214 297 1266 βίον.
371 1215 437 1255 καὶ
462 1213 507 1255 τὸ
532 1214 605 1266 μέν
626 1214 667 1255 ἐν
683 1215 949 1271 ψαλμῳὸἰάις
970 1211 1143 1254 θάπτειν
1163 1212 1270 1255 κατὰ
1295 1212 1340 1255 τὸ
1364 1212 1467 1261 εἰκὸς
1487 1213 1662 1264 ἔόίὸουν,
1676 1223 1718 1259 15

140 1296 171 1330 Β
197 1282 242 1324 τὸ
269 1281 315 1323 δ’
346 1279 401 1331 ὥς
431 1281 643 1337 ἀρχιερέα,
681 1281 818 1337 ὥσπερ
850 1281 900 1335 δὴ
922 1281 1099 1330 κάκεῖνος
1121 1281 1221 1340 ᾤετο
1240 1281 1314 1335 τὴν
1337 1279 1556 1337 ἱερωσύνην
1582 1299 1666 1323 πα·-

195 1351 454 1405 ρακατέχων,
491 1350 666 1405 συχνοὺς
688 1348 708 1393 ὅ
732 1355 893 1406 κρατῶν
913 1349 1174 1393 ἀποστέλλων
1194 1349 1383 1405 ἀπέλεγε,
1420 1351 1486 1392 καὶ
1515 1354 1565 1407 τῇ
1582 1344 1667 1391 ἀὗ-

194 1421 373 1479 τανεψίᾳ
404 1418 651 1474 ἐπέσκηπτεν
682 1417 907 1462 ἐπιτάττων
927 1451 941 1471 ,
988 1417 1013 1474 ἥ
1050 1435 1111 1469 τις
1145 1414 1195 1475 ἦν
1224 1416 1468 1462 Ῥαούλαινα
1487 1451 1502 1472 ‚
1537 1416 1596 1475 μή
1627 1435 1666 1462 τι

196 1493 387 1531 τοιοῦτον
410 1489 624 1542 ἐπιτελεῖν,
656 1486 677 1532 ὃ
699 1488 748 1544 δὴ
769 1490 834 1530 καὶ
859 1490 1021 1545 γίνεται.

198 1598 282 1633 clam
307 1602 343 1632 et
366 1610 504 1642 arcano,
525 1602 628 1644 prout
651 1599 760 1634 ascesi
783 1598 884 1643 longa
906 1599 1121 1639 insueverat,
1143 1599 1266 1632 cuncta
1287 1596 1382 1632 vitae
1404 1596 1520 1631 officia
1542 1595 1669 1631 transi-

198 1645 299 1688 gere)
313 1671 324 1688 ,
346 1650 459 1678 tamen
484 1645 615 1679 nonnisi
637 1646 751 1680 adacti
774 1657 897 1690 magna
919 1645 952 1679 vi
975 1644 1210 1685 necessitatis,
1237 1655 1337 1688 quam
1359 1655 1456 1677 nemo
1479 1642 1573 1677 valet
1595 1642 1669 1676 elu-

199 1690 309 1732 ctari,
346 1691 465 1725 durum
494 1692 587 1726 istud
619 1697 655 1725 et
686 1692 779 1725 velut
810 1691 845 1725 in
875 1691 973 1735 virga
1003 1692 1118 1724 ferrea
1147 1690 1298 1734 regimen
1330 1690 1497 1723 ferebant.
1543 1700 1611 1734 quo
1633 1687 1669 1722 in

199 1737 365 1771 communi
401 1749 501 1771 sensu
531 1737 647 1782 gravis
679 1738 832 1771 omnibus
866 1736 1064 1771 incommodi
1098 1736 1254 1770 elucebat
1284 1734 1482 1780 exquisitior
1513 1734 1671 1780 aequitas

200 1783 421 1828 quorumdam
453 1783 518 1817 sibi
550 1783 624 1817 uuis
658 1783 735 1817 mali
770 1794 905 1817 causam
934 1781 1180 1827 imputantium.
1229 1793 1348 1826 nempe
1378 1781 1429 1816 sic
1452 1780 1576 1815 dudum
1599 1785 1671 1814 sta-

199 1834 349 1870 tuerant,
374 1840 439 1862 non
463 1841 627 1874 arrogare
650 1829 712 1863 sibi
736 1829 894 1863 iudicium
918 1840 1026 1863 rerum
1051 1828 1094 1862 ad
1117 1827 1200 1862 alios
1222 1827 1470 1872 spectantium,
1491 1827 1551 1860 sed
1574 1826 1608 1861 iu
1632 1837 1671 1860 se

200 1874 294 1919 ipsos
318 1875 536 1909 attentionem
561 1875 681 1909 mentis
704 1887 833 1909 omnem
855 1880 1004 1917 vertere,
1029 1873 1095 1908 sibi
1117 1885 1242 1907 cavere
1265 1878 1368 1919 atque
1389 1872 1569 1918 invigilare
1591 1884 1672 1918 pro-

200 1921 373 1954 movendis
398 1921 441 1956 ad
464 1927 614 1964 rectum,
651 1921 750 1955 unice
776 1933 920 1955 securos
943 1920 1103 1962 aliorum,
1134 1920 1199 1953 nisi
1222 1925 1409 1964 quatenus,
1438 1919 1603 1954 suadente
1625 1918 1675 1953 sic

203 1966 397 2000 conditione
422 1979 536 2001 eorum
560 1979 649 2013 quae
675 1968 893 2010 gerebantur,
909 1968 1091 2001 observare
1114 1977 1152 1999 se
1174 1966 1316 1999 invicem
1339 1966 1504 2010 proderat
1526 1965 1571 1999 ad
1593 1976 1676 2010 pro-

202 2013 414 2046 vocationem
439 2014 617 2056 caritatis,
648 2013 782 2048 minime
815 2024 898 2047 vero
930 2013 987 2046 ubi
1017 2024 1082 2046 non
1107 2017 1290 2056 appareret
1312 2013 1444 2046 fructus
1467 2011 1675 2056 eius-inspe-

204 2058 325 2090 ctionis
350 2058 435 2092 alius
458 2071 558 2104 quam
575 2060 728 2094 solatium
746 2058 953 2093 curiositatis
968 2058 1150 2104 prurientis
1166 2059 1199 2092 in
1217 2058 1359 2092 otiosam
1375 2063 1411 2092 et
1425 2057 1552 2102 figendi
1567 2058 1676 2091 locum

203 2103 313 2136 aculei
328 2109 544 2148 quaerentem
562 2106 825 2150 explorationem
846 2106 1012 2139 factorum
1035 2104 1228 2146 alienorum,
1245 2104 1416 2149 plerisque
1432 2103 1567 2138 interim
1586 2102 1677 2138 haud

205 2159 243 2182 se
266 2149 355 2182 intra
378 2149 463 2183 fines
486 2151 578 2195 paris
602 2152 785 2186 modestiae
809 2151 1077 2192 continentibus,
1112 2162 1228 2184 verum
1261 2155 1298 2184 et
1326 2150 1460 2184 curiose
1482 2149 1677 2193 indaganti-

205 2195 271 2228 bus
295 2206 383 2240 quae
407 2201 706 2240 suspectaverant,
740 2203 775 2231 et
799 2197 915 2231 ulcisci
938 2197 1135 2231 conantibus
1158 2196 1188 2230 si
1210 2208 1309 2231 secus
1331 2207 1432 2241 quam
1455 2195 1580 2229 vellent
1601 2199 1678 2228 tra-

206 2244 404 2282 ctarentur,
428 2248 462 2274 et
485 2254 553 2286 qua
576 2254 691 2276 serere
714 2243 826 2288 ipsos,
850 2255 918 2288 qua
941 2254 1079 2288 sparsos
1112 2244 1155 2276 ab
1190 2242 1265 2276 aliis
1295 2241 1453 2286 accipere
1483 2240 1611 2274 liberos
1633 2239 1677 2274 de

205 2285 258 2320 his
281 2298 451 2320 sermones
475 2293 512 2320 et
533 2287 659 2322 iudicia
682 2289 920 2323 verisimilibus
945 2288 1060 2322 innixa
1082 2288 1306 2328 coniecturis,
1340 2287 1501 2332 pleraque
1523 2285 1677 2320 Athana-

205 2331 290 2366 sium
314 2332 529 2366 traducentia
553 2345 614 2378 pro
636 2335 788 2368 funditus
810 2335 929 2379 ignaro
953 2335 1036 2369 artis
1059 2334 1225 2368 bominum
1247 2333 1493 2378 regendorum,
1518 2342 1619 2378 quam
1641 2331 1676 2366 in

206 2378 390 2413 solitudine
413 2378 550 2412 ascetici
572 2390 726 2413 secessus
757 2381 890 2415 discere
913 2381 1001 2414 haud
1026 2380 1203 2425 potuisset.

301 2425 356 2459 17.
402 2424 465 2458 His
489 2423 540 2458 ita
563 2435 601 2458 se
623 2425 848 2469 habentibus,
885 2426 1123 2471 expatriarcha
1147 2423 1337 2467 Gregorius
1358 2424 1523 2466 languore
1547 2423 1677 2458 dierum

207 2469 385 2504 multorum
409 2471 604 2512 exhaustus,
628 2476 667 2504 ut
691 2476 802 2504 autem
826 2472 960 2516 quidam
984 2471 1131 2510 aiebant,
1142 2469 1354 2513 aegritudine
1378 2468 1479 2502 animi
1502 2470 1689 2504 confectus·

205 2516 284 2550 inde
308 2523 388 2550 nata
410 2516 500 2562 quod
525 2527 566 2550 ex
590 2516 668 2550 olim
691 2519 759 2550 tam
783 2517 946 2551 honorato
970 2521 1038 2550 tarn
1061 2528 1098 2550 se
1123 2516 1222 2549 hodie
1257 2519 1485 2559 contemptum
1508 2520 1677 2560 cerneret,

206 2562 308 2608 paulo
332 2567 408 2607 post
431 2562 544 2596 vivere
568 2562 678 2596 desiit.
727 2562 800 2595 eius
831 2562 993 2606 exequias
1027 2562 1232 2607 psalmorum
1264 2566 1365 2595 cantu
1396 2561 1439 2594 de
1470 2571 1564 2595 more
1587 2561 1678 2595 cele-

206 2608 301 2642 brari
326 2620 520 2643 concessum
545 2612 615 2642 est:
651 2612 687 2641 at
710 2619 785 2642 eum
809 2608 947 2652 sepeliri
971 2611 1008 2641 ut
1031 2607 1278 2652 patriarcham,
1309 2606 1398 2652 quod
1423 2617 1580 2651 sperasse
1602 2606 1679 2652 ipse

207 2654 390 2688 videbatur
413 2655 490 2688 dum
513 2654 550 2688 in
574 2653 726 2688 cessione
749 2653 975 2687 sacerdotium
1011 2653 1156 2686 retinere
1179 2653 1307 2693 voluit,
1337 2651 1467 2686 omnino
1500 2658 1618 2687 vetare
1641 2664 1680 2687 se

206 2711 270 2746 per
293 2701 431 2735 crebros
454 2701 497 2735 ad
520 2700 555 2734 id
580 2699 698 2734 missos
722 2699 858 2733 nuntios
886 2698 1090 2743 significavit
1113 2699 1329 2743 imperaton'
1343 2703 1380 2733 et
1401 2710 1484 2733 suae
1507 2699 1680 2734 consobri-

207 2758 271 2780 nae
294 2745 445 2780 defuncti
469 2746 704 2792 perstudiosae
728 2745 924 2779 Raiilaenae
947 2745 1073 2780 diserte
1094 2744 1271 2780 interdixit
1293 2755 1337 2779 ne
1370 2745 1451 2790 quid
1474 2745 1544 2780 tale
1567 2747 1681 2780 atten-

207 2796 311 2828 taret.
357 2793 493 2839 privato
516 2804 599 2839 ergo
623 2792 733 2827 elatus
760 2797 814 2826 est
836 2792 967 2826 funere.
