1820 3112
193 155 290 204 144
615 156 851 201 GEORGII
884 155 1236 200 PACHYMERIS

134 276 166 312 D
190 273 256 315 καὶ
279 265 590 325 κατεσκληκότες
620 271 687 313 καὶ
715 271 863 327 γυμνοὶ
880 271 947 313 καὶ
973 268 1202 325 ἇπὲριττοι,
1239 267 1298 323 μὴ
1318 268 1451 312 πολλοὶ
1480 273 1657 312 λαλοῦν-

187 358 275 393 τες,
312 339 370 393 μὴ
400 338 566 393 περιττὰ
599 337 856 392 ὁμιλοῦντες,
892 341 1089 395 κατηφιάι
1108 355 1151 380 τε
1174 337 1334 388 καὶτὰς
1361 335 1527 394 γνώμας
1545 337 1657 380 cina-

191 410 377 465 ραίτητοι
406 409 472 449 καὶ
500 407 721 461 ἀμείλικτοι
755 415 841 458 τοῖς
871 413 970 450 πᾶσι
1001 404 1264 464 φαινόμενοι,
1313 405 1341 449 ἃ
1375 408 1441 448 καὶ
1463 405 1652 462 δείγματ’

189 473 297 533 ἦσαν
319 480 432 532 σαφῆ
452 480 527 530 τῆς
549 481 621 518 τοῦ
641 475 907 526 διδάσκοντος
927 476 1134 530 ἀκριβείας
1153 476 1218 517 καὶ
1238 478 1312 518 τοῦ
1335 477 1425 530 περὶ
1447 474 1522 524 τὰς
1541 476 1657 519 ἐντο-

192 546 265 595 λὰς
288 542 711 598 δεισιδαιμονήματος.
757 550 890 588 ταῦτα
910 542 1101 601 λεγόμενά
1118 561 1159 586 τε
1179 546 1244 586 καὶ
1262 541 1516 600 φημιζόμενα
1538 541 1687 600 ‹ped-5

188 629 304 657 νουσι
339 615 405 656 καὶ
438 614 479 662 ἐς
503 614 718 667 βασιλικὰς
752 612 891 663 ἀκοάς.
964 612 984 656 ὃ
1017 614 1062 655 δὲ
1091 612 1224 655 πολλὰ
1254 613 1329 665 μὲν
1352 612 1469 661 εἰδὼς
1488 615 1554 654 καὶ
1576 611 1652 669 ἐφ’

189 682 345 726 ἑαυτῶν
365 684 498 736 ψευδῆ
521 686 747 732 λαλοῦντας
777 679 1052 738 ἀνθρώπους,
1090 682 1133 723 ἔκ
1149 681 1378 733 βασκανίας
1397 680 1658 734 κινουμένους

140 759 173 793 Ε
198 754 326 807 δῆθεν
353 752 418 793 καὶ
446 755 597 794 παθῶν
630 750 763 794 ἄλλων
795 745 850 794 ῶν
881 749 1014 804 ὁβίος
1041 751 1317 804 ἐμπέπλησται
1338 747 1583 807 (μαρτύριον
1611 750 1658 792 δὲ

190 821 238 863 τὸ
257 820 414 875 μηδένα
437 819 560 874 λέγειν
582 820 731 862 ἐκείνου
753 818 1067 875 ἲδιωτεύοντος),
1104 819 1205 868 τέως
1227 819 1271 860 δὲ
1290 819 1356 859 καὶ
1375 817 1427 860 τὰ
1446 819 1535 874 περὶ
1555 818 1656 860 ἐκεί-

190 907 263 932 νου
298 893 461 931 σκοπῶν
493 887 709 943 λεγόμενα,
747 891 813 931 καὶ
841 886 1097 941 ἅντιβάλλων
1130 894 1215 936 τοῖς
1247 886 1424 942 ἀγαθοῖς
1450 887 1501 929 τὰ
1532 883 1652 940 κακά,
1667 896 1711 930 10

190 959 257 1000 καὶ
276 961 453 1006 συνετῶς
482 959 626 1013 κρίνων
657 955 712 1007 ὡς
736 957 843 1013 εἴπερ
874 955 1075 1013 εὖρεθεΐεν
1107 955 1247 1010 ἀληθῆ
1270 953 1461 1010 τάγαθά,
1500 953 1655 1011 ἀνάγκη

190 1030 304 1068 πᾶσα
324 1028 674 1081 συναφανίζεσθαι
699 1026 751 1068 τὰ
774 1023 900 1078 κακά,
940 1022 1269 1082 παρυποστάσεις
1298 1023 1397 1066 ὅντα
1414 1024 1458 1066 ἔκ
1480 1028 1555 1078 τῆς
1572 1027 1655 1066 τῶν

70 1095 100 1129 Ρ
123 1097 167 1132 97
192 1094 364 1150 ἀγαθῶν
385 1095 599 1147 ἀπουσίας,
638 1093 692 1144 ὡς
708 1094 765 1149 μὴ
789 1093 875 1148 ἅμα
898 1098 972 1137 τοῦ
992 1093 1119 1136 αὐτοῦ
1142 1093 1255 1135 οἴκου
1274 1093 1341 1134 καὶ
1362 1096 1453 1149 φῶς
1471 1093 1538 1134 καὶ
1556 1089 1655 1135 σκό-

188 1180 260 1212 τος
277 1167 512 1219 χωροῦντος
526 1195 538 1215 ,
578 1161 761 1213 συνάξεις
781 1163 1011 1211 ἐπιτελέσας
1031 1159 1181 1211 κοινάς,
1221 1159 1349 1217 εὑρὼν
1368 1160 1466 1211 τούς
1484 1160 1654 1214 τάγαθὰ

188 1232 380 1287 λέγοντας
407 1233 472 1273 καὶ
503 1231 555 1273 τὰ
584 1232 710 1274 πιστὰ
745 1231 884 1285 λαβὼν
914 1230 1015 1288 παρ’
1056 1231 1212 1273 ἐκείνων
1235 1227 1290 1279 ὥς
1304 1227 1653 1286 μαρτυρησόντων
1665 1237 1707 1273 15

189 1298 376 1356 ἐνόρκως,
416 1300 561 1342 αὐτίκα
582 1303 769 1342 διαλαλεῖ
783 1305 840 1359 τῷ
862 1304 948 1358 λαῷ
971 1303 1114 1349 κοινῶς
1136 1300 1224 1354 περὶ
1245 1296 1418 1352 τούτων,
1455 1300 1523 1340 καὶ
1538 1302 1654 1355 πρῶ-

189 1386 261 1412 τον
288 1369 362 1422 μὲν
389 1368 463 1422 τὴν
486 1369 630 1411 κακίαν
657 1367 712 1419 ὥς
735 1368 777 1411 ἔκ
799 1373 871 1411 τοῦ
898 1373 1076 1423 πονηροῦ
1098 1369 1296 1417 δείκνυσι,
1335 1368 1403 1409 καὶ
1436 1366 1508 1409 τὸν
1528 1366 1653 1410 κακὸν

189 1437 409 1495 θησαυρὸν
430 1436 529 1481 ὅθεν
553 1437 595 1480 αἱ
619 1437 723 1481 κατὰ
745 1435 979 1495 ἀνθρώπων
1002 1438 1192 1492 διαβολαὶ
1215 1433 1481 1493 θριαμβεύει·
1517 1435 1654 1479 ἔπειτα

189 1614 362 1650 siduorum
386 1615 474 1661 apud
497 1615 585 1649 illum
610 1627 795 1650 maerorum
818 1614 1056 1660 quorumdam,
1076 1614 1290 1660 pallidorum,
1312 1612 1506 1648 attritorum
1528 1611 1653 1647 labori-

191 1662 255 1695 bus
279 1664 312 1695 et
335 1662 441 1694 nudos
465 1666 558 1695 artus
582 1662 702 1704 frigori
723 1661 959 1706 exponentium
982 1661 1160 1703 hominum,
1177 1672 1319 1705 quorum
1342 1659 1466 1705 passim
1490 1658 1655 1704 percelle-

190 1707 253 1741 bat
275 1708 388 1740 oculos
413 1707 546 1740 horrida
569 1708 700 1752 species
725 1708 944 1742 admiratione
968 1719 1109 1740 severae
1140 1707 1175 1740 in
1202 1706 1291 1739 omni
1314 1707 1407 1739 cultu
1429 1703 1654 1750 paupertatis,

190 1753 409 1796 cogitabundi
432 1753 568 1795 silentii,
593 1754 816 1798 parsimoniae
839 1754 1016 1787 verborum
1039 1753 1075 1786 in
1097 1752 1311 1796 defungendo
1335 1762 1434 1796 quam
1457 1750 1655 1784 brevissime

190 1798 386 1832 necessario
410 1811 583 1840 sermone,
606 1800 715 1833 tristis
739 1806 908 1844 aspectus,
930 1799 1161 1832 irrevocabilis
1183 1798 1339 1843 quamvis
1370 1797 1404 1830 in
1437 1800 1570 1842 partem
1599 1796 1654 1830 in-

192 1844 378 1878 clinaverat
400 1845 611 1886 sententiae,
633 1845 900 1891 implacidaeque
933 1856 973 1879 ac
1003 1844 1166 1890 spirantis
1197 1843 1419 1878 acerbitatem
1449 1853 1512 1887 per
1543 1841 1655 1877 omnia

191 1891 471 1925 conversationis.
518 1892 603 1925 haec
625 1892 716 1925 fama
749 1892 856 1925 didita
879 1902 941 1935 per
971 1902 1032 1924 ora
1054 1891 1197 1924 omnium
1229 1891 1272 1924 ad
1303 1900 1403 1923 aures
1433 1899 1567 1934 quoque
1589 1888 1654 1922 im-

190 1936 360 1981 peratoris
383 1948 579 1981 pervenere.
626 1937 656 1971 is
688 1948 748 1982 pro
773 1949 835 1971 sua
858 1937 1033 1970 multarum
1067 1936 1134 1970 iam
1165 1947 1276 1970 rerum
1299 1935 1400 1980 longo
1422 1946 1486 1968 usu
1506 1933 1652 1968 visarum

190 1982 402 2026 experientia
425 1983 525 2016 facile
549 1984 786 2028 suspicabatur
809 1983 913 2017 multa
943 1994 984 2016 ex
1006 1983 1047 2016 iis
1070 1994 1158 2027 quae
1182 1994 1243 2028 pro
1267 1993 1328 2015 suo
1362 1981 1504 2026 quisque
1525 1980 1654 2014 affectu

191 2028 351 2061 adversus
371 2028 588 2062 Athanasium
613 2030 759 2070 dicebat,
776 2028 890 2062 livoris
914 2029 981 2062 odii
1003 2028 1199 2062 similiumve
1223 2027 1526 2073 perturbationum,
1543 2025 1654 2072 quali-

191 2073 256 2106 bus
279 2073 348 2106 vita
374 2074 539 2108 hominum
565 2075 662 2119 plena
686 2081 750 2117 est,
772 2075 931 2108 instinctu
954 2075 1036 2118 fingi
1062 2074 1272 2119 vulgarique,
1295 2074 1350 2107 vel
1373 2073 1452 2107 inde
1474 2083 1653 2118 argumen-

191 2121 260 2152 tum
286 2119 422 2161 ducens,
440 2120 529 2164 quod
554 2125 674 2155 cuncta
699 2121 783 2155 haec
804 2132 892 2154 nunc
916 2120 1044 2154 demum
1069 2126 1191 2154 vocato
1214 2121 1256 2153 ad
1281 2119 1546 2165 patriarchatum
1568 2117 1655 2152 obii-

191 2169 371 2205 cerentur,
398 2165 526 2198 nemine
560 2167 669 2210 quoad
693 2168 728 2201 in
753 2167 890 2212 privata
913 2166 985 2200 vita
1007 2166 1179 2210 perstitit,
1213 2166 1281 2200 ulla
1304 2166 1364 2200 tali
1387 2166 1430 2199 de
1452 2176 1491 2198 re
1514 2163 1654 2208 culpare

191 2209 412 2243 Athanasium
445 2211 571 2245 audito.
618 2213 792 2255 ingressus
822 2219 934 2246 tamen
964 2212 1266 2246 considerationem
1289 2210 1468 2245 hincinde
1489 2209 1653 2252 allegato-

191 2266 277 2296 rum,
301 2261 336 2289 et
359 2267 555 2300 comparans
579 2258 674 2291 bonis
697 2259 794 2299 mala,
819 2258 962 2303 denique
983 2259 1169 2303 prudenter
1195 2257 1377 2298 iudicavit,
1399 2256 1431 2290 si
1451 2265 1540 2300 quae
1560 2255 1655 2288 fere-

192 2301 317 2335 bantur
345 2301 389 2334 de
420 2301 478 2334 illo
512 2303 599 2335 bona
626 2315 708 2337 vera
731 2305 982 2349 reperirentur,
1013 2303 1206 2338 necessario
1230 2313 1372 2348 prorsus
1402 2301 1444 2335 ab
1468 2311 1508 2334 eo
1531 2300 1655 2335 abesse

193 2345 475 2391 deprehendenda
499 2359 586 2391 qnae
607 2348 852 2393 imputarentur
875 2350 923 2383 illi
945 2349 1051 2391 mala,
1083 2349 1210 2395 quippe
1233 2359 1307 2382 cum
1330 2348 1415 2381 haec
1436 2356 1551 2380 veram
1571 2346 1655 2380 sub-

191 2391 382 2426 sistentiam
404 2404 469 2426 non
492 2393 650 2435 habeant,
681 2395 742 2428 sed
764 2397 923 2428 bonorum
948 2395 1068 2439 quibus
1091 2399 1305 2439 opponuntur
1325 2392 1512 2426 absentiam
1535 2391 1655 2437 expri-

192 2442 304 2479 mant,
338 2439 445 2472 forma
475 2439 631 2483 loquendi
663 2440 861 2484 negationes
883 2441 993 2474 instar
1019 2439 1310 2474 subsistentiarum
1339 2441 1570 2483 proponente,
1601 2435 1655 2471 uti

195 2494 259 2518 nec
282 2484 399 2517 domus
421 2484 536 2517 eadem
559 2485 666 2518 lucem
689 2497 729 2518 ac
753 2487 912 2519 tenebras
942 2486 1040 2520 simul
1065 2490 1192 2519 teneat.
1241 2495 1322 2527 ergo
1345 2495 1419 2517 cum
1443 2495 1486 2517 ex
1507 2482 1551 2516 iis
1572 2494 1654 2517 con-

194 2529 324 2563 vocatis
347 2529 406 2574 qui
428 2530 647 2564 Athanasium
670 2530 853 2564 laudabant
874 2533 962 2564 bona
984 2531 1151 2576 reperiret
1175 2533 1204 2563 ei
1227 2531 1270 2563 ab
1293 2529 1376 2574 ipsis
1397 2528 1522 2571 tribui,
1550 2529 1654 2563 etiam

192 2574 393 2609 affirmando
422 2587 496 2609 cum
531 2576 717 2610 iuramento
747 2587 785 2610 se
815 2587 896 2610 vere
919 2581 955 2609 et
977 2589 1019 2610 ex
1043 2579 1138 2610 certa
1161 2575 1304 2609 scientia
1324 2575 1436 2620 loqui,
1472 2584 1655 2619 persuasus

190 2620 281 2666 quod
305 2621 459 2664 volebat,
484 2621 526 2655 ad
551 2622 708 2666 populum
732 2622 776 2655 de
800 2622 864 2655 hoc
886 2628 1083 2665 argumento
1106 2621 1286 2662 disseruit,
1306 2622 1447 2666 primum
1470 2620 1652 2654 ostendens

189 2665 350 2700 malitiam
382 2666 502 2711 affingi
534 2667 646 2701 exosis
682 2679 725 2702 ex
755 2667 842 2702 malo
878 2667 1147 2701 obtrectantium
1181 2666 1309 2708 anim03
1350 2667 1489 2711 lateque
1520 2665 1555 2700 in
1588 2665 1654 2700 hoc

190 2723 309 2757 campo
330 2712 401 2747 eius
424 2713 533 2747 oratio
556 2713 741 2756 exultavit,
763 2712 942 2757 magnifica
965 2713 1210 2747 declamatione
1232 2712 1416 2746 traducens
1436 2714 1654 2746 memoratum

190 2758 365 2802 evangelio
387 2758 580 2793 thesaurum
596 2759 723 2794 malum
745 2758 882 2793 humani
902 2759 1033 2801 cordis,
1063 2759 1152 2793 unde
1180 2758 1288 2792 falsae
1311 2769 1352 2792 ac
1375 2757 1599 2793 calumniosae
1619 2756 1656 2790 in

190 2803 342 2838 homines
363 2804 610 2840 criminationes
636 2806 863 2851 proferantur.
910 2805 1032 2840 deinde
1060 2804 1235 2851 productis
1266 2808 1303 2839 et
1334 2816 1377 2839 ex
1407 2804 1551 2840 adverso
1573 2813 1656 2838 con·
