1858 3126
378 147 455 191 DE
482 143 812 189 ANDRONICO
843 141 1219 186 PALAEOLOGO
1254 141 1301 183 L.
1338 140 1397 184 V.
1520 136 1620 184 431

159 279 232 308 νου
252 265 410 316 μᾶλλον
429 259 455 316 ἢ
479 256 718 317 προνοήσεις
742 258 787 309 ἐξ
809 256 968 307 εὖνοίας
997 253 1099 312 ὖπὲρ
1123 254 1255 298 αὐτοῦ
1264 287 1279 307 ,
1314 253 1478 304 ἐκείνοις
1494 249 1618 308 ἐχὸλα
1642 257 1673 291 C

156 332 228 375 καὶ
247 331 492 385 ἐξωργίζετο.
556 332 633 371 τοῦ
670 326 715 370 δ’
746 328 811 370 ἐπὶ
842 323 1004 375 τούτοις
1033 325 1100 367 καὶ
1124 327 1338 378 μετελθεῖν
1372 326 1446 366 τοῦ
1473 323 1548 377 μὲν
1577 321 1626 366 τὸ

160 399 236 444 οὐκ
260 401 317 449 εἷς
337 398 449 453 ὀλίγα
465 394 668 452 χρήσιμον
687 401 932 452 παρῃτεῖτο,
969 397 1045 437 τοῦ
1069 393 1113 436 δὲ
1129 393 1177 435 τὸ
1210 391 1449 448 ἅξιοπρεπές
1478 392 1533 441 εἷς
1551 390 1627 445 τὴν

161 467 242 512 ἀπὸ
262 467 464 522 βασιλέως
479 464 708 523 παρόρασιν
729 461 956 508 διεκώλυεν.
1024 456 1076 516 ἦν
1095 461 1138 504 δ’
1162 460 1297 510 ἄλλως
1316 459 1505 515 ἐμποδὼν
1524 459 1628 516 πρὸς

129 541 287 580 §rotato
315 536 382 578 καὶ
409 533 436 590 ἦ
468 534 572 591 πρὸς
602 534 674 577 τὸν
713 530 968 589 πατριάρχην
1000 529 1218 587 καταφυγὴ
1256 534 1332 572 τοῦ
1360 526 1627 585 Νοστόγγου,

163 605 262 649 ὅθεν
283 603 385 662 ᾤετο
408 602 510 658 ἕξειν
532 603 607 657 τὴν
641 602 682 652 ἐς
713 600 823 644 ἅπαν
853 600 1027 643 ἀσυλίαν
1048 603 1100 656 τῇ
1126 602 1201 653 τῆς
1220 598 1504 654 Περιβλέπτου
1527 597 1628 647 τέως

158 671 479 730 ἐγκεκλεισμένον
503 676 624 728 μονῇ.
701 668 801 714 ὅθεν
828 671 896 712 καὶ
927 668 1043 725 παρὰ
1072 671 1146 723 τῆς
1177 667 1360 723 ἀδελφῆς
1403 664 1424 709 ὅ
1463 670 1629 722 κρατῶν

153 739 354 791 πολλάκις
365 740 684 797 παρωξυμμένος
694 736 929 797 (ἀνάπυστα
940 737 1018 794 γὰρ
1041 736 1204 793 κάκείνῃ
1223 734 1275 778 τὰ
1297 734 1499 790 λεχθέντα
1517 734 1624 778 κατὰ
1646 740 1678 775 D

159 810 207 854 τό
239 810 345 859 εἰκὸς
377 807 570 865 ἐγεγόνει,
611 810 684 851 καὶ
712 805 962 863 ὖβριοπάθει
988 805 1041 849 τὰ
1062 806 1257 861 μέγιστα,
1294 806 1329 847 εἲ
1345 802 1405 859 μή
1425 821 1469 860 γε
1491 803 1530 846 οἶ
1551 821 1628 846 κα-

108 888 152 923 10
161 876 362 928 τειπόντες
381 878 498 929 ἀξίας
514 877 589 927 τὰς
604 878 720 926 δίκας
738 878 906 928 τίσαιεν,
932 876 1039 930 μηδὲ
1055 874 1263 931 προσέξειν
1276 872 1402 916 ἄλλον
1418 877 1476 932 τῷ
1496 889 1628 929 στρα-

160 951 270 1006 τηγῷ
282 979 295 1000 ,
330 946 389 1001 μὴ
409 951 492 990 τῶν
510 943 705 1003 φυγάδων
726 946 885 989 ἐκείνων
903 941 1169 998 ὖποσχόντων
1191 942 1267 992 τὰς
1295 940 1429 997 δίκας)
1450 941 1558 984 ἀλλὰ
1578 941 1626 984 τὸ

157 1016 231 1071 μὲν
253 1019 361 1072 μονῇ
381 1015 655 1070 ἐγκεκλεῖσθαι
673 1016 742 1058 καὶ
769 1013 850 1057 ἀπὸ
870 1010 1094 1070 προσώπου
1119 1010 1220 1055 εἶναι
1248 1015 1307 1070 τῷ
1325 1014 1492 1064 βασιλεῖ
1503 1009 1625 1066 ἄρκε-

157 1084 231 1127 τόν
259 1085 316 1134 εἷς
345 1085 544 1140 τιμωρίαν
573 1083 746 1139 ἔκρινεν,
789 1083 915 1126 ἐκεῖνο
945 1080 1051 1138 παρ’
1077 1079 1227 1123 ἐαυτοῦ
1247 1079 1626 1129 καταδικασθέντος

157 1151 257 1210 ὅπερ
289 1151 340 1195 ἂν
373 1152 566 1207 βασιλεῦς
591 1156 743 1195 παθεῖν
772 1152 920 1194 ἐκεῖνον
957 1149 1014 1200 ὥς
1040 1147 1268 1206 πρόστιμον
1293 1149 1496 1201 ἐδικαίου,
1544 1152 1620 1203 τῆς
1641 1149 1675 1184 Ε

105 1225 148 1261 15
158 1225 288 1276 μονῆς
311 1220 402 1264 ἀντὶ
425 1225 615 1279 φυλακῆς
648 1220 775 1277 οὔσης
800 1220 947 1263 αὐτίκα
956 1252 970 1272 ,
1010 1213 1038 1276 ᾗ
1068 1219 1118 1274 δὴ
1141 1220 1208 1260 καὶ
1230 1217 1344 1274 παρὰ
1369 1214 1626 1273 πατριάρχου

159 1289 403 1340 ἀποσταλεὶς
430 1290 690 1346 ἐγκέκλειστο.
760 1293 819 1348 τῷ
851 1290 900 1332 δέ
923 1305 965 1344 γε
990 1291 1279 1345 γραμματιστῇ
1310 1284 1626 1344 ἀπεπροσπᾶθει

159 1356 215 1408 ὥς
248 1357 307 1413 μὴ
329 1359 430 1417 -ῗὸίῳ
464 1358 513 1401 τὸ
545 1356 719 1401 σύνολον
751 1357 838 1401 ὄντι
865 1358 935 1399 καὶ
966 1355 1023 1407 ὥς
1055 1355 1099 1398 ἴκ
1127 1372 1235 1405 τινος
1252 1357 1442 1413 λατρείας
1461 1355 1624 1405 ἐκείνοις

247 1445 282 1479 2.
306 1441 348 1480 τὸ
372 1443 503 1479 deerat.
604 1440 608 1450 “
643 1446 697 1479 10.
719 1441 812 1490 μηδὲ
835 1441 932 1489 γὰρ.)
1072 1443 1127 1477 11.
1151 1440 1219 1488 τὰ]
1243 1441 1325 1490 τῷί)

158 1522 354 1567 stinctnque
374 1522 512 1568 maligui
532 1523 661 1565 livoris,
685 1535 751 1558 non
774 1527 898 1564 autem,
916 1525 957 1558 ut
977 1521 1089 1557 videri
1110 1522 1283 1563 volebant,
1305 1522 1380 1556 zelo
1399 1521 1526 1568 publici
1547 1521 1628 1556 boni

158 1574 196 1604 et
216 1568 328 1604 studio
351 1569 518 1603 benevolo
542 1569 714 1604 serviendi
736 1569 936 1615 imperatori
969 1569 1013 1603 ad
1043 1568 1142 1603 istam
1166 1569 1407 1608 calumniosam
1428 1574 1464 1609 et
1487 1569 1630 1602 menda-

158 1626 231 1650 cem
253 1614 455 1649 delationem
478 1616 695 1660 processisse.
741 1627 826 1660 ergo
859 1615 894 1649 in
921 1626 981 1649 eos
1002 1615 1115 1660 palam
1137 1614 1351 1659 indignatus,
1384 1614 1528 1648 scribam
1551 1614 1630 1660 qui-

157 1660 234 1695 dem
256 1666 296 1695 ut
317 1661 413 1695 nihili
435 1662 668 1695 homunculum
692 1666 728 1696 et
750 1673 869 1707 pamm
891 1661 1008 1695 utilem
1031 1673 1051 1694 e
1073 1661 1260 1695 ministerio
1276 1660 1420 1694 amovit:
1437 1660 1629 1704 Nostongo‚

157 1717 202 1741 ne
227 1718 336 1752 poena
359 1707 390 1741 ei
411 1707 612 1742 luculentior
633 1707 869 1752 infligeretur,
902 1719 964 1741 sua
998 1711 1094 1741 tanto
1127 1707 1269 1752 amplior
1302 1706 1451 1751 dignitas
1485 1707 1628 1750 profuit,

157 1753 359 1806 praesertim
382 1764 458 1787 cnm
480 1765 523 1787 ne
546 1764 609 1798 pro
631 1759 805 1798 potestate
828 1756 1044 1788 coerceretur
1066 1753 1336 1786 subiicereturve
1366 1751 1511 1792 iudicio,
1542 1751 1628 1796 asyli

157 1809 213 1832 ms
235 1799 400 1840 obstaret,
425 1811 492 1844 quo
514 1799 571 1833 ille
593 1800 809 1845 Peribleptae
832 1799 1036 1833 monasterio
1058 1798 1207 1833 inclusus
1229 1798 1326 1841 (illuc
1350 1797 1435 1831 enim
1463 1808 1539 1831 enm
1562 1809 1627 1842 pa-

158 1844 308 1878 triarcha
330 1845 486 1886 miserat)
515 1845 699 1880 inviolabili
728 1846 902 1880 utebatur.
949 1845 1066 1890 itaque
1101 1855 1303 1889 quamquam
1326 1854 1424 1876 soror
1441 1843 1627 1887 imperato-

157 1889 229 1930 ris,
259 1901 378 1924 socrus
401 1890 496 1924 ducis
518 1891 652 1935 magni,
685 1891 831 1936 cognitis
864 1902 953 1936 quae
986 1897 1104 1925 contra
1136 1890 1225 1923 hunc
1249 1890 1292 1923 ab
1315 1888 1368 1922 his
1390 1889 1626 1931 movebantur,

158 1939 326 1978 tamqnam
349 1947 411 1980 pro
434 1948 559 1980 genero
582 1937 733 1977 solicita,
767 1949 832 1970 non
855 1941 1009 1970 cessaret
1030 1935 1255 1969 Andronicum
1287 1933 1427 1967 irritare
1453 1933 1624 1968 adversus

159 1979 244 2013 duos
266 1980 436 2020 falsorum,
460 1987 496 2014 ut
517 1982 644 2022 aiebat,
665 1982 860 2016 inventores
884 1983 1070 2024 criminum,
1093 1992 1297 2025 magnopere
1318 1991 1531 2023 exaggerans
1550 1991 1623 2015 rem

160 2036 238 2059 esse
266 2025 436 2069 indignam
466 2027 677 2071 exemplique
707 2027 742 2061 in
772 2028 942 2072 publicum
973 2027 1085 2069 noxii,
1118 2026 1254 2069 impune
1287 2026 1379 2058 ferre
1401 2025 1623 2060 calumniosos

159 2071 387 2116 sycophantas
407 2071 728 2116 impudentissimam
751 2073 939 2114 audaciam,
965 2084 1007 2106 ex
1029 2083 1097 2117 qua
1116 2071 1222 2104 inulta
1243 2075 1463 2116 permanente
1484 2078 1623 2106 secutu-

159 2127 233 2150 rum
255 2122 347 2150 esset
368 2121 407 2150 ut
430 2117 487 2150 alii
507 2128 642 2162 quoque
666 2118 709 2151 ad
729 2118 900 2152 licentiam
930 2117 1064 2151 invitati
1087 2116 1227 2150 similem
1249 2116 1460 2160 negligerent
1481 2118 1623 2153 obedire

158 2162 236 2196 duci
259 2174 398 2206 magno,
433 2161 528 2196 cuius
559 2174 660 2207 quam
689 2168 779 2196 esset
810 2164 909 2197 fortis
938 2167 975 2196 et
995 2163 1076 2196 felix
1109 2162 1197 2196 bello
1220 2162 1338 2207 reique
1361 2168 1443 2197 tunc
1463 2164 1623 2209 publicae

159 2210 355 2242 necessaria
377 2219 503 2253 opera,
536 2208 787 2254 Philadelphiae
808 2208 967 2243 liberatio
990 2211 1216 2249 monstraret3
1248 2208 1316 2242 etsi
1338 2208 1444 2251 haec,
1474 2209 1624 2256 inquam,

158 2253 390 2288 indesinenter
415 2259 554 2298 urgeret
585 2258 655 2287 tam
686 2261 807 2300 potens
838 2259 875 2288 et
896 2265 977 2288 cara
1001 2253 1200 2298 imperatori
1222 2260 1396 2297 matrona,
1426 2261 1540 2290 tamen
1572 2256 1622 2290 illi

159 2311 226 2334 non
251 2304 305 2334 est
327 2300 434 2333 visum
457 2299 547 2333 aliud
569 2305 639 2334 tum
662 2300 797 2345 quidem
821 2300 998 2344 Nostongo
1021 2299 1222 2344 supplicium
1254 2299 1428 2345 infligere;
1459 2302 1622 2336 sufficere

158 2345 286 2391 quippe
305 2346 439 2380 interim
462 2346 575 2379 aiebat
598 2357 790 2388 carcerem,
812 2358 909 2391 quem
932 2346 964 2379 is
985 2344 1048 2379 sibi
1073 2346 1162 2378 ultro
1185 2346 1424 2390 conscivisset,
1446 2347 1623 2382 includens

158 2402 235 2424 sese
256 2391 462 2426 monasterio
484 2391 725 2436 Peribleptae3
756 2403 856 2437 quam
886 2404 924 2426 se
946 2390 997 2426 illi
1020 2391 1210 2425 custodiam
1231 2392 1401 2437 imputare
1424 2393 1562 2428 dicebat
1583 2394 1620 2428 in

158 2442 289 2481 partem
319 2449 449 2482 poenae
482 2442 640 2483 tanquam
671 2437 830 2472 indictam
863 2437 1012 2481 legitime
1042 2437 1211 2471 damnato.
1256 2437 1462 2473 instantibus
1494 2446 1622 2483 autem,

158 2492 259 2526 posse
280 2484 399 2517 saltem
422 2483 536 2528 puniri
557 2484 770 2528 Nostongum
791 2484 826 2517 in
849 2495 994 2528 persona
1016 2482 1147 2516 scribae
1170 2483 1233 2524 sui,
1256 2485 1316 2529 qui
1338 2496 1404 2518 uon
1428 2485 1622 2520 diversare-

159 2531 216 2560 tur
238 2527 274 2561 in
295 2529 500 2563 monasterio
515 2529 610 2572 (huic
632 2530 718 2564 enim
739 2530 829 2564 iuste
849 2529 1066 2575 infligendum
1090 2529 1234 2563 merenti
1255 2530 1453 2575 supplicium
1467 2531 1501 2564 in
1522 2531 1625 2575 igno-

159 2572 293 2607 niniam
316 2580 352 2608 et
374 2575 521 2609 dolorem
542 2576 805 2610 redundaturum
827 2575 933 2621 ipsius
955 2574 1088 2616 domiui,
1104 2574 1198 2608 cuius
1213 2576 1366 2621 exemplo
1390 2582 1427 2610 et
1449 2577 1622 2610 commodo

160 2620 364 2663 peccasset),
384 2621 611 2666 respondebat
640 2622 825 2667 imperator
847 2621 1061 2666 Nostongum
1092 2619 1174 2654 nihil
1196 2621 1239 2655 ad
1265 2633 1303 2656 se
1326 2622 1496 2666 pertinere
1519 2627 1623 2667 puta-

160 2668 272 2697 turum
302 2666 384 2710 quid
413 2667 546 2700 scribae
575 2667 634 2702 isti
662 2668 781 2710 fieret,
814 2679 911 2713 quem
944 2667 988 2701 ad
1012 2678 1105 2700 suam
1128 2677 1209 2700 vere
1230 2667 1434 2713 pertinuisse
1456 2667 1620 2702 familiam

161 2714 322 2760 nfguete
351 2711 387 2745 in
420 2723 495 2745 eam
517 2713 643 2758 quippe
664 2713 844 2758 irrepsisse
866 2713 957 2748 baud
980 2724 1000 2747 a
1022 2724 1061 2746 se
1083 2711 1266 2755 adscitum,
1297 2714 1359 2748 sed
1382 2713 1498 2747 furtim
1522 2713 1622 2747 adhi-

159 2753 268 2787 bitum
289 2766 311 2789 a
330 2757 402 2791 suis
423 2757 645 2792 familiaribus
671 2758 882 2794 mercenaria
912 2758 1087 2793 functione
1116 2758 1247 2792 venalis
1276 2770 1413 2804 operae.
1460 2763 1621 2802 oportere

159 2804 285 2843 autem,
303 2800 336 2835 si
357 2803 492 2847 quando
511 2804 729 2848 magistratus
750 2816 818 2840 nou
837 2805 872 2840 in
895 2804 1036 2851 propria
1058 2803 1120 2838 sed
1140 2803 1176 2838 in
1198 2804 1310 2840 aliena
1331 2803 1524 2850 castigandi
1539 2815 1621 2851 per-
