1858 3126
252 189 349 234 326
458 215 461 218 -
675 183 912 228 GEORGII
949 184 1306 230 PACHYMERIS

202 307 235 342 Ε
260 302 326 346 καὶ
355 296 483 343 ἐδόκει
512 297 629 355 σφίσι
654 298 753 349 τοὺς
773 298 814 341 ἓν
830 299 948 353 χερσὶ
976 297 1209 351 ὑίετίθουν,
1245 297 1291 342 οἳ
1305 298 1357 354 δὴ
1377 301 1444 343 καὶ
1464 300 1517 345 τὰ
1535 303 1626 358 περὶ
1645 305 1720 358 τῆς

252 367 440 422 Σκύλλης
470 364 683 419 εἶκόνιζον,
720 373 861 423 χεῖρας
887 365 1121 424 ὂρεγνύντες
1147 374 1234 417 τοῖς
1262 366 1418 419 ἔξωθεν
1439 372 1507 413 καὶ
1533 369 1720 428 θρήνους

252 436 446 487 ἐλεεινοὺς
483 433 708 487 κλάζοντες.
781 435 896 480 οὕπω
930 441 1011 479 πᾶν
1041 432 1156 494 ἦμαρ
1184 436 1390 480 τετέλεστο
1401 469 1416 492 ,
1464 440 1532 482 καὶ
1560 444 1725 494 βασιλεῖ

253 503 526 563 ἀγγελλόμενα
555 505 607 549 τὰ
641 504 751 548 δεινοὶ
792 505 999 548 ἐνεποίουν
1029 504 1189 548 οἶκτον·
1235 507 1303 548 καὶ
1335 506 1387 561 δὴ
1415 505 1573 562 στήσας
1599 508 1720 565 τιμὴν

252 582 341 626 τοΐς
371 576 548 632 οἰκτροῖς
573 571 785 631 τεσσάρων
808 571 1006 630 χιλιάδων
1030 578 1198 632 χρυσῶν
1218 572 1484 630 νομισμάτων
1502 576 1600 626 τοὺς
1616 574 1754 624 noir-5

113 652 140 686 P
163 653 229 689 225
255 661 331 695 τας
363 641 528 700 εἰλήφει.
601 645 668 686 καὶ
700 640 794 686 τότ’
825 643 1071 694 ἀποστείλας
1094 643 1199 700 πρὸς
1229 643 1302 687 τὸν
1327 647 1410 687 τῶν
1438 644 1555 701 νηῶν
1572 643 1724 702 ἡγεμο-

254 711 423 758 νεύοντα
449 711 524 766 τὴν
556 710 754 756 ἀπόνοιαν
782 714 1058 766 κατωνείδιζεν
1078 714 1145 756 καὶ
1166 711 1240 767 τὴν
1258 709 1440 768 τόλμαν,
1476 711 1539 764 οἷς
1559 713 1623 758 ὅτι
1641 733 1724 758 πα-

254 782 327 840 ρὸν
354 781 574 837 πρεσβείαν
601 780 770 836 πέμπειν
801 783 867 824 καὶ
897 781 1001 839 πρὸς
1023 780 1150 826 αὐτὸν
1172 783 1227 832 εἷς
1247 778 1394 838 λόγους
1415 784 1721 837 καθίστασθαι,

254 852 344 908 περὶ
365 854 448 893 τῶν
466 849 573 894 κατὰ
594 855 706 907 σφᾶς
723 852 890 894 δικαίων
910 851 1125 907 λέγοντας,
1160 851 1199 894 οἳ
1217 851 1262 894 δὲ
1279 857 1492 909 πειραταῖς
1508 852 1726 908 μιχθέντες

252 920 306 963 τὰ
328 922 490 978 λῃστῶν
512 918 588 962 σὺν
611 920 774 970 ἐκείνοις
790 917 1021 977 πράττοιεν.
1073 924 1208 963 ταῦτα
1227 919 1352 976 λέγων
1368 926 1457 971 τοῖς
1474 922 1604 977 μηδὲν
1622 921 1723 966 ἄλλο
1737 929 1781 965 10

252 989 533 1046 προτείνουσιν
556 986 582 1043 ἢ
610 988 684 1044 τὴν
712 993 788 1032 τοῦ
821 993 959 1033 κοινοῦ
979 992 1098 1046 σφῶν
1115 990 1328 1046 συνεδρίου
1353 986 1605 1046 πρόσταξιν,
1641 991 1728 1034 ἐπεὶ

202 1064 232 1098 Β
256 1057 501 1101 τούντεῦθεν
529 1058 596 1100 καὶ
625 1055 787 1108 τούτοις
811 1062 896 1101 τῶν
924 1058 1146 1113 αἰσχίστων
1174 1057 1300 1115 ἔργων
1319 1058 1556 1113 μετέμελεν,
1593 1058 1727 1110 ἱκέτας

254 1131 330 1170 τοῦ
352 1130 499 1170 λοιποῦ
521 1125 612 1169 ἀντ’
641 1126 896 1171 ἀντιστατῶν
917 1125 994 1182 εἶχε
1016 1128 1084 1170 καὶ
1103 1126 1306 1177 εὐπειθεῖς
1324 1126 1428 1184 πρὸς
1448 1125 1610 1184 εῗρῆνην
1628 1127 1728 1179 τοὺς

254 1197 349 1253 πρὶν
371 1196 605 1250 ἐχθίστους,
636 1198 670 1239 εἲ
691 1193 852 1239 λύοιντο
871 1195 924 1239 τὰ
941 1195 1110 1254 ἐνέχυρα
1123 1209 1135 1221 ·
1163 1195 1238 1246 τὰς
1257 1196 1338 1253 γὰρ
1357 1196 1539 1247 σπονδὰς
1559 1198 1628 1240 καὶ
1648 1196 1726 1240 αὗ-

254 1264 354 1314 1013,-
373 1264 531 1317 θέλειν,
565 1265 631 1306 καὶ
652 1264 791 1316 ἀξιοῦν
811 1266 875 1308 ἐπὶ
895 1262 1067 1315 ταύταις
1087 1265 1361 1321 ἐπιταχθῆναι
1370 1298 1385 1319 ,
1415 1265 1624 1320 λυομένων
1646 1263 1725 1322 μό·
1739 1268 1782 1305 15

254 1351 326 1376 νον
355 1337 439 1376 τῶν
473 1333 579 1376 κατὰ
598 1333 649 1376 τὰ
671 1333 838 1390 ἐνέχυρα
869 1332 1272 1392 διαμφισβητήσεων.
1341 1334 1465 1378 ταῦτ’
1491 1336 1633 1378 ἐκεῖνοι
1653 1351 1728 1390 με-

256 1399 556 1457 ταβαλλόμενοι
584 1403 872 1457 καθικέτευον,
910 1405 978 1446 καὶ
1007 1403 1203 1458 βασιλεὺς
1229 1401 1415 1447 κατένευε
1447 1403 1524 1454 τὰς
1545 1404 1609 1447 ἐπὶ
1624 1401 1729 1462 χρὸ-

258 1488 343 1522 νοις
369 1471 552 1521 σπονδιὶς
580 1472 869 1528 προσιέμενος,
907 1474 975 1515 καὶ
1003 1471 1113 1516 οὕτω
1130 1472 1349 1530 πρεσβείαν
1370 1469 1628 1527 στειλάμενος
1653 1472 1730 1523 τὰς

209 1552 238 1585 C
263 1540 464 1598 εἰρηνικὰς
481 1537 664 1595 ἔτάμετο.
710 1538 836 1592 πόνος
850 1540 928 1600 γὰρ
950 1539 972 1585 ὅ
993 1545 1076 1586 τῶν
1095 1545 1272 1600 Περσῶν
1291 1540 1449 1598 ἤπειγεν
1471 1540 1619 1596 ἄλλος,
1654 1559 1730 1585 κυ-

255 1695 401 1737 liberet‚
424 1696 647 1731 exercendae.
695 1699 799 1741 atque
823 1696 857 1731 hi
879 1696 1014 1742 quidem
1037 1697 1099 1731 sub
1122 1696 1259 1731 immani
1281 1694 1594 1739 scelestissimorum
1617 1693 1728 1731 sae‘vi-

258 1742 310 1776 tia
333 1746 526 1786 gementes,
562 1754 651 1788 quae
674 1743 717 1778 de
740 1743 856 1786 Scylla
878 1743 1056 1785 feruntur,
1088 1743 1415 1788 repraesentabant,
1446 1753 1566 1776 manus
1587 1747 1728 1788 proten-

259 1788 381 1822 dentes
404 1800 446 1822 ex
470 1788 619 1823 adversa
641 1788 717 1834 ripa
742 1789 992 1834 spectantibus,
1015 1794 1051 1823 et
1073 1788 1238 1823 luctuosis
1261 1788 1440 1823 eiulatibus
1462 1787 1728 1823 misericordiam

259 1834 491 1880 implorantes.
539 1835 686 1869 nondum
720 1835 793 1870 dies
823 1839 917 1870 totus
950 1835 1155 1877 effluxerat,
1188 1845 1263 1868 cum
1287 1834 1372 1868 haec
1394 1834 1548 1879 Augusto
1571 1834 1730 1869 nuntiata

260 1885 499 1926 expugnarunt
520 1881 772 1916 misericordem
796 1882 870 1917 eius
892 1881 1057 1924 animum,
1090 1885 1129 1916 ut
1152 1880 1348 1916 conveniret
1370 1891 1445 1915 cum
1465 1879 1535 1915 illis
1558 1880 1731 1915 carnifici-

261 1927 326 1961 bus
351 1927 394 1961 de
416 1929 507 1970 lytro
531 1927 728 1962 miserorum
751 1939 836 1974 quos
859 1929 1051 1970 vexabant,
1082 1939 1123 1962 ac
1146 1927 1263 1961 statim
1286 1926 1398 1962 missis
1420 1926 1465 1961 ad
1489 1926 1620 1971 piratas
1642 1937 1730 1974 qua-

260 1977 341 2007 tuor
361 1973 509 2008 millibus
531 1985 738 2009 nummorum
760 1973 915 2020 captivos
938 1974 981 2009 ab
1005 1973 1048 2008 iis
1071 1977 1209 2008 cunctos
1231 1973 1413 2018 reciperet.
1460 1983 1527 2018 quo
1549 1973 1643 2007 facto
1665 1971 1731 2007 mi-

261 2018 306 2053 sit
329 2019 371 2053 ad
396 2021 607 2065 praefectum
633 2020 733 2055 classi
755 2022 929 2063 Venetae,
961 2019 1021 2066 qui
1053 2031 1075 2054 a
1105 2031 1144 2054 se
1174 2019 1224 2053 illi
1246 2019 1446 2054 insolentem
1469 2018 1647 2054 amentiam
1668 2018 1731 2053 im·-

263 2064 513 2111 pudentemque
535 2066 711 2101 audaciam
734 2067 970 2112 exprobraret,
994 2065 1084 2111 quod
1107 2077 1183 2100 cum
1206 2077 1281 2100 eum
1305 2065 1349 2099 ad
1371 2064 1528 2100 viciniam
1549 2064 1645 2100 urbis
1668 2076 1732 2110 ap·-

263 2110 397 2155 pulsum
422 2112 632 2156 oportuisset
655 2113 785 2157 legatos
809 2113 853 2147 ad
877 2124 915 2147 se
937 2112 1096 2154 mittere,
1131 2124 1173 2146 ac
1206 2123 1295 2158 quae
1317 2112 1460 2147 haberet
1482 2111 1526 2145 de
1546 2110 1732 2145 communi-

261 2156 327 2190 bus
351 2158 496 2201 negotiis
520 2163 556 2193 et
577 2159 722 2204 propriis
745 2158 931 2194 rationibus
954 2158 1137 2194 tractanda
1159 2169 1346 2204 exponere,
1374 2157 1449 2204 ipse
1472 2161 1591 2191 eontra
1611 2156 1731 2191 ducem

263 2212 305 2236 se
328 2213 370 2236 ac
392 2203 592 2248 stipatorem
614 2205 804 2240 latronibus
827 2205 995 2248 dedisset,
1028 2205 1072 2239 iis
1095 2216 1134 2239 se
1157 2204 1365 2246 admiscens,
1390 2209 1426 2238 et
1446 2202 1559 2238 saevis
1580 2201 1730 2248 ipsorum

264 2248 534 2291 grassationibus
569 2262 767 2296 cooperans.
814 2252 899 2286 haec
926 2251 1051 2286 Veneti
1076 2251 1253 2286 audientes
1275 2249 1359 2284 nihil
1381 2249 1474 2284 aliud
1494 2247 1587 2294 quod
1607 2247 1731 2282 obten-

263 2293 385 2328 derent
406 2294 598 2330 habuerunt
619 2309 720 2342 quam
744 2298 938 2332 mandatum
960 2301 1100 2332 senatus
1121 2297 1287 2343 ipsorum:
1318 2306 1396 2329 mox
1417 2299 1530 2329 tamen
1558 2292 1729 2335 nonnullo,

262 2342 303 2373 ut
326 2341 526 2385 apparebat,
550 2342 679 2386 pudore
702 2344 846 2385 confusi,
874 2356 915 2379 ac
938 2342 1147 2389 poenitentia
1169 2340 1318 2386 correpti
1339 2338 1611 2384 turpissimorum
1633 2341 1730 2374 acto-

264 2396 359 2427 rum,
392 2386 564 2431 supplices
587 2398 625 2421 se
649 2388 809 2434 deinceps
831 2390 984 2434 Augusto
1008 2389 1246 2428 subiecerunt,
1268 2386 1327 2432 qui
1348 2386 1512 2420 hactenus
1534 2384 1730 2419 adversarii

262 2431 483 2466 obstiterant.
529 2432 763 2477 significarunt
793 2446 830 2470 se
867 2447 910 2469 ex
942 2435 1039 2469 modo
1071 2432 1306 2468 infensissimis
1331 2441 1455 2477 pronos
1477 2441 1565 2465 nunc
1586 2431 1662 2466 fore
1683 2430 1729 2465 ad

264 2477 355 2511 bona
386 2477 455 2511 fide
486 2476 668 2513 ineundum
695 2480 788 2524 pacis
822 2480 964 2522 foedus,
996 2478 1174 2514 dummodo
1195 2479 1339 2523 pignora
1359 2476 1599 2511 liberarentur.
1646 2487 1731 2511 con-

263 2523 414 2557 cordiam
437 2523 525 2558 enim
549 2536 622 2559 cum
644 2525 785 2570 imperio
809 2537 926 2560 eorum
947 2525 1154 2570 reipublicae
1177 2522 1317 2569 probari
1338 2525 1374 2556 et
1395 2522 1554 2567 placere3
1577 2534 1619 2559 ac
1640 2521 1730 2558 velle

266 2580 305 2603 se
336 2580 502 2604 renovare
532 2570 622 2604 illam
653 2571 771 2605 iisdem
803 2571 926 2617 quibus
955 2571 1033 2605 olim
1057 2569 1239 2605 coaluisset
1260 2567 1510 2604 conditionibus
1530 2568 1623 2603 ultro
1645 2568 1730 2603 sub-

266 2615 396 2650 eundis.
442 2627 540 2650 unam
564 2618 702 2651 obstare
725 2617 993 2651 controversiam
1015 2617 1058 2652 de
1080 2615 1292 2661 pignoribus,
1315 2625 1383 2660 qua
1399 2615 1536 2650 sublata
1556 2613 1639 2650 nihil
1660 2614 1730 2648 iam

267 2660 497 2706 impedimenti
528 2663 678 2697 futurum
710 2662 768 2698 sit.
815 2663 988 2698 addebant
1017 2673 1136 2707 preces
1167 2665 1207 2696 ut
1229 2660 1419 2696 consentire
1441 2660 1475 2695 in
1497 2659 1729 2695 remissionem

266 2707 446 2752 pignorum
467 2707 652 2754 imperator
674 2709 798 2750 vellet;
822 2708 913 2755 quod
936 2711 972 2742 et
995 2709 1037 2742 ab
1061 2707 1120 2742 illo
1143 2707 1381 2753 impetrarunt,
1405 2706 1607 2741 admittente
1619 2706 1731 2741 libeu-

266 2758 322 2787 ter
352 2765 394 2788 ac
428 2753 498 2789 suis
519 2755 621 2790 rebus
642 2755 827 2801 expetibile
851 2755 994 2789 ducente
1023 2753 1143 2788 foedus
1167 2754 1257 2799 quod
1278 2753 1328 2788 illi
1350 2752 1544 2788 offerebant
1564 2752 1602 2786 in
1623 2760 1731 2786 anuos

264 2799 438 2843 plurimos.
483 2799 577 2836 misit
600 2812 682 2846 ergo
705 2801 908 2847 legationem
930 2800 974 2835 ad
997 2800 1168 2842 Venetos,
1190 2811 1279 2845 quae
1302 2799 1346 2833 de
1367 2798 1462 2844 pacis
1481 2809 1556 2833 oum
1577 2797 1621 2833 iis
1642 2796 1730 2850 legis

265 2844 330 2880 bus
353 2845 562 2893 conveniret,
587 2846 638 2883 ita
659 2851 741 2882 tunc
764 2851 907 2894 cogente
931 2846 1126 2882 calamitate
1147 2845 1386 2891 urgentissima
1406 2845 1570 2880 tumultus
1586 2843 1729 2883 Persici,
