1858 3126
271 128 368 175 618
682 128 915 173 GEORGII
947 129 1291 176 PAGHYMERIS

271 239 458 295 εὐλαβές,
496 240 563 282 καὶ
594 236 743 291 ἄλλους
761 240 836 295 μὲν
855 246 1058 286 καθιστᾶν
1081 243 1123 287 ἓν
1146 243 1306 296 ἄλλοις,
1324 277 1326 279 -
1341 247 1544 302 μοναχοῦς
1565 247 1610 290 δὲ
1627 265 1707 302 μο-

270 309 469 366 νοφαγίαν
499 306 594 350 κατ’
617 306 785 359 ἔννάτας
812 309 870 352 δι’
896 309 1011 361 ἔτους
1031 311 1190 364 ἀσκεῖν,
1226 313 1319 366 δίχα
1337 313 1474 366 με’ντοι
1492 313 1704 368 σαββάτου

222 386 254 421 C
275 379 341 421 καὶ
358 379 561 432 κυριακῆς.
595 374 694 420 ὅθεν
712 378 763 432 δὴ
782 380 848 420 καὶ
862 379 955 434 τρία
971 380 1015 421 ἐκ
1031 384 1106 422 τοῦ
1123 378 1354 423 ἀκολούθου
1372 380 1426 423 τὰ
1439 383 1560 435 μείζω
1575 388 1707 426 ταῦτα

270 448 595 500 πλημμελεῖσθαι
614 446 830 499 ξυνέβαινε,
859 446 960 502 πρὸς
977 451 1037 505 τῷ
1058 449 1124 490 καὶ
1142 447 1326 502 πατέρων
1344 446 1496 498 τύπους
1515 448 1708 504 ἀρχαίους

270 510 567 566 ἀλλάσσεσθαι,
603 511 730 567 οἶμαι,
761 520 847 564 τοῖς
864 514 1154 571 ἄμελεστέροις,
1179 517 1465 572 λαθροφαγιάν
1483 516 1741 572 ἀπληστίανὸ

270 597 316 625 τε
343 582 410 624 καὶ
440 579 543 637 ὑπὲρ
570 580 617 623 τὸ
644 581 736 625 δέον
766 589 851 632 τοῖς
878 581 1131 637 ἑστιωμένοις
1151 586 1282 639 δείλης
1305 584 1430 638 ὀψίας
1438 617 1452 636 ,
1487 586 1553 627 καὶ
1571 585 1708 640 τρίτον

269 649 318 693 τὸ
342 654 706 707 παραθεωρεΐσθαι
729 649 805 699 τὰς
826 652 976 700 θυσίας
1005 651 1079 701 τὰς
1106 652 1303 705 μυστικὰς
1321 659 1407 702 τοῖς
1425 652 1504 706 ὀψὲ
1521 653 1708 706 σιτουμέ-

269 734 367 767 νοις.
436 717 628 772 ἀγλευκὴς
658 718 703 760 δὲ
730 725 815 767 τοῖς
845 723 967 761 πᾶσιν
993 718 1119 762 ἐδόκει
1150 722 1216 762 καὶ
1237 720 1382 776 ἄχαρις
1389 751 1404 773 ,
1439 720 1487 763 τὸ
1506 722 1594 777 περὶ
1612 720 1708 769 τοὺς

269 783 421 841 νόμους
445 785 606 834 ἐπιεικὲς
625 785 726 840 μηδ’
751 785 851 841 ὄναρ
873 784 1004 835 εἲδιῦς.

131 859 161 893 Ρ
183 859 249 895 431
409 851 492 898 24.
552 850 600 895 ‘O
629 852 766 907 μέντοι
795 870 837 909 γε
866 853 1056 907 βασιλεὺς
1074 859 1131 913 τῷ
1152 857 1336 910 δυσχερεῖ
1352 852 1610 908 πανταχόθεν
1625 858 1707 898 τῶν
1720 861 1763 896 10

270 919 519 978 πραγμάτων
556 920 943 976 ἆντιπαλαμώμενος
979 922 1121 976 πέμπει
1155 925 1227 976 μὲν
1260 923 1330 965 τὸν
1360 922 1545 978 γαμβρὸν
1579 922 1707 965 αὐτοῦ

270 989 507 1034 Κασσιανὸν
525 990 592 1031 καὶ
611 990 653 1039 ἐξ
674 987 903 1043 ἀξιώματος
924 990 1048 1046 μέγαν
1069 989 1324 1045 πριμικήριον
1350 990 1428 1033 ἀνὰ
1446 990 1497 1033 τὰ
1514 989 1617 1044 μέρη
1636 994 1710 1044 τῆς

271 1058 559 1107 111εσοθινίας,
594 1056 664 1112 ἐφ’
693 1052 800 1115 ᾧπερ
829 1059 894 1099 καὶ
930 1056 984 1107 ὥς
1009 1058 1092 1112 ἔχοι
1114 1058 1164 1101 ἂν
1186 1058 1300 1100 τάκεῖ
1316 1062 1540 1100 καθιστᾶν·
1575 1057 1621 1106 ὃς
1641 1058 1709 1100 καὶ

273 1125 412 1182 καιρὸν
428 1126 648 1179 διατρίψας
664 1126 705 1167 ἐν
723 1132 809 1174 τοῖς
829 1126 910 1168 ἐκεῖ
920 1127 1130 1181 φρουρίοις
1140 1158 1152 1177 ,
1177 1126 1258 1168 ἐπεὶ
1276 1126 1387 1176 ἔδοξε
1407 1129 1459 1181 τῇ
1478 1128 1609 1182 βουλῇ
1628 1121 1708 1179 φό-

167 1232 171 1235 .
221 1205 250 1239 Β
274 1211 371 1250 ρους
397 1192 562 1248 ἐκλέγειν
594 1193 638 1235 ἐκ
669 1198 750 1236 τῶν
782 1198 1036 1248 κτηματικῶν
1059 1193 1155 1243 τούς
1179 1192 1391 1247 συνήθεις,
1423 1192 1484 1236 ἵν’
1505 1191 1579 1236 εἶεν
1595 1186 1708 1237 οὗτοι
1720 1198 1761 1234 15

271 1266 331 1320 τῷ
349 1263 431 1304 ἐκεῖ
447 1265 722 1320 στρατιωτικῷ
742 1263 798 1310 εἷς
815 1258 1015 1314 μισθούς,
1053 1260 1236 1316 ἐκεῖνοςῆ
1257 1263 1611 1316 καταδημαγωγῶν
1636 1259 1709 1303 τὸν

270 1328 396 1382 λαόν,
432 1328 459 1383 ἢ
491 1330 557 1371 καὶ
585 1327 684 1372 ἄλλο
716 1330 758 1372 τί
783 1329 821 1371 οἱ
845 1327 991 1381 δόξαν,
1024 1329 1095 1372 τὸν
1114 1331 1169 1379 εἷς
1186 1334 1308 1372 τοῦτο
1330 1329 1570 1385 πεμφθέντα
1591 1330 1709 1382 Βαρ-

270 1400 399 1451 δαλῆν
430 1397 642 1450 κατασχών
671 1401 838 1446 πολλαῖς
865 1405 953 1446 ταῖς
982 1401 1151 1452 πληγαῖς
1173 1394 1354 1451 ἱμάσσει,
1390 1397 1626 1450 καὶμᾶλλον
1645 1394 1708 1437 ὅτι

268 1463 441 1521 φθάσας
461 1467 682 1520 Βαρδαλῆς
704 1463 958 1522 προσήγγειλε
977 1469 1142 1519 βασιλεῖ
1156 1465 1208 1507 τὰ
1222 1466 1404 1522 χείριστα
1425 1462 1520 1507 κατ’
1541 1463 1704 1514 ἐκείνου,

264 1621 323 1650 tur
350 1614 433 1649 alios
465 1615 661 1656 amovebat,
700 1615 788 1654 alios
820 1616 1040 1660 praeficiebat
1071 1616 1211 1657 officiis,
1255 1617 1341 1650 citra
1372 1619 1563 1661 respectum
1593 1614 1704 1649 ullum.

265 1661 443 1695 monachos
466 1672 543 1694 vero
566 1659 776 1694 severissime
797 1663 940 1705 cogebat
971 1666 1042 1695 toto
1073 1674 1158 1696 anno
1188 1661 1359 1703 ieiunare,
1387 1661 1492 1696 semel
1511 1661 1547 1694 in
1568 1660 1623 1694 die
1643 1672 1706 1694 nec

264 1707 349 1740 hora
375 1705 468 1751 prius
490 1717 579 1740 nona
601 1706 823 1748 comedendo,
858 1707 1009 1751 exceptis
1031 1707 1172 1741 sabbato
1196 1711 1231 1740 et
1253 1706 1427 1741 dominica.
1472 1706 1560 1742 unde
1586 1706 1707 1740 multos

266 1752 376 1786 minus
407 1752 566 1785 robustae
595 1752 730 1785 virtutis
758 1751 968 1786 imbecillitas
999 1753 1142 1787 bumana
1174 1752 1354 1796 subigebat
1386 1752 1422 1786 in
1451 1752 1519 1786 tria
1540 1751 1706 1796 quaedam

266 1809 333 1832 non
364 1807 483 1842 parum
513 1797 726 1831 abhorrentia
759 1808 781 1830 a
813 1797 909 1832 scitis
940 1803 1071 1843 patrum
1103 1797 1172 1832 labi
1202 1797 1353 1842 piacula,
1387 1797 1526 1842 primum
1556 1797 1600 1830 ad
1623 1796 1707 1832 clam

266 1843 477 1887 usurpandas
507 1843 723 1876 comestiones
753 1843 918 1884 furtivas,
953 1843 1071 1876 deinde
1097 1843 1140 1878 ad
1164 1843 1387 1877 excedendum
1409 1842 1443 1876 in
1465 1843 1536 1883 his,
1570 1841 1708 1875 licentia

266 1888 390 1923 secreti
413 1899 475 1933 per
497 1888 654 1922 tenebras
676 1891 875 1930 nocturnas,
906 1888 1042 1922 debitae
1065 1889 1194 1924 modum
1216 1888 1476 1932 temperantiae,
1498 1886 1641 1932 deniqne
1662 1885 1708 1921 ad

266 1934 493 1967 irreverenter
515 1933 735 1967 assistendum
757 1933 907 1977 mysticis
929 1945 1026 1967 mane
1049 1933 1229 1968 celebratis
1251 1933 1446 1974 sacrificiis,
1469 1944 1557 1978 quae
1578 1932 1708 1966 seilicet

268 1978 440 2013 nocturnis
462 1978 658 2023 ingurgitati
681 1979 975 2013 comessationibus
997 1979 1085 2024 pleni
1108 1980 1216 2012 adbuc
1238 1979 1375 2023 crapula
1392 1979 1546 2020 obirent,
1566 1978 1709 2012 immane

269 2029 431 2068 quantum
461 2024 628 2058 indecenti
659 2028 694 2058 et
725 2036 746 2058 a
777 2025 883 2059 forma
905 2024 1131 2059 ecclesiastica
1154 2025 1288 2069 antiqua
1310 2024 1537 2067 degenerante
1557 2023 1707 2057 ministe—

270 2070 332 2103 rio.
378 2070 492 2103 horum
526 2074 637 2103 tamen
670 2069 862 2114 patriarcha
892 2081 1031 2104 securus
1063 2071 1222 2110 omnium,
1258 2071 1420 2114 pergebat
1454 2068 1609 2103 instituta
1639 2067 1707 2109 via,

271 2118 413 2148 cunctos
435 2115 610 2148 fastidiose
631 2115 839 2159 despiciens,
870 2115 990 2149 nemini
1013 2127 1079 2149 non
1101 2115 1309 2150 stomachose
1331 2115 1472 2151 acerbus
1493 2113 1614 2154 obvio,
1645 2114 1707 2146 be-

272 2160 394 2203 nignae
416 2160 723 2194 accommodationis
746 2161 856 2205 legum
879 2161 924 2194 ad
945 2161 1169 2195 infirmitatem
1201 2160 1385 2201 hominum,
1418 2170 1521 2204 quam
1552 2157 1703 2202 epiikiam

269 2208 413 2257 vocant,
444 2216 487 2238 ne
516 2216 579 2250 per
609 2205 769 2240 somnium
790 2206 923 2252 quidem
946 2218 1088 2252 unquam
1110 2206 1200 2240 visus
1223 2205 1457 2250 cogitationem
1478 2204 1577 2238 ullam
1599 2202 1704 2237 admi-

267 2261 362 2284 sisse.

360 2293 415 2327 24.
462 2294 642 2329 Caeterum
674 2297 855 2340 imperator
885 2296 1035 2332 adversis
1058 2297 1201 2341 undique
1222 2294 1472 2340 ingruentibus,
1503 2303 1571 2337 qna
1592 2291 1628 2325 vi
1650 2294 1704 2326 at-

268 2350 337 2385 que
367 2338 532 2373 industria
562 2344 719 2384 poterat,
749 2353 928 2375 occurrens
961 2341 1052 2376 misit
1082 2343 1116 2375 in
1149 2347 1263 2386 partes
1295 2338 1516 2373 Mesothiniae
1545 2348 1704 2381 generum

268 2395 364 2419 suum
387 2383 581 2418 Cassianum
594 2411 604 2428 ‚
641 2387 801 2421 vocabulo
838 2387 1010 2430 diguitatis
1033 2398 1100 2432 qua
1121 2387 1299 2429 insignitus
1321 2387 1394 2418 erat
1417 2393 1568 2426 magnum
1589 2382 1702 2426 primi-

267 2429 391 2463 cerium
425 2429 568 2471 dictum,
603 2435 641 2462 ut
674 2441 729 2463 res
759 2432 827 2465 illic
859 2432 1049 2466 laborantes
1072 2442 1138 2476 quo
1160 2434 1273 2475 posset
1294 2429 1389 2463 modo
1412 2431 1627 2462 sustentaret.
1671 2429 1702 2461 is

266 2487 340 2508 eum
363 2474 396 2507 in
421 2474 553 2508 arcibus
576 2474 646 2508 eius
668 2478 796 2508 tractus
817 2476 985 2521 aliquanto
1006 2476 1125 2510 fuisset
1145 2481 1295 2520 tempore
1317 2478 1484 2514 moratus,
1504 2473 1704 2517 interimque

267 2521 439 2554 decretum
472 2519 597 2552 exisset
628 2520 836 2563 imperatorii
867 2522 1010 2562 consilii,
1043 2533 1111 2565 quo
1141 2530 1296 2564 agrorum
1317 2518 1384 2556 illic
1406 2529 1616 2562 possessores
1638 2518 1703 2552 tri·

268 2566 352 2599 buta
373 2563 518 2610 pendere
551 2572 709 2598 consueta
741 2564 962 2607 iubebantur,
992 2578 1080 2611 quae
1113 2566 1146 2598 in
1176 2563 1344 2609 stipendia
1374 2563 1581 2597 militantium
1602 2562 1638 2597 in
1661 2574 1702 2597 ea

268 2610 442 2655 provincia
465 2609 635 2654 copiarum
656 2609 799 2653 expendi
821 2610 1003 2653 deberent,
1037 2611 1092 2644 vel
1115 2609 1279 2644 demereri
1300 2609 1414 2642 volens
1436 2609 1612 2653 populum,
1647 2607 1701 2643 vel

268 2655 381 2689 nescio
402 2654 480 2700 quid
503 2655 592 2690 aliud
615 2659 768 2694 secutus,
799 2656 985 2699 profectum
1007 2656 1084 2689 illuc
1107 2655 1152 2689 ad
1174 2655 1209 2687 id
1231 2653 1375 2696 vectigal
1397 2654 1593 2698 exigendum
1614 2653 1701 2687 Bar-

268 2701 376 2734 dalem
410 2701 677 2745 comprehensum
709 2700 819 2734 multis
846 2700 954 2746 plagis
985 2701 1119 2740 affecit,
1153 2700 1300 2734 infensus
1321 2699 1398 2732 huic
1419 2699 1583 2740 maxime,
1612 2698 1701 2742 quod

269 2751 447 2792 acceperat
478 2746 630 2792 graviter
659 2746 854 2782 infamatum
875 2758 913 2782 se
934 2747 977 2781 ab
1000 2758 1042 2782 eo
1065 2746 1170 2780 fuisse
1191 2744 1281 2791 apud
1302 2745 1508 2789 Augustum,
1542 2744 1595 2779 cui
1617 2744 1701 2779 Bar-
