1774 3120
319 194 396 240 DE
425 191 751 238 ANDRONICO
778 190 1154 236 PALAEOLOGO
1183 190 1232 236 1..
1260 189 1297 236 1.
1471 189 1537 237 17

74 308 169 367 περὶ
188 307 338 353 ἐκεῖνον
360 308 407 352 ἔκ
434 311 510 351 τοῦ
537 310 791 365 παραχρῆμα
818 304 1052 356 πεισθέντες
1076 301 1205 359 μόνον
1223 303 1271 348 οὗ
1291 300 1536 362 κατήπειγον

73 378 153 436 τὴν
174 375 377 432 ἀνάβασιν
384 408 399 430 ,
440 377 481 419 οἱ
507 377 583 430 μὲν
613 373 671 426 ὥς
701 374 754 417 ι’ἷν
781 391 823 430 γε
845 374 899 417 τὰ
922 378 996 428 τῆς
1024 374 1237 429 ἐκκλησίας
1254 376 1385 429 δῆθεν
1403 391 1534 418 κατα·

77 444 262 502 στήσωσι
276 443 499 503 πράγματα
519 448 596 487 τοῦ
615 443 721 487 κατὰ
740 442 811 486 τὸν
827 440 969 485 πάπαν
985 443 1186 492 λυθέντος
1203 441 1461 495 σκανδάλου,
1495 442 1537 486 οἳ

74 516 123 558 δὲ
141 512 199 566 ὦς
221 515 273 559 ἂν
301 516 371 557 καὶ
387 517 524 556 πλεῖον
549 517 623 556 τοῦ
645 508 798 562 εῗκότος
824 514 1116 566 κατεπαρθεῒεν
1140 512 1211 553 καί
1225 511 1267 566 y’
1289 508 1539 568 ἀνακαθάρ-

42 595 162 633 εσεις
188 586 268 637 μὲν
298 583 534 637 ἐκκλησίας,
577 578 822 636 ἀπομόρξεις
851 578 896 622 δ’
938 579 1099 621 ἐκείνων
1136 580 1203 621 καὶ
1231 579 1349 634 ἱερῶν
1378 580 1529 633 ἄλλων,

24 681 28 684 «
72 650 320 707 ἐπιτιμήσεις
334 652 380 694 δὲ
395 652 463 692 καὶ
483 646 667 699 κολάσεις
683 652 765 692 τῶν
778 653 853 703 τῆς
869 647 1082 702 ἐκκλησίας
1099 649 1311 697 πείθοντες
1328 646 1531 705 πατριάρ-
1553 655 1587 692 1)

69 736 150 775 χην
170 718 370 763 τελέσειαν
389 713 514 776 (ἦσαν
532 717 574 761 δ’
591 712 704 760 οὗτοι
728 718 794 759 καὶ
813 719 972 771 μᾶλλον
996 713 1018 758 ὃ
1040 719 1082 758 Γ
1078 714 1309 770 αλησιῶτης
1326 733 1369 758 τε
1390 719 1430 758 Γ
1426 721 1534 759 αλα-

72 789 196 831 κτίων
213 789 281 831 καὶ
300 785 322 830 ὅ
341 787 567 838 Μελίτιος,
599 784 645 836 ὃς
667 787 733 828 καὶ
755 785 890 841 ἅγιος,
921 782 942 827 ὅ
963 784 1005 826 ἓν
1031 788 1084 840 τῇ
1106 788 1211 840 penny-'l'
1234 789 1307 827 τοῦ
1327 782 1442 840 ἁγίου
1463 787 1533 828 καὶ

72 857 234 900 δικαίου
249 854 454 913 Λαζάρου
474 855 673 909 κείμενος,
711 848 768 897 ὧν
788 851 810 896 ὅ
829 854 904 907 μὲν
922 852 1111 908 στέρησιν
1132 850 1328 906 ὀμμάτων
1349 851 1371 896 ὃ
1394 853 1436 895 δ’
1465 855 1534 896 ε’κ-

19 923 205 980 ιοτομῆν
229 920 411 979 γλώττης
442 923 669 975 πέπονθεν,
707 921 776 964 ἐπ’
807 922 956 970 αῗτίαις
985 919 1006 964 ὅ
1028 921 1102 974 μὲν
1130 919 1331 975 ψεύδους,
1371 919 1426 971 ὥς
1451 922 1534 965 ἴδοι

71 993 246 1046 βασιλέα
274 992 399 1046 λέγων
428 989 595 1045 ἀζύμοις
624 993 679 1041 εἷς
704 988 905 1046 ἇγιασμόν
929 986 1165 1044 χρώμενον,
1220 988 1296 1044 τὴν
1326 990 1532 1046 ἀνατολὴν

73 1059 353 1117 διερχόμενος,
394 1057 417 1103 ὅ
438 1059 482 1102 δ’
500 1058 659 1115 ὕβρεως
670 1090 683 1110 ,
716 1058 939 1101 Ἰουλιανὸν
964 1057 1088 1100 ἄλλον
1115 1057 1188 1100 τὸν
1212 1059 1386 1111 βασιλέα
1408 1059 1533 1102 εἰπὼν

78 1129 186 1172 κατὰ
213 1127 478 1184 πρόσωπον),
525 1126 547 1170 ὁ
574 1126 767 1180 βασιλεὺς
801 1126 921 1169 ἔνθεν
946 1126 1021 1179 μέν
1050 1125 1313 1169 ἀποστέλλων
1342 1127 1414 1170 τὸν
1450 1145 1533 1170 πα-

71 1201 344 1253 τριαρχοῖντα
356 1195 549 1251 Ἰωάννην
571 1196 646 1250 τὴν
671 1196 821 1238 ἐκείνου
842 1194 1072 1249 ἀπελογεῖτο
1100 1192 1353 1250 παρόρασιν,
1390 1194 1445 1246 ὦς
1459 1197 1533 1256 βίᾳ

21 1267 145 1314 fixa}
174 1266 218 1317 ἐξ
247 1263 424 1322 ἀνάγκης
456 1264 762 1321 γεννησομένην.
841 1262 890 1306 τὸ
924 1262 1003 1321 γὰρ
1031 1263 1075 1305 ἔκ
1106 1267 1268 1307 πολλῶν
1298 1262 1531 1308 σκάνδαλον
1555 1275 1583 1311 Ρ
1607 1276 1630 1311 8

164 1373 222 1410 13.
243 1371 335 1419 τόν]
357 1371 452 1420 πρός
473 1371 568 1409 uir?

71 1474 150 1510 dem
170 1474 228 1510 ille
249 1475 268 1521 (
291 1474 359 1510 uod
381 1486 448 1510 non
471 1475 548 1509 erat
567 1474 719 1520 ignotum
735 1472 929 1520 Augustae)
942 1484 1147 1519 magnopere
1167 1475 1341 1511 nitebatur
1361 1475 1534 1513 adducere

70 1521 252 1566 Iosepbum
268 1487 449 1568 decrepita
471 1525 585 1555 aetate
606 1521 664 1555 vix
686 1520 871 1566 spirantem
904 1521 949 1554 ad
970 1521 1079 1555 denuo
1103 1523 1345 1566 capessendum
1368 1523 1534 1558 ecclesiae

69 1566 241 1612 regimen,
275 1572 379 1613 atque
399 1567 465 1601 hoc
484 1570 525 1600 ut
545 1566 618 1600 seni
639 1567 835 1601 moribundo
856 1567 1079 1611 persuaderet
1099 1567 1272 1612 replicatis
1295 1567 1367 1602 sine
1388 1569 1457 1603 fine
1478 1570 1535 1603 in-

70 1612 228 1654 stantiis,
256 1617 349 1648 totas
378 1613 468 1658 apud
491 1625 564 1647 eum
589 1612 749 1657 exigebat
773 1617 914 1654 noctes,
947 1612 982 1646 in
1005 1624 1072 1658 quo
1092 1612 1185 1646 illum
1209 1614 1364 1659 partiarii
1383 1614 1534 1659 Iosephi‚

69 1657 261 1694 schismatis
288 1659 412 1700 duces,
443 1670 509 1693 non
532 1658 763 1702 perfunctorie
784 1658 965 1699 iuvabant,
995 1658 1123 1704 quippe
1153 1658 1196 1692 ad
1219 1670 1359 1704 quorum
1382 1661 1535 1694 rationes

69 1707 215 1750 etspem
236 1704 450 1739 rescindendi
473 1704 598 1749 negotii
621 1703 821 1738 concordiae
844 1707 1189 1749 peraccommodatum
1210 1705 1247 1738 id
1270 1705 1356 1749 ipsis
1378 1706 1454 1739 iure
1475 1706 1534 1739 vi-

70 1749 222 1784 deretur.
269 1761 351 1796 ergo
376 1762 450 1784 cum
463 1751 506 1784 ad
529 1750 666 1795 Iosephi
687 1749 896 1784 familiarium
918 1749 1102 1794 flagrantia
1126 1750 1199 1783 eius
1221 1751 1447 1785 restitutionis
1469 1751 1533 1786 de-

69 1795 197 1830 sideria
216 1806 321 1840 aegre
344 1807 386 1831 ac
406 1796 541 1830 taudem
563 1796 671 1841 ipsius
693 1807 827 1841 qnoque
850 1795 1043 1829 debilissimi
1064 1795 1154 1829 senis
1176 1807 1334 1830 assensus
1365 1797 1534 1831 accessis—

70 1845 147 1885 set,
177 1841 294 1876 statim
316 1853 430 1877 omnes
453 1842 595 1876 arrectis
618 1841 738 1876 animis
765 1841 922 1875 factionis
948 1852 1064 1886 pacem
1086 1841 1243 1875 Latinam
1265 1854 1332 1876 non
1355 1842 1534 1887 probantis

70 1886 283 1931 antesignani
303 1888 394 1922 ultro
416 1888 543 1922 instare
570 1887 660 1932 apud
681 1887 906 1921 Andronicum
929 1887 1237 1929 vehementissime,
1269 1899 1313 1922 ne
1335 1899 1436 1932 quam
1458 1899 1534 1921 mo-

71 1943 144 1967 ram
165 1937 236 1967 tam
257 1933 387 1968 salubri
407 1945 449 1968 ac
471 1933 664 1968 necessario
677 1957 687 1974 ,
717 1938 757 1966 ut
780 1933 930 1974 aiebant,
951 1933 1091 1966 consilio
1114 1933 1356 1977 interponeret.
1400 1933 1441 1967 In
1463 1944 1533 1978 qua

72 1978 235 2012 communi
255 1990 361 2024 opera
389 1980 518 2024 negotii
549 1978 693 2024 urgendi
724 1990 805 2013 suas
837 1980 962 2024 quique
983 1979 1137 2012 diversas
1158 1990 1236 2023 spes
1258 1983 1295 2012 et
1316 1982 1399 2012 vota
1421 1979 1533 2014 variis

71 2022 255 2058 affectibus
287 2030 514 2059 consentanea
544 2026 784 2070 sequebantur.
840 2025 1059 2070 quorumdam
1094 2023 1150 2056 hic
1180 2034 1266 2057 unus
1295 2035 1418 2068 scopus
1442 2028 1533 2067 erat,

70 2068 255 2103 restituere
274 2068 309 2103 in
331 2070 506 2115 pristinum
532 2075 657 2105 statum
690 2082 747 2104 res
776 2069 943 2104 ecclesiae
966 2074 1076 2102 amoto
1100 2079 1211 2114 papae
1232 2069 1338 2114 agniti
1359 2070 1532 2104 scandalo.

70 2114 127 2148 alii
149 2113 214 2148 hoc
233 2113 364 2148 minime
386 2115 536 2150 contenti
556 2127 635 2169 spes
656 2115 908 2150 immoderatius
929 2115 1104 2155 tollebant,
1127 2114 1320 2160 effen-reque
1341 2126 1417 2150 sese
1438 2116 1530 2150 iusto

71 2158 173 2194 ultius
194 2159 464 2202 meditabantur,
499 2161 709 2195 destinantes
740 2163 808 2194 iam
842 2166 914 2195 tum
946 2160 1153 2204 expiationes
1185 2161 1349 2195 ecclesiae
1369 2165 1531 2206 tanquam

70 2204 266 2239 recentibus
289 2205 378 2239 actis
400 2206 560 2251 pollutae,
583 2206 837 2252 purificationes
859 2206 1036 2249 imaginum
1059 2210 1096 2240 et
1115 2217 1228 2240 rernm
1250 2218 1423 2240 sacrarum
1445 2207 1533 2241 alia-

71 2261 158 2293 mm,
179 2250 326 2296 denique
347 2262 475 2297 poenas
496 2262 621 2297 graves
642 2252 679 2286 in
700 2251 951 2286 ecclesiasticos
973 2251 1031 2296 qui
1060 2263 1180 2296 pacem
1201 2256 1442 2297 procurassent
1469 2256 1532 2288 ant

70 2295 108 2330 iu
130 2307 205 2330 eam
227 2296 494 2341 consensissent,
524 2308 565 2331 ea
587 2308 626 2331 se
647 2298 756 2331 omnia
789 2307 1013 2342 persuasuros
1034 2297 1200 2343 Iosepho,
1229 2297 1260 2331 si
1281 2309 1357 2332 eum
1380 2298 1533 2343 patriar-

70 2342 167 2376 cha·
189 2342 310 2376 iterum
334 2343 522 2385 baberent,
543 2343 762 2377 confidentes.
806 2343 892 2377 talia
920 2354 1005 2388 prae
1036 2342 1182 2377 caeteris
1210 2347 1325 2378 mente
1345 2345 1532 2379 versabant

71 2386 251 2422 Galesiota
281 2388 442 2422 Galactio
465 2393 503 2423 et
525 2389 704 2432 Melefius,
739 2387 799 2434 qui
819 2393 856 2422 et
877 2393 1014 2423 sanctus
1034 2389 1239 2430 vocabatur,
1269 2389 1304 2423 in
1326 2390 1531 2424 monasterio

71 2432 183 2467 sancti
211 2437 248 2468 et
277 2432 358 2468 iusti
379 2434 504 2469 Lazari
533 2435 697 2469 residens.
742 2445 882 2480 quorum
904 2434 962 2469 ille
990 2434 1124 2480 quidem
1147 2434 1442 2478 excaecationem,
1474 2435 1531 2470 hic

70 2488 153 2512 vero
174 2477 310 2523 linguae
332 2480 572 2514 abscissionem
593 2491 713 2526 passus
736 2486 833 2522 erat,
867 2479 903 2514 in
926 2491 1068 2525 poenam
1090 2480 1258 2525 posterior
1279 2481 1413 2525 quidem
1435 2492 1532 2515 men-

70 2523 158 2558 dacii
191 2535 258 2569 quo
289 2530 417 2559 temere
449 2526 679 2561 affirmaverat
710 2538 731 2561 a
763 2537 802 2560 se
832 2537 895 2572 per
926 2526 1103 2560 Orientem
1136 2526 1374 2571 peregrinante
1418 2527 1529 2560 visum

69 2568 195 2603 alicubi
214 2569 413 2605 Michaelem
435 2571 622 2616 Augustum
644 2572 774 2616 azymis
795 2577 943 2606 utentem
966 2571 1002 2606 in
1042 2571 1259 2618 perceptione
1288 2572 1530 2612 eucharistiae,

0 2655 1 2659 Ἰ
72 2614 169 2659 prior
199 2620 311 2650 autem
346 2618 567 2651 contumeliae
596 2619 702 2652 verbo
728 2618 866 2659 illatae,
894 2617 1095 2662 imperatori
1126 2628 1229 2651 ausus
1262 2617 1298 2651 in
1333 2628 1372 2650 os
1402 2616 1529 2661 impro-

0 2668 1 2702 ἦ
72 2669 195 2703 perure
217 2672 292 2696 esse
312 2660 404 2696 illum
434 2662 579 2697 alterum
599 2663 764 2698 Iulianum
786 2667 988 2709 apostatam.
1034 2667 1203 2696 caeterum
1233 2662 1442 2696 Andronicus
1465 2662 1530 2694 im-

73 2709 233 2749 perator,
277 2717 377 2752 quam
414 2707 470 2742 his
509 2709 553 2742 de
586 2710 697 2743 causis
729 2710 928 2744 moliebatur
953 2708 1055 2744 Vecci
1082 2708 1324 2753 depositionem
1347 2717 1447 2752 quam
1470 2705 1530 2739 mi·

73 2748 164 2783 nima
184 2750 219 2784 vi
239 2756 357 2796 posset
377 2763 420 2787 ac
441 2754 588 2798 strepitu
608 2754 841 2790 administrare
862 2753 997 2796 volens,
1030 2753 1211 2798 diligenter
1233 2753 1322 2797 apud
1338 2752 1447 2797 ipsum
1468 2761 1531 2785 ex-

73 2794 211 2828 cusavit
240 2807 304 2841 per
339 2803 452 2832 certos
479 2800 525 2833 ad
546 2799 610 2833 hoc
638 2800 804 2845 allegatos
826 2799 998 2843 homines,
1022 2799 1112 2833 nullo
1136 2810 1175 2832 se
1196 2798 1242 2832 ad
1264 2799 1330 2831 hoc
1355 2796 1530 2831 consilium

72 2838 149 2874 eius
168 2843 358 2888 contemptu
380 2847 441 2877 aut
462 2844 539 2878 odio
559 2844 700 2892 impelli,
720 2846 782 2882 sed
801 2845 951 2892 periculo
972 2843 1182 2890 reipublicae
1204 2846 1241 2877 et
1263 2852 1358 2878 mera
1378 2841 1531 2877 necessi-

127 2891 302 2939 Georgius
329 2894 554 2941 Pacbymeres
581 2896 632 2931 11.
1224 2893 1254 2932 2
