1858 3126
238 152 333 199 354
658 151 894 197 GEORGII
927 152 1280 199 PACHYMERIS

187 274 218 308 C
239 285 313 322 χον
334 264 515 321 ἐξωτέρω
535 263 632 314 τούς
653 263 943 319 σπουδαστάς,
979 268 1046 309 καὶ
1067 266 1165 317 τούς
1197 266 1335 311 αὐτῶν
1356 268 1529 327 -νεκροῦς
1546 268 1618 313 ἴσα
1637 270 1705 313 καὶ

238 333 491 391 ὃμολογητὰς
513 333 661 387 ἐτίμων
674 366 686 385 ,
727 336 793 377 καὶ
811 335 989 385 πολλοὺς
1008 337 1198 379 ἐντεῦθεν
1221 333 1464 394 ἐπήγοντο),
1493 336 1625 382 ἔννοιά
1643 355 1705 388 τις

240 402 373 461 ἐπῄει,
408 401 488 458 ἤδη
513 403 580 444 καὶ
607 409 693 453 τοῖς
712 406 920 459 λογισμοῖς
941 403 1071 447 αὐτοῦ
1095 406 1391 462 προκαθίσασα
1402 438 1416 458 ,
1447 404 1594 462 μήπως
1616 411 1705 466 θεῷ

239 475 388 516 δοκοῦν
410 471 461 514 τὰ
476 468 634 515 τούτων
655 469 676 514 ὅ
700 472 745 514 δὲ
764 472 816 515 τὰ
837 470 978 530 πόρρω
1000 470 1164 526 διώκοι,
1203 474 1270 516 καὶ
1293 467 1350 517 ὧν
1370 474 1470 524 ἴσως
1491 475 1705 519 τελεσθέν-

241 559 322 585 των
351 539 467 583 οὗὸἑν
498 538 686 595 ὄνήΐστον
714 540 894 596 γένοιτο,
943 543 1009 584 καὶ
1042 541 1109 584 διὰ
1137 541 1271 586 ταῦθ’
1306 540 1480 599 ὅδηγοῦν
1515 543 1563 587 τὸ
1591 549 1739 589 &erens

241 611 316 666 τὴν
345 613 418 652 τοῦ
443 606 633 651 Ἰωάννου
666 609 770 665 πρὸς
799 609 846 653 τὸ
870 607 1178 667 πατριαρχεῦειν
1206 611 1368 666 ἐμποιεῖ
1383 609 1564 669 νάρκην,
1596 612 1709 668 εὔχε-

191 686 223 720 D
249 683 330 737 ρῶς
353 678 683 734 παραιτουμένου
711 677 789 722 κάκ
818 683 892 735 τῆς
922 677 1128 734 τυχούσης
1148 677 1406 736 προφάσεως.
1477 685 1536 739 τῷ
1559 698 1622 724 τοι
1641 682 1710 724 καὶ

241 750 509 804 γνωσιμαχῶν
536 744 638 802 ὑπὲρ
666 744 847 800 τούτων,
886 750 953 790 καὶ
985 747 1049 792 ὅτι
1071 748 1207 797 ἄλλως
1228 745 1382 805 ἀνάγκη
1407 743 1458 804 ἦν
1486 750 1552 792 καὶ
1571 750 1709 807 τρίτον

242 818 305 859 ἐπὶ
343 817 435 858 δυσὶ
461 813 718 872 πατριάρχην
757 815 1102 873 ἔπικηρύττεσθαι
1136 817 1263 860 αὐτοῦ
1303 834 1346 874 γε
1381 818 1709 875 παραιτουμένου

243 885 350 941 ἤδη,
398 885 465 927 καὶ
499 883 546 926 τὸ
579 882 754 939 ἀπρεπὲς
782 883 1122 940 δυσωπούμενος,
1169 885 1270 942 ξ’γνω
1297 885 1709 943 προκαταλαμβάνειν
1722 894 1765 929 10

244 955 442 1005 ἐκείνους,
487 953 554 995 καὶ
582 952 750 1008 πέμψας
780 955 822 996 ἓν
838 953 1087 1011 ἀπορρήτοις
1114 955 1187 1010 τὴν
1208 955 1251 998 ἐκ
1270 952 1518 1012 Νοστόγγων
1541 960 1710 1012 Ταρχα-

243 1020 480 1066 νειώτισσαν
503 1019 810 1076 ὃμαιμονοῖσαν
840 1027 898 1081 τῷ
920 1026 1128 1083 Κομνηνῷ
1144 1022 1312 1080 Ἰωάννῃ
1332 1026 1398 1067 καὶ
1417 1024 1470 1067 τὰ
1489 1025 1647 1068 ἐκείνων
1668 1026 1712 1076 ἐξ

245 1091 374 1149 ἀρχῆς
403 1094 640 1148 φρονοῦσαν
670 1089 756 1147 ι’ίγει
798 1091 903 1148 παρ’
933 1090 1092 1151 ἑαυτῷ,
1139 1094 1206 1135 καὶ
1244 1097 1450 1136 κοινοῦται
1494 1091 1628 1151 ταύτῃ
1662 1092 1711 1137 τὸ

193 1164 225 1198 Ε
252 1161 438 1215 σκέμμα,
477 1160 544 1201 καὶ
574 1158 676 1216 πρὸς
707 1161 883 1210 ἐκείνους
911 1160 981 1203 διὰ
1007 1158 1160 1216 ταύτης
1190 1158 1473 1218 πρεσβεύεται,
1506 1163 1573 1204 καὶ
1605 1163 1718 1217 ζητεῖ·

245 1228 341 1279 τούς
365 1229 522 1271 ἐκείνων
542 1225 754 1284 πρώτους,
793 1231 860 1271 καὶ
887 1227 1068 1283 μάλιστα
1086 1229 1182 1279 τοὺς
1205 1228 1410 1286 τυφλούς,
1447 1228 1651 1287 Λάζαρόν
1667 1247 1709 1274 τε
1723 1237 1764 1272 15

245 1298 316 1341 τὸν
344 1300 384 1340 Γ
382 1298 588 1353 οριανίτην
619 1299 685 1339 καὶ
713 1298 784 1341 τὸν
804 1297 1058 1355 Περιστέρην
1082 1295 1330 1352 Μακάριον,
1369 1297 1440 1355 ἐφ’
1470 1293 1503 1357 ᾧ
1535 1300 1602 1341 καὶ
1621 1299 1710 1355 περὶ

246 1364 404 1410 τούτων
423 1366 539 1423 σφίσι
563 1367 966 1422 συνδιασκέψασθαι.
1035 1369 1102 1410 καὶ
1123 1367 1174 1421 δὴ
1199 1366 1414 1424 ἐφίσταται
1435 1369 1511 1421 μὲν
1530 1365 1556 1422 ἦ
1579 1385 1712 1421 μονα-

242 1436 296 1491 χὴ
318 1439 445 1492 γραῦς
465 1434 654 1487 ἀσμένοις
674 1441 760 1484 τοῖς
779 1442 989 1490 μοναχοΐς,
1027 1435 1255 1492 ἐκλέγονται
1275 1436 1320 1478 δὲ
1341 1435 1444 1492 παρ’
1466 1434 1604 1480 αὐτῶν
1627 1442 1714 1485 τοῖς

246 1507 417 1560 τυφλοῖς
444 1500 609 1556 συνάμα
636 1503 674 1545 οἳ
702 1507 784 1546 τῶν
818 1502 953 1547 ἄλλων
975 1503 1239 1561 προέχοντες,
1278 1506 1345 1546 καὶ
1365 1505 1421 1555 εἷς
1436 1504 1552 1548 πέντε
1574 1521 1714 1548 ποσω-

106 1581 134 1614 Ρ
160 1578 227 1614 244
251 1572 392 1621 θέντες
425 1570 803 1620 ἔξαποστέλλονται.
873 1565 930 1614 ὧν
962 1572 1013 1627 δὴ
1042 1574 1108 1614 καὶ
1130 1577 1214 1615 τῶν
1233 1576 1390 1615 νυκτῶν
1417 1571 1521 1629 ἀωρὶ
1538 1572 1770 1628 μηδενὸςΞο

248 1640 374 1684 ἄλλου
398 1636 630 1689 συνειδότος
655 1637 862 1697 προσόδου
892 1639 995 1697 πρὸς
1024 1641 1197 1695 βασιλέα
1222 1637 1528 1696 τυγχανόντων,
1566 1641 1605 1684 οἳ
1624 1642 1716 1699 περὶ

341 1750 375 1785 4.
398 1746 612 1786 δοκοῦνταί)

251 1842 439 1878 insidentes
463 1842 584 1877 multos
605 1841 778 1876 habebant
799 1842 951 1878 exterius
972 1844 1144 1884 fautores,
1180 1841 1266 1878 adeo
1288 1841 1446 1877 factionis
1468 1841 1617 1888 ipsorum
1641 1845 1718 1878 stu-

253 1890 365 1924 diosos
396 1892 436 1923 ut
468 1888 570 1923 etiam
593 1892 741 1923 mortuos
765 1900 880 1923 eorum
913 1889 1008 1923 velut
1029 1890 1241 1924 confessores
1263 1892 1506 1924 venerarentur
1528 1888 1717 1934 multosque

253 1947 294 1970 ea
318 1935 482 1979 religione
512 1935 557 1968 ad
579 1934 665 1969 istas
687 1939 804 1980 partes
827 1935 1057 1980 implicarent,
1086 1935 1250 1981 quaedam
1283 1935 1426 1969 suborta
1459 1933 1620 1979 cogitatio
1651 1938 1717 1976 est,

254 1985 315 2015 aut
338 1981 451 2026 potius
473 1980 597 2014 intimis
627 1980 700 2014 eius
731 1981 886 2015 sensibus
917 1981 1023 2016 tacite
1053 1981 1177 2016 dudum
1199 1980 1347 2016 insidens
1369 1992 1432 2027 per
1453 1979 1543 2014 hanc
1564 1979 1718 2015 occasio·

254 2038 329 2060 nem
354 2026 519 2068 excitata,
542 2038 584 2061 an
609 2037 674 2060 non
697 2027 787 2061 forte
821 2028 884 2061 deo
905 2028 1133 2073 probarentur
1154 2027 1296 2062 istorum
1318 2038 1395 2068 res,
1427 2030 1464 2061 et
1485 2025 1562 2072 ipse
1585 2025 1718 2071 longin-

255 2083 323 2125 qua
349 2077 636 2118 persequeretur,
667 2072 789 2118 quibus
818 2074 962 2108 forsitan
993 2074 1155 2119 perfectis
1176 2073 1260 2108 nihil
1281 2072 1326 2107 ad
1347 2083 1507 2108 summam
1527 2071 1611 2107 utile
1633 2083 1719 2106 oon-

253 2122 417 2161 ungeret.
462 2122 498 2152 et
520 2117 597 2163 quis
619 2117 724 2152 sciret
745 2119 867 2164 ecquid
890 2131 957 2154 non
970 2121 1127 2154 fortasse
1148 2119 1308 2154 divinitus
1329 2118 1390 2153 illa
1408 2117 1550 2153 satietas
1569 2117 1719 2163 patriar-

255 2164 378 2197 chatus
401 2167 438 2197 et
460 2164 625 2209 quaedam
649 2165 769 2199 summi
791 2165 927 2200 honoris
948 2177 1077 2200 nausea
1108 2177 1213 2211 saepe
1242 2165 1352 2210 ipsum
1383 2164 1452 2199 levi
1484 2163 1528 2198 de
1548 2174 1651 2198 causa
1671 2162 1718 2197 ad

255 2209 453 2243 tentandam
476 2210 659 2244 cessionem
682 2211 852 2245 concitans
875 2211 994 2246 Ioanni
1014 2211 1238 2247 iniiceretur?
1263 2220 1388 2255 anceps
1410 2209 1514 2254 igitur
1535 2207 1638 2243 animi
1658 2218 1718 2242 su-

256 2265 319 2299 per
342 2254 394 2287 his
418 2258 643 2300 aestuansque
666 2256 912 2292 alternantibus
944 2257 1142 2300 sententiis,
1175 2267 1249 2291 cum
1282 2255 1509 2291 necessarium
1530 2255 1623 2288 esset
1643 2257 1718 2287 ter-

257 2300 339 2333 tium
363 2299 492 2333 duobus
516 2301 625 2334 adhuc
648 2301 862 2346 viventibus,
885 2303 1068 2338 Athanasio
1095 2308 1131 2337 et
1152 2302 1290 2343 Ioanni,
1314 2300 1541 2346 patriarcham
1562 2310 1602 2334 su
1627 2298 1719 2333 erin-

258 2346 396 2386 ducere‚
419 2346 576 2389 quoniam
600 2347 654 2380 hic
676 2347 724 2381 illi
749 2349 954 2393 subrogatus
974 2349 1039 2383 iam
1061 2349 1128 2383 rite
1150 2347 1391 2388 renuntiasset,
1416 2344 1536 2390 reique
1556 2344 1593 2378 in
1615 2356 1720 2380 eoen-

258 2391 341 2425 tiam
361 2390 511 2432 veritus,
545 2403 798 2438 praeoccupare
818 2405 1074 2440 provocareqne
1102 2394 1191 2428 ultro
1213 2393 1258 2428 ad
1305 2402 1397 2427 acem
1419 2389 1617 2426 Arseuiatas
1643 2395 1719 2426 sta-

259 2437 348 2478 tuit3
380 2447 572 2481 arcanoque
596 2437 706 2472 accita
727 2439 1029 2481 Tarchaniotissa‚
1053 2451 1095 2474 ex
1117 2438 1244 2474 familia
1302 2439 1540 2481 ostongorum,
1575 2447 1719 2472 consan-

259 2481 385 2527 guinea
406 2482 541 2516 Ioannis
565 2483 748 2524 Comneni‚
781 2496 882 2529 quam
910 2485 1081 2519 mulierem
1110 2484 1242 2518 sciebat
1271 2482 1332 2518 isti
1364 2493 1385 2516 a
1416 2481 1580 2527 principio
1602 2486 1721 2518 sectae

260 2527 458 2562 adhaesisse
487 2538 655 2573 nosseque
681 2528 792 2574 ipsius
822 2530 957 2572 intima,
989 2530 1022 2564 ei
1054 2529 1220 2575 colloquio
1240 2531 1374 2563 secreto
1397 2528 1617 2563 communicat
1637 2528 1720 2574 quid

260 2573 445 2618 cogitaret,
490 2585 600 2618 eaque
627 2573 816 2618 interprete
849 2586 924 2609 cum
957 2574 1161 2620 primoribus
1191 2573 1446 2608 Arseniatarum
1479 2574 1578 2619 agit,
1608 2573 1722 2609 caecis

261 2619 443 2666 praecipue
464 2618 605 2659 duobus,
624 2619 758 2654 Lazaro
782 2619 966 2654 Gor-ianite
988 2623 1024 2654 et
1046 2619 1202 2654 Macario
1225 2619 1412 2662 Peristera,
1438 2623 1477 2654 ut
1497 2619 1657 2665 congredi
1679 2631 1722 2654 ac

261 2665 453 2700 deliberare
473 2675 586 2700 secum
609 2664 654 2698 de
674 2664 735 2700 tali
755 2666 890 2709 negotio
911 2665 1048 2701 vellent.
1093 2665 1217 2700 laetum
1241 2665 1330 2700 hunc
1351 2677 1436 2700 anus
1457 2667 1622 2701 monacha
1640 2675 1723 2711 gra-

261 2710 449 2746 tulantibus
471 2709 641 2745 monachis
662 2710 776 2745 attulit
798 2711 962 2747 nuntium.
1005 2711 1175 2756 eliguntur
1205 2712 1249 2745 ab
1279 2711 1333 2746 his
1355 2711 1467 2746 subito
1489 2715 1628 2757 praeter
1649 2722 1722 2746 am-

262 2757 325 2790 bos
347 2767 468 2791 caecos
488 2756 544 2791 alii
566 2768 588 2791 e
608 2759 724 2791 sectae
746 2755 968 2802 principibus,
988 2769 1171 2802 omnesque
1194 2757 1342 2803 quinque
1362 2768 1501 2792 numero
1523 2757 1722 2798 mittunmr3

262 2802 385 2848 quibus
405 2802 609 2849 intempesta
629 2806 729 2838 nocte
751 2802 882 2839 nemine
903 2803 1038 2840 conscio
1061 2802 1294 2839 admissionem
1323 2802 1367 2839 ad
1391 2803 1582 2850 Augustum
1601 2801 1723 2844 nactis,
