<?xml version="1.0" encoding="UTF-8"?>
<!DOCTYPE html PUBLIC "-//W3C//DTD XHTML 1.0 Transitional//EN"
    "http://www.w3.org/TR/xhtml1/DTD/xhtml1-transitional.dtd">
<html xmlns="http://www.w3.org/1999/xhtml" xml:lang="en" lang="en">
 <head>
  <title>
</title>
<meta http-equiv="Content-Type" content="text/html;charset=utf-8" />
  <meta name='ocr-system' content='tesseract 3.04.00' />
  <meta name='ocr-capabilities' content='ocr_page ocr_carea ocr_par ocr_line ocrx_word'/>
</head>
<body>
  <div class='ocr_page' id='page_1' title='image "./corpusscriptorum18niebuoft_0236.png"; bbox 0 0 1820 3112; ppageno 0'>
   <div class='ocr_carea' id='block_1_1' title="bbox 190 149 1232 201">
    <p class='ocr_par' dir='ltr' id='par_1_1' title="bbox 190 149 1232 201">
     <span class='ocr_line' id='line_1_1' title="bbox 190 149 1232 201; baseline -0.007 0"><span class='ocrx_word' id='word_1_1' title='bbox 190 155 289 201; x_wconf 81' lang='lat'><strong>220</strong></span> <span class='ocrx_word' id='word_1_2' title='bbox 617 149 853 195; x_wconf 91' lang='lat' dir='ltr'>GEORGII</span> <span class='ocrx_word' id='word_1_3' title='bbox 880 149 1232 194; x_wconf 85' lang='lat' dir='ltr'><strong>PACHYMERIS</strong></span> 
     </span>
    </p>
   </div>
   <div class='ocr_carea' id='block_1_2' title="bbox 132 262 1738 1635">
    <p class='ocr_par' dir='ltr' id='par_1_2' title="bbox 180 262 1688 668">
     <span class='ocr_line' id='line_1_2' title="bbox 186 262 1657 321; baseline -0.003 -9"><span class='ocrx_word' id='word_1_4' title='bbox 186 267 335 312; x_wconf 73' lang='grc' dir='ltr'><strong><em>ἑαυτὸν</em></strong></span> <span class='ocrx_word' id='word_1_5' title='bbox 365 266 500 316; x_wconf 71' lang='grc' dir='ltr'><strong><em>ἄλλως</em></strong></span> <span class='ocrx_word' id='word_1_6' title='bbox 519 264 701 320; x_wconf 74' lang='grc' dir='ltr'><strong><em>καθίστη</em></strong></span> <span class='ocrx_word' id='word_1_7' title='bbox 727 262 784 314; x_wconf 83' lang='grc' dir='ltr'><strong>ὥς</strong></span> <span class='ocrx_word' id='word_1_8' title='bbox 812 265 1062 314; x_wconf 79' lang='grc' dir='ltr'><em>δεσποτικῶς</em></span> <span class='ocrx_word' id='word_1_9' title='bbox 1087 263 1333 308; x_wconf 72' lang='grc' dir='ltr'><strong><em>τούντεῦθεν</em></strong></span> <span class='ocrx_word' id='word_1_10' title='bbox 1355 263 1550 321; x_wconf 74' lang='grc' dir='ltr'><strong><em>ἄρχοντα.</em></strong></span> <span class='ocrx_word' id='word_1_11' title='bbox 1605 263 1657 320; x_wconf 76' lang='grc' dir='ltr'><strong>’ἢν</strong></span> 
     </span>
     <span class='ocr_line' id='line_1_3' title="bbox 186 327 1654 392; baseline -0.003 -12"><span class='ocrx_word' id='word_1_12' title='bbox 186 338 234 381; x_wconf 81' lang='grc' dir='ltr'><strong>δέ</strong></span> <span class='ocrx_word' id='word_1_13' title='bbox 266 353 346 380; x_wconf 85' lang='grc' dir='ltr'><strong>που</strong></span> <span class='ocrx_word' id='word_1_14' title='bbox 378 336 446 378; x_wconf 83' lang='grc' dir='ltr'><strong><em>καὶ</em></strong></span> <span class='ocrx_word' id='word_1_15' title='bbox 472 340 619 389; x_wconf 88' lang='grc' dir='ltr'><strong><em>μοναΐς</em></strong></span> <span class='ocrx_word' id='word_1_16' title='bbox 652 330 904 392; x_wconf 78' lang='grc' dir='ltr'><em>παραβάλλῃ</em></span> <span class='ocrx_word' id='word_1_17' title='bbox 932 333 1110 392; x_wconf 76' lang='grc' dir='ltr'><strong><em>(πολλαὶ</em></strong></span> <span class='ocrx_word' id='word_1_18' title='bbox 1140 332 1185 376; x_wconf 76' lang='grc' dir='ltr'><strong>δ’</strong></span> <span class='ocrx_word' id='word_1_19' title='bbox 1206 327 1330 377; x_wconf 63' lang='grc' dir='ltr'><strong><em>αὗται</em></strong></span> <span class='ocrx_word' id='word_1_20' title='bbox 1349 335 1417 377; x_wconf 85' lang='grc' dir='ltr'><strong><em>καὶ</em></strong></span> <span class='ocrx_word' id='word_1_21' title='bbox 1435 333 1654 391; x_wconf 72' lang='grc' dir='ltr'><strong><em>μέγισται),</em></strong></span> 
     </span>
     <span class='ocr_line' id='line_1_4' title="bbox 183 399 1656 460; baseline -0.002 -11"><span class='ocrx_word' id='word_1_22' title='bbox 183 406 234 450; x_wconf 79' lang='grc' dir='ltr'><strong>οὗ</strong></span> <span class='ocrx_word' id='word_1_23' title='bbox 265 403 466 460; x_wconf 74' lang='grc' dir='ltr'><strong><em>βασιλέως</em></strong></span> <span class='ocrx_word' id='word_1_24' title='bbox 489 399 540 459; x_wconf 80' lang='grc' dir='ltr'><strong>ἦν</strong></span> <span class='ocrx_word' id='word_1_25' title='bbox 575 402 708 458; x_wconf 72' lang='grc' dir='ltr'><strong><em>ὅνομα</em></strong></span> <span class='ocrx_word' id='word_1_26' title='bbox 735 402 783 446; x_wconf 85' lang='grc' dir='ltr'><strong>τὸ</strong></span> <span class='ocrx_word' id='word_1_27' title='bbox 810 399 1191 458; x_wconf 78' lang='grc' dir='ltr'><em>μνημονευόμενον,</em></span> <span class='ocrx_word' id='word_1_28' title='bbox 1239 401 1335 445; x_wconf 74' lang='grc' dir='ltr'><strong><em>ἀλλ’</em></strong></span> <span class='ocrx_word' id='word_1_29' title='bbox 1365 401 1496 446; x_wconf 74' lang='grc' dir='ltr'><strong><em>αὐτοῦ</em></strong></span> <span class='ocrx_word' id='word_1_30' title='bbox 1516 420 1559 459; x_wconf 86' lang='grc' dir='ltr'><strong>γε</strong></span> <span class='ocrx_word' id='word_1_31' title='bbox 1587 405 1656 446; x_wconf 79' lang='grc' dir='ltr'><strong><em>καὶ</em></strong></span> 
     </span>
     <span class='ocr_line' id='line_1_5' title="bbox 181 469 1653 530; baseline -0.002 -13"><span class='ocrx_word' id='word_1_32' title='bbox 181 473 312 530; x_wconf 90' lang='grc' dir='ltr'><strong><em>μόνου</em></strong></span> <span class='ocrx_word' id='word_1_33' title='bbox 337 470 444 516; x_wconf 81' lang='grc' dir='ltr'><strong><em>κατά</em></strong></span> <span class='ocrx_word' id='word_1_34' title='bbox 463 489 502 516; x_wconf 88' lang='grc' dir='ltr'><strong>τι</strong></span> <span class='ocrx_word' id='word_1_35' title='bbox 524 469 675 526; x_wconf 76' lang='grc' dir='ltr'><strong><em>κράτος</em></strong></span> <span class='ocrx_word' id='word_1_36' title='bbox 697 470 938 528; x_wconf 82' lang='grc' dir='ltr'><strong><em>ἀρχοντικὸν</em></strong></span> <span class='ocrx_word' id='word_1_37' title='bbox 958 473 1026 514; x_wconf 84' lang='grc' dir='ltr'><strong><em>καὶ</em></strong></span> <span class='ocrx_word' id='word_1_38' title='bbox 1051 471 1358 515; x_wconf 80' lang='grc' dir='ltr'><strong><em>αὐτοδέσποτον</em></strong></span> <span class='ocrx_word' id='word_1_39' title='bbox 1376 470 1521 527; x_wconf 75' lang='grc' dir='ltr'><strong><em>ὅνομα.</em></strong></span> <span class='ocrx_word' id='word_1_40' title='bbox 1571 470 1653 529; x_wconf 77' lang='grc' dir='ltr'><strong>ἀφ’</strong></span> 
     </span>
     <span class='ocr_line' id='line_1_6' title="bbox 182 538 1688 598; baseline -0.001 -11"><span class='ocrx_word' id='word_1_41' title='bbox 182 538 240 587; x_wconf 77' lang='grc' dir='ltr'><strong>ὧν</strong></span> <span class='ocrx_word' id='word_1_42' title='bbox 263 544 330 586; x_wconf 81' lang='grc' dir='ltr'><strong><em>καὶ</em></strong></span> <span class='ocrx_word' id='word_1_43' title='bbox 349 541 483 585; x_wconf 79' lang='grc' dir='ltr'><strong><em>πολλὰ</em></strong></span> <span class='ocrx_word' id='word_1_44' title='bbox 504 543 752 591; x_wconf 77' lang='grc' dir='ltr'><em>δεσποτικῶς</em></span> <span class='ocrx_word' id='word_1_45' title='bbox 773 538 1076 598; x_wconf 76' lang='grc' dir='ltr'><strong><em>ἀφαιρούμενος</em></strong></span> <span class='ocrx_word' id='word_1_46' title='bbox 1107 547 1193 591; x_wconf 78' lang='grc' dir='ltr'><strong><em>τοῖς</em></strong></span> <span class='ocrx_word' id='word_1_47' title='bbox 1221 538 1494 597; x_wconf 75' lang='grc' dir='ltr'><strong><em>στρατιώταις</em></strong></span> <span class='ocrx_word' id='word_1_48' title='bbox 1514 547 1688 597; x_wconf 63' lang='grc' dir='ltr'><strong><em>παρά-5</em></strong></span> 
     </span>
     <span class='ocr_line' id='line_1_7' title="bbox 180 607 1657 668; baseline -0.001 -13"><span class='ocrx_word' id='word_1_49' title='bbox 180 630 281 668; x_wconf 82' lang='grc' dir='ltr'><strong><em>χεν,</em></strong></span> <span class='ocrx_word' id='word_1_50' title='bbox 320 610 506 666; x_wconf 76' lang='grc' dir='ltr'><strong><em>ἀσμένως</em></strong></span> <span class='ocrx_word' id='word_1_51' title='bbox 528 615 611 654; x_wconf 84' lang='grc' dir='ltr'><strong>τῶν</strong></span> <span class='ocrx_word' id='word_1_52' title='bbox 642 608 816 665; x_wconf 73' lang='grc' dir='ltr'><strong><em>ἐχόντων</em></strong></span> <span class='ocrx_word' id='word_1_53' title='bbox 845 609 1178 664; x_wconf 73' lang='grc' dir='ltr'><strong>κατατιθεμένων</strong></span> <span class='ocrx_word' id='word_1_54' title='bbox 1206 609 1310 666; x_wconf 78' lang='grc' dir='ltr'><strong><em>παρ’</em></strong></span> <span class='ocrx_word' id='word_1_55' title='bbox 1348 611 1483 652; x_wconf 76' lang='grc' dir='ltr'><strong><em>αἰτίαν</em></strong></span> <span class='ocrx_word' id='word_1_56' title='bbox 1502 607 1657 665; x_wconf 77' lang='grc' dir='ltr'><strong><em>ταύτην</em></strong></span> 
     </span>
    </p>

    <p class='ocr_par' dir='ltr' id='par_1_3' title="bbox 134 676 1714 1150">
     <span class='ocr_line' id='line_1_8' title="bbox 134 676 1659 736; baseline -0.003 -10"><span class='ocrx_word' id='word_1_57' title='bbox 134 695 165 730; x_wconf 84' lang='lat' dir='ltr'><strong>c</strong></span> <span class='ocrx_word' id='word_1_58' title='bbox 189 680 251 726; x_wconf 83' lang='grc' dir='ltr'><strong>ὅτι</strong></span> <span class='ocrx_word' id='word_1_59' title='bbox 275 677 479 729; x_wconf 80' lang='grc' dir='ltr'><strong><em>τοιούτοις</em></strong></span> <span class='ocrx_word' id='word_1_60' title='bbox 506 686 663 736; x_wconf 81' lang='grc' dir='ltr'><strong><em>καιροῖς</em></strong></span> <span class='ocrx_word' id='word_1_61' title='bbox 693 676 934 734; x_wconf 72' lang='grc' dir='ltr'><strong>ἐμπεσόντες</strong></span> <span class='ocrx_word' id='word_1_62' title='bbox 963 678 1011 722; x_wconf 81' lang='grc' dir='ltr'><strong>οὐ</strong></span> <span class='ocrx_word' id='word_1_63' title='bbox 1040 678 1094 722; x_wconf 83' lang='grc' dir='ltr'><strong>τὰ</strong></span> <span class='ocrx_word' id='word_1_64' title='bbox 1112 677 1375 736; x_wconf 84' lang='grc' dir='ltr'><strong><em>προσήκοντα</em></strong></span> <span class='ocrx_word' id='word_1_65' title='bbox 1396 685 1484 729; x_wconf 79' lang='grc' dir='ltr'><strong><em>τοῖς</em></strong></span> <span class='ocrx_word' id='word_1_66' title='bbox 1503 685 1659 736; x_wconf 84' lang='grc' dir='ltr'><strong><em>καιροῖς</em></strong></span> 
     </span>
     <span class='ocr_line' id='line_1_9' title="bbox 185 743 1659 805; baseline -0.003 -11"><span class='ocrx_word' id='word_1_67' title='bbox 185 750 392 805; x_wconf 66' lang='grc' dir='ltr'><strong><em>ἔπασχον,</em></strong></span> <span class='ocrx_word' id='word_1_68' title='bbox 431 748 527 792; x_wconf 76' lang='grc' dir='ltr'><strong><em>ἀλλ’</em></strong></span> <span class='ocrx_word' id='word_1_69' title='bbox 553 748 748 791; x_wconf 75' lang='grc' dir='ltr'><strong><em>ἄσκυλτοι</em></strong></span> <span class='ocrx_word' id='word_1_70' title='bbox 767 747 948 803; x_wconf 77' lang='grc' dir='ltr'><strong>διέμενον</strong></span> <span class='ocrx_word' id='word_1_71' title='bbox 977 749 1045 790; x_wconf 83' lang='grc' dir='ltr'><strong><em>καὶ</em></strong></span> <span class='ocrx_word' id='word_1_72' title='bbox 1067 746 1282 805; x_wconf 81' lang='grc' dir='ltr'><strong><em>ἀτάραχοι.</em></strong></span> <span class='ocrx_word' id='word_1_73' title='bbox 1350 751 1514 805; x_wconf 86' lang='grc' dir='ltr'><strong><em>πρῶτον</em></strong></span> <span class='ocrx_word' id='word_1_74' title='bbox 1538 746 1583 790; x_wconf 71' lang='grc' dir='ltr'><strong>δ’</strong></span> <span class='ocrx_word' id='word_1_75' title='bbox 1606 743 1659 802; x_wconf 80' lang='grc' dir='ltr'><strong>ἦν</strong></span> 
     </span>
     <span class='ocr_line' id='line_1_10' title="bbox 189 813 1660 874; baseline -0.002 -11"><span class='ocrx_word' id='word_1_76' title='bbox 189 820 341 863; x_wconf 69' lang='grc' dir='ltr'><strong><em>ἐκείνου</em></strong></span> <span class='ocrx_word' id='word_1_77' title='bbox 362 815 632 874; x_wconf 76' lang='grc' dir='ltr'><strong><em>στρατήγημα</em></strong></span> <span class='ocrx_word' id='word_1_78' title='bbox 661 817 708 860; x_wconf 85' lang='grc' dir='ltr'><strong>τὸ</strong></span> <span class='ocrx_word' id='word_1_79' title='bbox 739 818 822 860; x_wconf 75' lang='grc' dir='ltr'><strong><em>ἐκεῖ</em></strong></span> <span class='ocrx_word' id='word_1_80' title='bbox 839 835 921 860; x_wconf 89' lang='grc' dir='ltr'><strong>που</strong></span> <span class='ocrx_word' id='word_1_81' title='bbox 939 816 1012 860; x_wconf 83' lang='grc' dir='ltr'><strong>τὸν</strong></span> <span class='ocrx_word' id='word_1_82' title='bbox 1036 816 1217 874; x_wconf 75' lang='grc' dir='ltr'><strong><em>ἀδελφὸν</em></strong></span> <span class='ocrx_word' id='word_1_83' title='bbox 1236 820 1311 861; x_wconf 82' lang='grc' dir='ltr'><strong>τοῦ</strong></span> <span class='ocrx_word' id='word_1_84' title='bbox 1327 816 1531 872; x_wconf 77' lang='grc' dir='ltr'><strong><em>βασιλέως</em></strong></span> <span class='ocrx_word' id='word_1_85' title='bbox 1552 813 1660 860; x_wconf 88' lang='grc' dir='ltr'><strong><em>Θεό-</em></strong></span> 
     </span>
     <span class='ocr_line' id='line_1_11' title="bbox 189 884 1714 945; baseline -0.003 -12"><span class='ocrx_word' id='word_1_86' title='bbox 189 891 326 945; x_wconf 87' lang='grc' dir='ltr'><strong><em>δωρον</em></strong></span> <span class='ocrx_word' id='word_1_87' title='bbox 347 888 616 943; x_wconf 76' lang='grc' dir='ltr'><strong><em>διατρίβοντα</em></strong></span> <span class='ocrx_word' id='word_1_88' title='bbox 635 885 874 930; x_wconf 78' lang='grc' dir='ltr'><strong><em>ἀποστεῖλαι</em></strong></span> <span class='ocrx_word' id='word_1_89' title='bbox 890 885 989 935; x_wconf 75' lang='grc' dir='ltr'><strong><em>τοὺς</em></strong></span> <span class='ocrx_word' id='word_1_90' title='bbox 1010 884 1313 940; x_wconf 84' lang='grc' dir='ltr'><strong><em>κατασχόντας·</em></strong></span> <span class='ocrx_word' id='word_1_91' title='bbox 1353 885 1400 930; x_wconf 79' lang='grc' dir='ltr'><strong>ὃν</strong></span> <span class='ocrx_word' id='word_1_92' title='bbox 1422 885 1474 941; x_wconf 86' lang='grc' dir='ltr'><strong>δὴ</strong></span> <span class='ocrx_word' id='word_1_93' title='bbox 1495 887 1561 928; x_wconf 81' lang='grc' dir='ltr'><strong><em>καὶ</em></strong></span> <span class='ocrx_word' id='word_1_94' title='bbox 1580 903 1656 928; x_wconf 82' lang='grc' dir='ltr'><strong><em>κα-</em></strong></span> <span class='ocrx_word' id='word_1_95' title='bbox 1669 893 1714 929; x_wconf 83' lang='grc'><strong>10</strong></span> 
     </span>
     <span class='ocr_line' id='line_1_12' title="bbox 187 954 1657 1015; baseline -0.002 -14"><span class='ocrx_word' id='word_1_96' title='bbox 187 954 408 1012; x_wconf 86' lang='grc' dir='ltr'><strong><em>τασχόντες</em></strong></span> <span class='ocrx_word' id='word_1_97' title='bbox 448 959 507 1015; x_wconf 75' lang='grc' dir='ltr'><strong>τῷ</strong></span> <span class='ocrx_word' id='word_1_98' title='bbox 541 954 639 998; x_wconf 73' lang='grc' dir='ltr'><strong><em>κατ’</em></strong></span> <span class='ocrx_word' id='word_1_99' title='bbox 675 954 853 1012; x_wconf 81' lang='grc' dir='ltr'><strong><em>’Ἐφεσον</em></strong></span> <span class='ocrx_word' id='word_1_100' title='bbox 885 956 1070 1013; x_wconf 76' lang='grc' dir='ltr'><strong><em>φρουρίῳ</em></strong></span> <span class='ocrx_word' id='word_1_101' title='bbox 1117 955 1310 1012; x_wconf 73' lang='grc' dir='ltr'><strong><em>φέροντες</em></strong></span> <span class='ocrx_word' id='word_1_102' title='bbox 1341 954 1657 1012; x_wconf 71' lang='grc' dir='ltr'><strong><em>ἐγκατέκλεισαν.</em></strong></span> 
     </span>
     <span class='ocr_line' id='line_1_13' title="bbox 183 1021 1660 1082; baseline -0.002 -13"><span class='ocrx_word' id='word_1_103' title='bbox 183 1026 322 1070; x_wconf 62' lang='grc' dir='ltr'><strong><em>ἔπειτα</em></strong></span> <span class='ocrx_word' id='word_1_104' title='bbox 340 1025 416 1081; x_wconf 82' lang='grc' dir='ltr'><strong>τὴν</strong></span> <span class='ocrx_word' id='word_1_105' title='bbox 435 1025 653 1082; x_wconf 82' lang='grc' dir='ltr'><strong><em>στρατείαν</em></strong></span> <span class='ocrx_word' id='word_1_106' title='bbox 673 1021 908 1078; x_wconf 78' lang='grc' dir='ltr'><strong><em>ἀναλαβών,</em></strong></span> <span class='ocrx_word' id='word_1_107' title='bbox 946 1023 1235 1079; x_wconf 78' lang='grc' dir='ltr'><strong><em>συνεωσμένων</em></strong></span> <span class='ocrx_word' id='word_1_108' title='bbox 1250 1025 1367 1082; x_wconf 82' lang='grc' dir='ltr'><strong><em>σφίσι</em></strong></span> <span class='ocrx_word' id='word_1_109' title='bbox 1386 1023 1493 1080; x_wconf 76' lang='grc' dir='ltr'><strong><em>παρ’</em></strong></span> <span class='ocrx_word' id='word_1_110' title='bbox 1513 1024 1660 1067; x_wconf 78' lang='grc' dir='ltr'><strong><em>ἐλπίδα</em></strong></span> 
     </span>
     <span class='ocr_line' id='line_1_14' title="bbox 185 1091 1659 1150; baseline -0.002 -12"><span class='ocrx_word' id='word_1_111' title='bbox 185 1097 254 1138; x_wconf 87' lang='grc' dir='ltr'><strong><em>καὶ</em></strong></span> <span class='ocrx_word' id='word_1_112' title='bbox 274 1099 357 1138; x_wconf 83' lang='grc' dir='ltr'><strong>τῶν</strong></span> <span class='ocrx_word' id='word_1_113' title='bbox 375 1091 650 1150; x_wconf 81' lang='grc' dir='ltr'><strong><em>πραγμάτων,</em></strong></span> <span class='ocrx_word' id='word_1_114' title='bbox 689 1095 732 1136; x_wconf 77' lang='grc' dir='ltr'><strong>ἐν</strong></span> <span class='ocrx_word' id='word_1_115' title='bbox 760 1100 849 1143; x_wconf 79' lang='grc' dir='ltr'><strong><em>τοῖς</em></strong></span> <span class='ocrx_word' id='word_1_116' title='bbox 876 1093 982 1136; x_wconf 78' lang='grc' dir='ltr'><strong><em>κατὰ</em></strong></span> <span class='ocrx_word' id='word_1_117' title='bbox 1017 1091 1244 1150; x_wconf 76' lang='grc' dir='ltr'><strong><em>Νύμφαιον</em></strong></span> <span class='ocrx_word' id='word_1_118' title='bbox 1264 1091 1408 1143; x_wconf 80' lang='grc' dir='ltr'><strong><em>τόποις</em></strong></span> <span class='ocrx_word' id='word_1_119' title='bbox 1438 1091 1518 1147; x_wconf 79' lang='grc' dir='ltr'><strong>ἅμ’</strong></span> <span class='ocrx_word' id='word_1_120' title='bbox 1540 1091 1659 1148; x_wconf 78' lang='grc' dir='ltr'><strong><em>ἠυλί-</em></strong></span> 
     </span>
    </p>

    <p class='ocr_par' dir='ltr' id='par_1_4' title="bbox 132 1156 1738 1635">
     <span class='ocr_line' id='line_1_15' title="bbox 132 1156 1660 1220; baseline -0.003 -12"><span class='ocrx_word' id='word_1_121' title='bbox 132 1172 166 1207; x_wconf 83' lang='grc'><strong>1)</strong></span> <span class='ocrx_word' id='word_1_122' title='bbox 190 1165 321 1217; x_wconf 84' lang='grc' dir='ltr'><strong><em>ζοντο.</em></strong></span> <span class='ocrx_word' id='word_1_123' title='bbox 391 1165 459 1206; x_wconf 83' lang='grc' dir='ltr'><strong><em>καὶ</em></strong></span> <span class='ocrx_word' id='word_1_124' title='bbox 480 1163 531 1218; x_wconf 86' lang='grc' dir='ltr'><strong>δὴ</strong></span> <span class='ocrx_word' id='word_1_125' title='bbox 551 1160 783 1219; x_wconf 76' lang='grc' dir='ltr'><strong><em>συνεκρότει</em></strong></span> <span class='ocrx_word' id='word_1_126' title='bbox 801 1162 875 1218; x_wconf 74' lang='grc' dir='ltr'><strong>μὲν</strong></span> <span class='ocrx_word' id='word_1_127' title='bbox 896 1161 994 1212; x_wconf 76' lang='grc' dir='ltr'><strong><em>τοὺς</em></strong></span> <span class='ocrx_word' id='word_1_128' title='bbox 1016 1162 1148 1212; x_wconf 78' lang='grc' dir='ltr'><strong><em>ἱππεῖς</em></strong></span> <span class='ocrx_word' id='word_1_129' title='bbox 1179 1164 1246 1205; x_wconf 82' lang='grc' dir='ltr'><strong><em>καὶ</em></strong></span> <span class='ocrx_word' id='word_1_130' title='bbox 1265 1163 1513 1220; x_wconf 83' lang='grc' dir='ltr'><strong><em>φιλοτιμίαις</em></strong></span> <span class='ocrx_word' id='word_1_131' title='bbox 1530 1156 1660 1217; x_wconf 75' lang='grc' dir='ltr'><strong><em>ἤγαλ-</em></strong></span> 
     </span>
     <span class='ocr_line' id='line_1_16' title="bbox 182 1228 1714 1288; baseline -0.003 -12"><span class='ocrx_word' id='word_1_132' title='bbox 182 1238 226 1277; x_wconf 83' lang='grc' dir='ltr'><strong><em>λε</em></strong></span> <span class='ocrx_word' id='word_1_133' title='bbox 255 1231 433 1286; x_wconf 79' lang='grc' dir='ltr'><strong><em>πάσαις,</em></strong></span> <span class='ocrx_word' id='word_1_134' title='bbox 470 1232 570 1282; x_wconf 76' lang='grc' dir='ltr'><strong>τούς</strong></span> <span class='ocrx_word' id='word_1_135' title='bbox 595 1231 643 1274; x_wconf 78' lang='grc' dir='ltr'><strong>δέ</strong></span> <span class='ocrx_word' id='word_1_136' title='bbox 674 1248 716 1288; x_wconf 83' lang='grc' dir='ltr'><strong>γε</strong></span> <span class='ocrx_word' id='word_1_137' title='bbox 745 1231 890 1284; x_wconf 76' lang='grc' dir='ltr'><strong><em>πεζοὺς</em></strong></span> <span class='ocrx_word' id='word_1_138' title='bbox 921 1229 1121 1286; x_wconf 79' lang='grc' dir='ltr'><strong><em>ἐπιβήσας</em></strong></span> <span class='ocrx_word' id='word_1_139' title='bbox 1148 1233 1285 1275; x_wconf 72' lang='grc' dir='ltr'><strong><em>ἳππων</em></strong></span> <span class='ocrx_word' id='word_1_140' title='bbox 1304 1231 1468 1281; x_wconf 72' lang='grc' dir='ltr'><strong><em>ἱκανοὺς</em></strong></span> <span class='ocrx_word' id='word_1_141' title='bbox 1489 1228 1659 1280; x_wconf 78' lang='grc' dir='ltr'><strong><em>ὁπλίτας</em></strong></span> <span class='ocrx_word' id='word_1_142' title='bbox 1670 1240 1714 1276; x_wconf 83' lang='lat'><strong>15</strong></span> 
     </span>
     <span class='ocr_line' id='line_1_17' title="bbox 182 1296 1660 1358; baseline -0.002 -13"><span class='ocrx_word' id='word_1_143' title='bbox 182 1299 480 1358; x_wconf 78' lang='grc' dir='ltr'><strong><em>ἐξητοιμοῖζετο.</em></strong></span> <span class='ocrx_word' id='word_1_144' title='bbox 552 1298 725 1358; x_wconf 81' lang='grc' dir='ltr'><strong><em>ἀφεώρα</em></strong></span> <span class='ocrx_word' id='word_1_145' title='bbox 751 1302 796 1344; x_wconf 80' lang='grc' dir='ltr'><strong>δὲ</strong></span> <span class='ocrx_word' id='word_1_146' title='bbox 827 1302 895 1343; x_wconf 84' lang='grc' dir='ltr'><strong><em>καὶ</em></strong></span> <span class='ocrx_word' id='word_1_147' title='bbox 924 1300 1028 1358; x_wconf 83' lang='grc' dir='ltr'><strong><em>πρὸς</em></strong></span> <span class='ocrx_word' id='word_1_148' title='bbox 1046 1301 1145 1350; x_wconf 79' lang='grc' dir='ltr'><strong>τούς</strong></span> <span class='ocrx_word' id='word_1_149' title='bbox 1165 1298 1370 1356; x_wconf 76' lang='grc' dir='ltr'><strong><em>ἀλλαχόθι</em></strong></span> <span class='ocrx_word' id='word_1_150' title='bbox 1394 1296 1660 1357; x_wconf 76' lang='grc' dir='ltr'><strong><em>ἡγεμονεύον-</em></strong></span> 
     </span>
     <span class='ocr_line' id='line_1_18' title="bbox 183 1367 1660 1426; baseline -0.001 -12"><span class='ocrx_word' id='word_1_151' title='bbox 183 1388 283 1424; x_wconf 87' lang='grc' dir='ltr'><strong><em>τας,</em></strong></span> <span class='ocrx_word' id='word_1_152' title='bbox 320 1372 387 1413; x_wconf 80' lang='grc' dir='ltr'><strong><em>καὶ</em></strong></span> <span class='ocrx_word' id='word_1_153' title='bbox 408 1367 567 1414; x_wconf 72' lang='grc' dir='ltr'><strong><em>ἐσκόπει</em></strong></span> <span class='ocrx_word' id='word_1_154' title='bbox 587 1374 675 1418; x_wconf 84' lang='grc' dir='ltr'><strong>πῶς</strong></span> <span class='ocrx_word' id='word_1_155' title='bbox 696 1369 747 1413; x_wconf 75' lang='grc' dir='ltr'><strong>ἃν</strong></span> <span class='ocrx_word' id='word_1_156' title='bbox 769 1369 906 1414; x_wconf 75' lang='grc' dir='ltr'><strong><em>αὐτῶν</em></strong></span> <span class='ocrx_word' id='word_1_157' title='bbox 927 1369 1188 1426; x_wconf 75' lang='grc' dir='ltr'><strong><em>περιγένοιτο.</em></strong></span> <span class='ocrx_word' id='word_1_158' title='bbox 1244 1371 1311 1413; x_wconf 81' lang='grc' dir='ltr'><strong><em>καὶ</em></strong></span> <span class='ocrx_word' id='word_1_159' title='bbox 1329 1373 1413 1413; x_wconf 82' lang='grc' dir='ltr'><strong>τῶν</strong></span> <span class='ocrx_word' id='word_1_160' title='bbox 1430 1370 1504 1424; x_wconf 78' lang='grc' dir='ltr'><strong>μὲν</strong></span> <span class='ocrx_word' id='word_1_161' title='bbox 1522 1367 1660 1412; x_wconf 74' lang='grc' dir='ltr'><strong><em>ἄλλων</em></strong></span> 
     </span>
     <span class='ocr_line' id='line_1_19' title="bbox 182 1421 1738 1495; baseline -0.003 -12"><span class='ocrx_word' id='word_1_162' title='bbox 182 1440 343 1495; x_wconf 78' lang='grc' dir='ltr'><strong><em>ἀμελῶς</em></strong></span> <span class='ocrx_word' id='word_1_163' title='bbox 366 1437 489 1494; x_wconf 77' lang='grc' dir='ltr'><strong><em>εἶχεν,</em></strong></span> <span class='ocrx_word' id='word_1_164' title='bbox 528 1437 584 1489; x_wconf 78' lang='grc' dir='ltr'><strong>ὥς</strong></span> <span class='ocrx_word' id='word_1_165' title='bbox 604 1438 751 1482; x_wconf 71' lang='grc' dir='ltr'><strong><em>αὐτίκα</em></strong></span> <span class='ocrx_word' id='word_1_166' title='bbox 772 1438 795 1494; x_wconf 82' lang='grc' dir='ltr'>ἢ</span> <span class='ocrx_word' id='word_1_167' title='bbox 815 1440 920 1495; x_wconf 81' lang='grc' dir='ltr'><strong><em>χειρὶ</em></strong></span> <span class='ocrx_word' id='word_1_168' title='bbox 940 1438 966 1493; x_wconf 79' lang='grc' dir='ltr'>ἢ</span> <span class='ocrx_word' id='word_1_169' title='bbox 989 1437 1122 1495; x_wconf 86' lang='grc' dir='ltr'><strong><em>λόγοις</em></strong></span> <span class='ocrx_word' id='word_1_170' title='bbox 1141 1436 1470 1495; x_wconf 83' lang='grc' dir='ltr'><strong><em>προσαξόμενος·</em></strong></span> <span class='ocrx_word' id='word_1_171' title='bbox 1506 1439 1597 1494; x_wconf 81' lang='grc' dir='ltr'><strong><em>περὶ</em></strong></span> <span class='ocrx_word' id='word_1_172' title='bbox 1614 1436 1663 1480; x_wconf 83' lang='grc' dir='ltr'><strong>δέ</strong></span> <span class='ocrx_word' id='word_1_173' title='bbox 1726 1421 1738 1455; x_wconf 59' lang='lat'>⁸</span> 
     </span>
     <span class='ocr_line' id='line_1_20' title="bbox 179 1498 1734 1565; baseline -0.003 -13"><span class='ocrx_word' id='word_1_174' title='bbox 179 1527 223 1565; x_wconf 82' lang='grc' dir='ltr'><strong>γε</strong></span> <span class='ocrx_word' id='word_1_175' title='bbox 255 1513 329 1552; x_wconf 83' lang='grc' dir='ltr'><strong>τοῦ</strong></span> <span class='ocrx_word' id='word_1_176' title='bbox 361 1509 765 1565; x_wconf 82' lang='grc' dir='ltr'><strong><em>πρωτοβεστιαρίτου</em></strong></span> <span class='ocrx_word' id='word_1_177' title='bbox 795 1508 1093 1564; x_wconf 79' lang='grc' dir='ltr'><strong><em>Λιβαδαρίου,</em></strong></span> <span class='ocrx_word' id='word_1_178' title='bbox 1141 1507 1239 1551; x_wconf 82' lang='grc' dir='ltr'><strong><em>ὅσον</em></strong></span> <span class='ocrx_word' id='word_1_179' title='bbox 1273 1507 1466 1564; x_wconf 73' lang='grc' dir='ltr'><strong><em>συνέγγυς</em></strong></span> <span class='ocrx_word' id='word_1_180' title='bbox 1489 1505 1566 1562; x_wconf 71' lang='grc' dir='ltr'><strong><em>εἶχε</em></strong></span> <span class='ocrx_word' id='word_1_181' title='bbox 1585 1506 1660 1561; x_wconf 83' lang='grc' dir='ltr'><strong>τὴν</strong></span> <span class='ocrx_word' id='word_1_182' title='bbox 1726 1498 1734 1520; x_wconf 62' lang='lat'><strong>³*</strong></span> 
     </span>
     <span class='ocr_line' id='line_1_21' title="bbox 181 1574 1716 1635; baseline -0.001 -15"><span class='ocrx_word' id='word_1_183' title='bbox 181 1577 256 1620; x_wconf 73' lang='grc' dir='ltr'><strong>ἀπ’</strong></span> <span class='ocrx_word' id='word_1_184' title='bbox 283 1576 412 1620; x_wconf 76' lang='grc' dir='ltr'><strong><em>αὐτοῦ</em></strong></span> <span class='ocrx_word' id='word_1_185' title='bbox 436 1575 652 1632; x_wconf 72' lang='grc' dir='ltr'><strong><em>ἡγεμονίαν</em></strong></span> <span class='ocrx_word' id='word_1_186' title='bbox 672 1577 715 1620; x_wconf 77' lang='grc' dir='ltr'><strong>ἐν</strong></span> <span class='ocrx_word' id='word_1_187' title='bbox 737 1583 822 1626; x_wconf 83' lang='grc' dir='ltr'><strong><em>τοῖς</em></strong></span> <span class='ocrx_word' id='word_1_188' title='bbox 843 1579 934 1633; x_wconf 72' lang='grc' dir='ltr'><strong><em>περὶ</em></strong></span> <span class='ocrx_word' id='word_1_189' title='bbox 952 1576 1004 1619; x_wconf 79' lang='grc' dir='ltr'><strong>τὰ</strong></span> <span class='ocrx_word' id='word_1_190' title='bbox 1022 1574 1268 1635; x_wconf 85' lang='grc' dir='ltr'><strong><em>Νεόκαστρα</em></strong></span> <span class='ocrx_word' id='word_1_191' title='bbox 1297 1578 1365 1620; x_wconf 80' lang='grc' dir='ltr'><strong><em>καὶ</em></strong></span> <span class='ocrx_word' id='word_1_192' title='bbox 1385 1577 1556 1620; x_wconf 81' lang='grc' dir='ltr'><strong><em>Λυδίαν</em></strong></span> <span class='ocrx_word' id='word_1_193' title='bbox 1577 1579 1716 1624; x_wconf 67' lang='lat' dir='ltr'><strong>mii-20</strong></span> 
     </span>
    </p>
   </div>
   <div class='ocr_carea' id='block_1_3' title="bbox 277 1670 527 1718">
    <p class='ocr_par' dir='ltr' id='par_1_5' title="bbox 277 1670 527 1718">
     <span class='ocr_line' id='line_1_22' title="bbox 277 1670 527 1718; baseline -0.008 -10"><span class='ocrx_word' id='word_1_194' title='bbox 277 1675 334 1708; x_wconf 71' lang='grc' dir='ltr'><strong>ΞΟ.</strong></span> <span class='ocrx_word' id='word_1_195' title='bbox 359 1670 461 1718; x_wconf 73' lang='grc' dir='ltr'><strong><em>παρὰ</em></strong></span> <span class='ocrx_word' id='word_1_196' title='bbox 487 1673 527 1707; x_wconf 88' lang='grc' dir='ltr'><strong>Ρ.</strong></span> 
     </span>
    </p>
   </div>
   <div class='ocr_carea' id='block_1_4' title="bbox 180 1751 1663 2861">
    <p class='ocr_par' dir='ltr' id='par_1_6' title="bbox 180 1751 1663 2525">
     <span class='ocr_line' id='line_1_23' title="bbox 182 1751 1661 1800; baseline -0.001 -12"><span class='ocrx_word' id='word_1_197' title='bbox 182 1753 341 1800; x_wconf 75' lang='lat' dir='ltr'><strong>imposuit</strong></span> <span class='ocrx_word' id='word_1_198' title='bbox 364 1765 384 1788; x_wconf 92' lang='lat' dir='ltr'><strong>e</strong></span> <span class='ocrx_word' id='word_1_199' title='bbox 402 1752 466 1788; x_wconf 82' lang='lat' dir='ltr'>sibi</span> <span class='ocrx_word' id='word_1_200' title='bbox 488 1751 559 1787; x_wconf 86' lang='lat' dir='ltr'><strong>fida</strong></span> <span class='ocrx_word' id='word_1_201' title='bbox 581 1751 702 1787; x_wconf 82' lang='lat' dir='ltr'><strong>militia</strong></span> <span class='ocrx_word' id='word_1_202' title='bbox 725 1751 896 1787; x_wconf 79' lang='lat' dir='ltr'><strong>custodes.</strong></span> <span class='ocrx_word' id='word_1_203' title='bbox 942 1752 976 1787; x_wconf 90' lang='lat' dir='ltr'><strong>in</strong></span> <span class='ocrx_word' id='word_1_204' title='bbox 999 1753 1231 1796; x_wconf 86' lang='lat' dir='ltr'><strong>monasteriis,</strong></span> <span class='ocrx_word' id='word_1_205' title='bbox 1254 1764 1344 1800; x_wconf 85' lang='lat' dir='ltr'><strong>quae</strong></span> <span class='ocrx_word' id='word_1_206' title='bbox 1366 1753 1478 1787; x_wconf 84' lang='lat' dir='ltr'><strong>obiter</strong></span> <span class='ocrx_word' id='word_1_207' title='bbox 1499 1763 1661 1787; x_wconf 84' lang='lat' dir='ltr'><strong>occurre-</strong></span> 
     </span>
     <span class='ocr_line' id='line_1_24' title="bbox 183 1798 1661 1844; baseline -0.001 -9"><span class='ocrx_word' id='word_1_208' title='bbox 183 1803 264 1836; x_wconf 84' lang='lat' dir='ltr'><strong>rent</strong></span> <span class='ocrx_word' id='word_1_209' title='bbox 297 1800 396 1844; x_wconf 84' lang='lat' dir='ltr'><strong>(sunt</strong></span> <span class='ocrx_word' id='word_1_210' title='bbox 423 1804 537 1834; x_wconf 85' lang='lat' dir='ltr'><strong>autem</strong></span> <span class='ocrx_word' id='word_1_211' title='bbox 560 1799 597 1833; x_wconf 91' lang='lat' dir='ltr'><strong>in</strong></span> <span class='ocrx_word' id='word_1_212' title='bbox 619 1799 683 1832; x_wconf 87' lang='lat' dir='ltr'><strong>illis</strong></span> <span class='ocrx_word' id='word_1_213' title='bbox 706 1798 875 1834; x_wconf 79' lang='lat' dir='ltr'><strong>tractibus</strong></span> <span class='ocrx_word' id='word_1_214' title='bbox 897 1799 1002 1834; x_wconf 87' lang='lat' dir='ltr'><strong>multa</strong></span> <span class='ocrx_word' id='word_1_215' title='bbox 1026 1805 1062 1834; x_wconf 87' lang='lat' dir='ltr'><strong>et</strong></span> <span class='ocrx_word' id='word_1_216' title='bbox 1083 1800 1247 1844; x_wconf 86' lang='lat' dir='ltr'><strong>maxima)</strong></span> <span class='ocrx_word' id='word_1_217' title='bbox 1280 1799 1388 1834; x_wconf 83' lang='lat' dir='ltr'><strong>omitti</strong></span> <span class='ocrx_word' id='word_1_218' title='bbox 1410 1799 1550 1835; x_wconf 82' lang='lat' dir='ltr'><strong>iubebat</strong></span> <span class='ocrx_word' id='word_1_219' title='bbox 1570 1798 1661 1834; x_wconf 77' lang='lat' dir='ltr'><strong>inter</strong></span> 
     </span>
     <span class='ocr_line' id='line_1_25' title="bbox 187 1844 1662 1891; baseline -0.001 -10"><span class='ocrx_word' id='word_1_220' title='bbox 187 1857 289 1882; x_wconf 84' lang='lat' dir='ltr'><strong>sacra</strong></span> <span class='ocrx_word' id='word_1_221' title='bbox 311 1846 445 1880; x_wconf 84' lang='lat' dir='ltr'><strong>solitam</strong></span> <span class='ocrx_word' id='word_1_222' title='bbox 468 1845 670 1880; x_wconf 82' lang='lat' dir='ltr'>mentionem</span> <span class='ocrx_word' id='word_1_223' title='bbox 693 1847 943 1890; x_wconf 82' lang='lat' dir='ltr'><strong>Augustorum,</strong></span> <span class='ocrx_word' id='word_1_224' title='bbox 971 1857 1135 1891; x_wconf 88' lang='lat' dir='ltr'><strong>suumque</strong></span> <span class='ocrx_word' id='word_1_225' title='bbox 1157 1851 1197 1880; x_wconf 87' lang='lat' dir='ltr'><strong>ut</strong></span> <span class='ocrx_word' id='word_1_226' title='bbox 1219 1846 1344 1880; x_wconf 88' lang='lat' dir='ltr'><strong>nemini</strong></span> <span class='ocrx_word' id='word_1_227' title='bbox 1365 1844 1511 1881; x_wconf 84' lang='lat' dir='ltr'><strong>subiecti</strong></span> <span class='ocrx_word' id='word_1_228' title='bbox 1531 1844 1662 1890; x_wconf 86' lang='lat' dir='ltr'><strong>princi-</strong></span> 
     </span>
     <span class='ocr_line' id='line_1_26' title="bbox 185 1891 1662 1939; baseline -0.001 -13"><span class='ocrx_word' id='word_1_229' title='bbox 185 1893 242 1939; x_wconf 87' lang='lat' dir='ltr'><strong>pis</strong></span> <span class='ocrx_word' id='word_1_230' title='bbox 268 1891 450 1927; x_wconf 87' lang='lat' dir='ltr'><strong>memorari</strong></span> <span class='ocrx_word' id='word_1_231' title='bbox 471 1903 591 1926; x_wconf 89' lang='lat' dir='ltr'><strong>nomen</strong></span> <span class='ocrx_word' id='word_1_232' title='bbox 613 1891 799 1926; x_wconf 84' lang='lat' dir='ltr'><strong>mandabat</strong></span> <span class='ocrx_word' id='word_1_233' title='bbox 827 1891 917 1926; x_wconf 91' lang='lat' dir='ltr'><strong>nullo</strong></span> <span class='ocrx_word' id='word_1_234' title='bbox 941 1892 1090 1926; x_wconf 82' lang='lat' dir='ltr'><strong>audente</strong></span> <span class='ocrx_word' id='word_1_235' title='bbox 1111 1893 1319 1928; x_wconf 80' lang='lat' dir='ltr'><strong>detrectare.</strong></span> <span class='ocrx_word' id='word_1_236' title='bbox 1364 1891 1446 1938; x_wconf 90' lang='lat' dir='ltr'><strong>quid</strong></span> <span class='ocrx_word' id='word_1_237' title='bbox 1468 1891 1555 1926; x_wconf 86' lang='lat' dir='ltr'><strong>enim</strong></span> <span class='ocrx_word' id='word_1_238' title='bbox 1578 1902 1662 1926; x_wconf 85' lang='lat' dir='ltr'><strong>con-</strong></span> 
     </span>
     <span class='ocr_line' id='line_1_27' title="bbox 185 1938 1663 1974; baseline 0 -2"><span class='ocrx_word' id='word_1_239' title='bbox 185 1945 243 1973; x_wconf 82' lang='lat' dir='ltr'><strong>tra</strong></span> <span class='ocrx_word' id='word_1_240' title='bbox 267 1939 438 1974; x_wconf 87' lang='lat' dir='ltr'><strong>hiscerent.</strong></span> <span class='ocrx_word' id='word_1_241' title='bbox 471 1938 617 1972; x_wconf 87' lang='lat' dir='ltr'><strong>inermes</strong></span> <span class='ocrx_word' id='word_1_242' title='bbox 647 1943 785 1973; x_wconf 82' lang='lat' dir='ltr'><strong>ascetae</strong></span> <span class='ocrx_word' id='word_1_243' title='bbox 815 1938 979 1973; x_wconf 81' lang='lat' dir='ltr'><strong>adversus</strong></span> <span class='ocrx_word' id='word_1_244' title='bbox 1001 1939 1146 1973; x_wconf 84' lang='lat' dir='ltr'><strong>edictum</strong></span> <span class='ocrx_word' id='word_1_245' title='bbox 1167 1942 1264 1973; x_wconf 83' lang='lat' dir='ltr'><strong>tanto</strong></span> <span class='ocrx_word' id='word_1_246' title='bbox 1289 1938 1487 1974; x_wconf 79' lang='lat' dir='ltr'><strong>circumfusi</strong></span> <span class='ocrx_word' id='word_1_247' title='bbox 1507 1938 1663 1973; x_wconf 84' lang='lat' dir='ltr'><strong>exercitu</strong></span> 
     </span>
     <span class='ocr_line' id='line_1_28' title="bbox 187 1984 1662 2031; baseline 0.001 -13"><span class='ocrx_word' id='word_1_248' title='bbox 187 1984 298 2028; x_wconf 82' lang='lat' dir='ltr'><strong>ducis,</strong></span> <span class='ocrx_word' id='word_1_249' title='bbox 322 1985 380 2030; x_wconf 80' lang='lat' dir='ltr'><strong>qui</strong></span> <span class='ocrx_word' id='word_1_250' title='bbox 403 1997 442 2019; x_wconf 82' lang='lat' dir='ltr'><strong>se</strong></span> <span class='ocrx_word' id='word_1_251' title='bbox 464 1984 633 2020; x_wconf 85' lang='lat' dir='ltr'><strong>dominum</strong></span> <span class='ocrx_word' id='word_1_252' title='bbox 656 1984 812 2026; x_wconf 90' lang='lat' dir='ltr'><strong>omnium,</strong></span> <span class='ocrx_word' id='word_1_253' title='bbox 836 1996 879 2019; x_wconf 90' lang='lat' dir='ltr'><strong>ne</strong></span> <span class='ocrx_word' id='word_1_254' title='bbox 901 1984 1009 2019; x_wconf 84' lang='lat' dir='ltr'><strong>sacris</strong></span> <span class='ocrx_word' id='word_1_255' title='bbox 1031 1985 1165 2031; x_wconf 87' lang='lat' dir='ltr'><strong>quidem</strong></span> <span class='ocrx_word' id='word_1_256' title='bbox 1187 1985 1359 2031; x_wconf 85' lang='lat' dir='ltr'><strong>exceptis,</strong></span> <span class='ocrx_word' id='word_1_257' title='bbox 1379 1997 1419 2020; x_wconf 90' lang='lat' dir='ltr'><strong>re</strong></span> <span class='ocrx_word' id='word_1_258' title='bbox 1440 1985 1516 2030; x_wconf 86' lang='lat' dir='ltr'><strong>ipsa</strong></span> <span class='ocrx_word' id='word_1_259' title='bbox 1535 1985 1662 2029; x_wconf 77' lang='lat' dir='ltr'><strong>proba-</strong></span> 
     </span>
     <span class='ocr_line' id='line_1_29' title="bbox 189 2029 1663 2077; baseline 0.001 -13"><span class='ocrx_word' id='word_1_260' title='bbox 189 2032 263 2071; x_wconf 88' lang='lat' dir='ltr'><strong>bat,</strong></span> <span class='ocrx_word' id='word_1_261' title='bbox 287 2031 391 2065; x_wconf 85' lang='lat' dir='ltr'><strong>multa</strong></span> <span class='ocrx_word' id='word_1_262' title='bbox 415 2031 540 2077; x_wconf 87' lang='lat' dir='ltr'><strong>passim</strong></span> <span class='ocrx_word' id='word_1_263' title='bbox 563 2043 584 2066; x_wconf 89' lang='lat' dir='ltr'><strong>e</strong></span> <span class='ocrx_word' id='word_1_264' title='bbox 607 2031 776 2066; x_wconf 89' lang='lat' dir='ltr'><strong>coenobiis</strong></span> <span class='ocrx_word' id='word_1_265' title='bbox 798 2032 958 2065; x_wconf 84' lang='lat' dir='ltr'><strong>auferens</strong></span> <span class='ocrx_word' id='word_1_266' title='bbox 980 2043 1069 2076; x_wconf 88' lang='lat' dir='ltr'><strong>quae</strong></span> <span class='ocrx_word' id='word_1_267' title='bbox 1091 2031 1255 2066; x_wconf 84' lang='lat' dir='ltr'><strong>militibus</strong></span> <span class='ocrx_word' id='word_1_268' title='bbox 1279 2031 1474 2076; x_wconf 78' lang='lat' dir='ltr'><strong>largiretur,</strong></span> <span class='ocrx_word' id='word_1_269' title='bbox 1488 2029 1663 2065; x_wconf 78' lang='lat' dir='ltr'><strong>monachis</strong></span> 
     </span>
     <span class='ocr_line' id='line_1_30' title="bbox 192 2075 1662 2124; baseline 0.001 -15"><span class='ocrx_word' id='word_1_270' title='bbox 192 2088 424 2122; x_wconf 86' lang='lat' dir='ltr'><strong>quaecumque</strong></span> <span class='ocrx_word' id='word_1_271' title='bbox 448 2078 675 2123; x_wconf 82' lang='lat' dir='ltr'><strong>poscebantur</strong></span> <span class='ocrx_word' id='word_1_272' title='bbox 697 2077 843 2112; x_wconf 86' lang='lat' dir='ltr'><strong>libenter</strong></span> <span class='ocrx_word' id='word_1_273' title='bbox 864 2077 1100 2120; x_wconf 81' lang='lat' dir='ltr'><strong>tradentibus,</strong></span> <span class='ocrx_word' id='word_1_274' title='bbox 1130 2078 1207 2112; x_wconf 91' lang='lat' dir='ltr'><strong>dum</strong></span> <span class='ocrx_word' id='word_1_275' title='bbox 1231 2079 1440 2124; x_wconf 84' lang='lat' dir='ltr'><strong>reputabant</strong></span> <span class='ocrx_word' id='word_1_276' title='bbox 1461 2088 1523 2122; x_wconf 90' lang='lat' dir='ltr'><strong>pro</strong></span> <span class='ocrx_word' id='word_1_277' title='bbox 1546 2075 1662 2111; x_wconf 81' lang='lat' dir='ltr'><strong>condi-</strong></span> 
     </span>
     <span class='ocr_line' id='line_1_31' title="bbox 187 2122 1662 2171; baseline 0 -15"><span class='ocrx_word' id='word_1_278' title='bbox 187 2123 281 2157; x_wconf 85' lang='lat' dir='ltr'><strong>tione</strong></span> <span class='ocrx_word' id='word_1_279' title='bbox 305 2127 492 2168; x_wconf 81' lang='lat' dir='ltr'><strong>temporum</strong></span> <span class='ocrx_word' id='word_1_280' title='bbox 516 2135 641 2170; x_wconf 79' lang='lat' dir='ltr'><strong>parvas</strong></span> <span class='ocrx_word' id='word_1_281' title='bbox 663 2123 749 2158; x_wconf 86' lang='lat' dir='ltr'><strong>istas</strong></span> <span class='ocrx_word' id='word_1_282' title='bbox 772 2129 809 2158; x_wconf 89' lang='lat' dir='ltr'><strong>et</strong></span> <span class='ocrx_word' id='word_1_283' title='bbox 831 2123 1025 2159; x_wconf 83' lang='lat' dir='ltr'><strong>tolerabiles</strong></span> <span class='ocrx_word' id='word_1_284' title='bbox 1053 2124 1173 2159; x_wconf 88' lang='lat' dir='ltr'><strong>haberi</strong></span> <span class='ocrx_word' id='word_1_285' title='bbox 1195 2124 1321 2163; x_wconf 79' lang='lat' dir='ltr'><strong>debere</strong></span> <span class='ocrx_word' id='word_1_286' title='bbox 1341 2125 1504 2171; x_wconf 74' lang='lat' dir='ltr'><strong>iacturas,</strong></span> <span class='ocrx_word' id='word_1_287' title='bbox 1525 2122 1570 2156; x_wconf 87' lang='lat' dir='ltr'><strong>iis</strong></span> <span class='ocrx_word' id='word_1_288' title='bbox 1591 2122 1662 2156; x_wconf 82' lang='lat' dir='ltr'><strong>uti-</strong></span> 
     </span>
     <span class='ocr_line' id='line_1_32' title="bbox 186 2167 1662 2216; baseline -0.001 -14"><span class='ocrx_word' id='word_1_289' title='bbox 186 2180 255 2213; x_wconf 88' lang='lat' dir='ltr'><strong>que</strong></span> <span class='ocrx_word' id='word_1_290' title='bbox 279 2169 338 2213; x_wconf 91' lang='lat' dir='ltr'><strong>qui</strong></span> <span class='ocrx_word' id='word_1_291' title='bbox 360 2174 399 2203; x_wconf 90' lang='lat' dir='ltr'><strong>ut</strong></span> <span class='ocrx_word' id='word_1_292' title='bbox 432 2169 498 2214; x_wconf 87' lang='lat' dir='ltr'><strong>ipsi</strong></span> <span class='ocrx_word' id='word_1_293' title='bbox 529 2170 612 2204; x_wconf 87' lang='lat' dir='ltr'><strong>locis</strong></span> <span class='ocrx_word' id='word_1_294' title='bbox 634 2169 855 2216; x_wconf 69' lang='lat' dir='ltr'><strong>perhxfestis,</strong></span> <span class='ocrx_word' id='word_1_295' title='bbox 886 2170 972 2205; x_wconf 86' lang='lat' dir='ltr'><strong>adeo</strong></span> <span class='ocrx_word' id='word_1_296' title='bbox 1002 2171 1198 2206; x_wconf 80' lang='lat' dir='ltr'><strong>turbulenta</strong></span> <span class='ocrx_word' id='word_1_297' title='bbox 1228 2175 1451 2216; x_wconf 82' lang='lat' dir='ltr'><strong>tempestate,</strong></span> <span class='ocrx_word' id='word_1_298' title='bbox 1488 2167 1662 2213; x_wconf 79' lang='lat' dir='ltr'><strong>inspoliati</strong></span> 
     </span>
     <span class='ocr_line' id='line_1_33' title="bbox 183 2215 1661 2263; baseline 0 -16"><span class='ocrx_word' id='word_1_299' title='bbox 183 2215 349 2248; x_wconf 88' lang='lat' dir='ltr'><strong>hactenus</strong></span> <span class='ocrx_word' id='word_1_300' title='bbox 372 2215 407 2249; x_wconf 89' lang='lat' dir='ltr'><strong>in</strong></span> <span class='ocrx_word' id='word_1_301' title='bbox 431 2221 524 2250; x_wconf 87' lang='lat' dir='ltr'><strong>statu</strong></span> <span class='ocrx_word' id='word_1_302' title='bbox 548 2217 634 2251; x_wconf 86' lang='lat' dir='ltr'><strong>satis</strong></span> <span class='ocrx_word' id='word_1_303' title='bbox 658 2215 838 2263; x_wconf 84' lang='lat' dir='ltr'><strong>tranquillo</strong></span> <span class='ocrx_word' id='word_1_304' title='bbox 861 2223 1132 2262; x_wconf 85' lang='lat' dir='ltr'><strong>perseverarent.</strong></span> <span class='ocrx_word' id='word_1_305' title='bbox 1178 2217 1322 2263; x_wconf 91' lang='lat' dir='ltr'><strong>primum</strong></span> <span class='ocrx_word' id='word_1_306' title='bbox 1344 2227 1459 2262; x_wconf 85' lang='lat' dir='ltr'><strong>porro,</strong></span> <span class='ocrx_word' id='word_1_307' title='bbox 1480 2219 1661 2259; x_wconf 81' lang='lat' dir='ltr'><strong>postquam</strong></span> 
     </span>
     <span class='ocr_line' id='line_1_34' title="bbox 182 2260 1660 2308; baseline 0 -14"><span class='ocrx_word' id='word_1_308' title='bbox 182 2261 421 2302; x_wconf 86' lang='lat' dir='ltr'><strong>rebellaverat,</strong></span> <span class='ocrx_word' id='word_1_309' title='bbox 447 2262 723 2308; x_wconf 86' lang='lat' dir='ltr'><strong>Philanthropeni</strong></span> <span class='ocrx_word' id='word_1_310' title='bbox 746 2263 903 2298; x_wconf 89' lang='lat' dir='ltr'><strong>bellicum</strong></span> <span class='ocrx_word' id='word_1_311' title='bbox 935 2263 1068 2299; x_wconf 75' lang='lat' dir='ltr'><strong>facinus</strong></span> <span class='ocrx_word' id='word_1_312' title='bbox 1098 2263 1164 2298; x_wconf 82' lang='lat' dir='ltr'><strong>fuit</strong></span> <span class='ocrx_word' id='word_1_313' title='bbox 1195 2264 1331 2298; x_wconf 88' lang='lat' dir='ltr'><strong>mittere</strong></span> <span class='ocrx_word' id='word_1_314' title='bbox 1353 2261 1413 2308; x_wconf 88' lang='lat' dir='ltr'><strong>qui</strong></span> <span class='ocrx_word' id='word_1_315' title='bbox 1439 2260 1660 2304; x_wconf 80' lang='lat' dir='ltr'><strong>comprehen-</strong></span> 
     </span>
     <span class='ocr_line' id='line_1_35' title="bbox 183 2307 1661 2355; baseline 0.001 -15"><span class='ocrx_word' id='word_1_316' title='bbox 183 2307 308 2341; x_wconf 84' lang='lat' dir='ltr'><strong>derent</strong></span> <span class='ocrx_word' id='word_1_317' title='bbox 337 2307 554 2342; x_wconf 81' lang='lat' dir='ltr'><strong>Theodorum</strong></span> <span class='ocrx_word' id='word_1_318' title='bbox 584 2309 801 2355; x_wconf 85' lang='lat' dir='ltr'><strong>imperatoris</strong></span> <span class='ocrx_word' id='word_1_319' title='bbox 835 2311 997 2352; x_wconf 84' lang='lat' dir='ltr'><strong>fratrem,</strong></span> <span class='ocrx_word' id='word_1_320' title='bbox 1030 2310 1066 2344; x_wconf 88' lang='lat' dir='ltr'><strong>in</strong></span> <span class='ocrx_word' id='word_1_321' title='bbox 1095 2310 1220 2345; x_wconf 86' lang='lat' dir='ltr'><strong>vicinia</strong></span> <span class='ocrx_word' id='word_1_322' title='bbox 1244 2314 1316 2344; x_wconf 87' lang='lat' dir='ltr'><strong>tum</strong></span> <span class='ocrx_word' id='word_1_323' title='bbox 1338 2309 1428 2342; x_wconf 81' lang='lat' dir='ltr'><strong>forte</strong></span> <span class='ocrx_word' id='word_1_324' title='bbox 1451 2317 1661 2341; x_wconf 82' lang='lat' dir='ltr'><strong>commoran-</strong></span> 
     </span>
     <span class='ocr_line' id='line_1_36' title="bbox 181 2351 1660 2402; baseline 0.001 -17"><span class='ocrx_word' id='word_1_325' title='bbox 181 2355 271 2395; x_wconf 80' lang='lat' dir='ltr'><strong>tem,</strong></span> <span class='ocrx_word' id='word_1_326' title='bbox 304 2363 403 2398; x_wconf 88' lang='lat' dir='ltr'><strong>quem</strong></span> <span class='ocrx_word' id='word_1_327' title='bbox 427 2354 462 2388; x_wconf 90' lang='lat' dir='ltr'><strong>in</strong></span> <span class='ocrx_word' id='word_1_328' title='bbox 486 2366 598 2389; x_wconf 88' lang='lat' dir='ltr'><strong>arcem</strong></span> <span class='ocrx_word' id='word_1_329' title='bbox 621 2356 836 2401; x_wconf 88' lang='lat' dir='ltr'><strong>deportatum</strong></span> <span class='ocrx_word' id='word_1_330' title='bbox 867 2356 911 2390; x_wconf 87' lang='lat' dir='ltr'><strong>ad</strong></span> <span class='ocrx_word' id='word_1_331' title='bbox 934 2356 1109 2402; x_wconf 79' lang='lat' dir='ltr'><strong>Ephesum</strong></span> <span class='ocrx_word' id='word_1_332' title='bbox 1131 2355 1233 2390; x_wconf 85' lang='lat' dir='ltr'><strong>sitam</strong></span> <span class='ocrx_word' id='word_1_333' title='bbox 1253 2355 1299 2389; x_wconf 89' lang='lat' dir='ltr'><strong>ibi</strong></span> <span class='ocrx_word' id='word_1_334' title='bbox 1323 2351 1486 2388; x_wconf 85' lang='lat' dir='ltr'><strong>custodiri</strong></span> <span class='ocrx_word' id='word_1_335' title='bbox 1510 2351 1660 2387; x_wconf 88' lang='lat' dir='ltr'><strong>clausum</strong></span> 
     </span>
     <span class='ocr_line' id='line_1_37' title="bbox 180 2398 1660 2448; baseline 0 -16"><span class='ocrx_word' id='word_1_336' title='bbox 180 2398 293 2433; x_wconf 87' lang='lat' dir='ltr'><strong>iussit.</strong></span> <span class='ocrx_word' id='word_1_337' title='bbox 339 2399 417 2433; x_wconf 83' lang='lat' dir='ltr'><strong>hinc</strong></span> <span class='ocrx_word' id='word_1_338' title='bbox 442 2401 610 2445; x_wconf 85' lang='lat' dir='ltr'><strong>protrusis</strong></span> <span class='ocrx_word' id='word_1_339' title='bbox 632 2401 700 2437; x_wconf 86' lang='lat' dir='ltr'><strong>iam</strong></span> <span class='ocrx_word' id='word_1_340' title='bbox 722 2402 816 2436; x_wconf 85' lang='lat' dir='ltr'><strong>ultra</strong></span> <span class='ocrx_word' id='word_1_341' title='bbox 834 2413 935 2447; x_wconf 85' lang='lat' dir='ltr'><strong>quam</strong></span> <span class='ocrx_word' id='word_1_342' title='bbox 957 2402 1067 2448; x_wconf 88' lang='lat' dir='ltr'><strong>primo</strong></span> <span class='ocrx_word' id='word_1_343' title='bbox 1090 2402 1322 2436; x_wconf 85' lang='lat' dir='ltr'><strong>destinaverat</strong></span> <span class='ocrx_word' id='word_1_344' title='bbox 1342 2400 1457 2439; x_wconf 80' lang='lat' dir='ltr'><strong>rebus,</strong></span> <span class='ocrx_word' id='word_1_345' title='bbox 1474 2398 1564 2433; x_wconf 84' lang='lat' dir='ltr'><strong>haud</strong></span> <span class='ocrx_word' id='word_1_346' title='bbox 1587 2410 1660 2433; x_wconf 85' lang='lat' dir='ltr'><strong>am-</strong></span> 
     </span>
     <span class='ocr_line' id='line_1_38' title="bbox 184 2444 1660 2525; baseline 0.001 -47"><span class='ocrx_word' id='word_1_347' title='bbox 184 2444 277 2525; x_wconf 50' lang='lat' dir='ltr'><strong>Rlius</strong></span> <span class='ocrx_word' id='word_1_348' title='bbox 307 2444 583 2480; x_wconf 89' lang='lat' dir='ltr'><strong>dissimulandum</strong></span> <span class='ocrx_word' id='word_1_349' title='bbox 616 2447 883 2482; x_wconf 87' lang='lat' dir='ltr'><strong>cunctandumve</strong></span> <span class='ocrx_word' id='word_1_350' title='bbox 915 2455 1034 2491; x_wconf 85' lang='lat' dir='ltr'><strong>ratus,</strong></span> <span class='ocrx_word' id='word_1_351' title='bbox 1066 2450 1273 2492; x_wconf 85' lang='lat' dir='ltr'><strong>assumptum</strong></span> <span class='ocrx_word' id='word_1_352' title='bbox 1302 2445 1486 2480; x_wconf 82' lang='lat' dir='ltr'><strong>exercitum</strong></span> <span class='ocrx_word' id='word_1_353' title='bbox 1518 2444 1553 2479; x_wconf 88' lang='lat' dir='ltr'><strong>in</strong></span> <span class='ocrx_word' id='word_1_354' title='bbox 1582 2444 1660 2480; x_wconf 80' lang='lat' dir='ltr'><strong>loca</strong></span> 
     </span>
    </p>

    <p class='ocr_par' dir='ltr' id='par_1_7' title="bbox 182 2490 1661 2861">
     <span class='ocr_line' id='line_1_39' title="bbox 223 2490 1661 2538; baseline 0 -14"><span class='ocrx_word' id='word_1_355' title='bbox 223 2491 389 2536; x_wconf 82' lang='lat' dir='ltr'><strong>ymphaeo</strong></span> <span class='ocrx_word' id='word_1_356' title='bbox 421 2491 617 2528; x_wconf 82' lang='lat' dir='ltr'><strong>circumsita</strong></span> <span class='ocrx_word' id='word_1_357' title='bbox 647 2494 765 2538; x_wconf 85' lang='lat' dir='ltr'><strong>duxit,</strong></span> <span class='ocrx_word' id='word_1_358' title='bbox 801 2493 916 2538; x_wconf 89' lang='lat' dir='ltr'><strong>ibique</strong></span> <span class='ocrx_word' id='word_1_359' title='bbox 938 2494 975 2528; x_wconf 90' lang='lat' dir='ltr'><strong>in</strong></span> <span class='ocrx_word' id='word_1_360' title='bbox 1011 2493 1144 2529; x_wconf 81' lang='lat' dir='ltr'><strong>stativis</strong></span> <span class='ocrx_word' id='word_1_361' title='bbox 1167 2492 1297 2527; x_wconf 84' lang='lat' dir='ltr'><strong>habuit.</strong></span> <span class='ocrx_word' id='word_1_362' title='bbox 1343 2492 1418 2537; x_wconf 86' lang='lat' dir='ltr'><strong>ipse</strong></span> <span class='ocrx_word' id='word_1_363' title='bbox 1439 2490 1574 2525; x_wconf 83' lang='lat' dir='ltr'><strong>interim</strong></span> <span class='ocrx_word' id='word_1_364' title='bbox 1596 2502 1661 2525; x_wconf 84' lang='lat' dir='ltr'><strong>au-</strong></span> 
     </span>
     <span class='ocr_line' id='line_1_40' title="bbox 182 2536 1660 2585; baseline 0.001 -15"><span class='ocrx_word' id='word_1_365' title='bbox 182 2537 295 2580; x_wconf 82' lang='lat' dir='ltr'><strong>gendo</strong></span> <span class='ocrx_word' id='word_1_366' title='bbox 319 2539 521 2582; x_wconf 81' lang='lat' dir='ltr'><strong>praesertim</strong></span> <span class='ocrx_word' id='word_1_367' title='bbox 547 2539 714 2584; x_wconf 85' lang='lat' dir='ltr'><strong>equitatui</strong></span> <span class='ocrx_word' id='word_1_368' title='bbox 734 2540 911 2578; x_wconf 79' lang='lat' dir='ltr'><strong>intentus.</strong></span> <span class='ocrx_word' id='word_1_369' title='bbox 937 2551 1038 2585; x_wconf 89' lang='lat' dir='ltr'><strong>quam</strong></span> <span class='ocrx_word' id='word_1_370' title='bbox 1061 2538 1272 2584; x_wconf 84' lang='lat' dir='ltr'><strong>amplissimis</strong></span> <span class='ocrx_word' id='word_1_371' title='bbox 1295 2536 1540 2573; x_wconf 85' lang='lat' dir='ltr'><strong>conditionibus</strong></span> <span class='ocrx_word' id='word_1_372' title='bbox 1563 2536 1660 2582; x_wconf 79' lang='lat' dir='ltr'><strong>equi-</strong></span> 
     </span>
     <span class='ocr_line' id='line_1_41' title="bbox 182 2584 1660 2630; baseline 0 -14"><span class='ocrx_word' id='word_1_373' title='bbox 182 2588 238 2617; x_wconf 82' lang='lat' dir='ltr'><strong>tes</strong></span> <span class='ocrx_word' id='word_1_374' title='bbox 264 2584 497 2629; x_wconf 87' lang='lat' dir='ltr'><strong>undecumque</strong></span> <span class='ocrx_word' id='word_1_375' title='bbox 520 2584 700 2628; x_wconf 81' lang='lat' dir='ltr'><strong>invitabat,</strong></span> <span class='ocrx_word' id='word_1_376' title='bbox 726 2597 814 2630; x_wconf 89' lang='lat' dir='ltr'><strong>equo</strong></span> <span class='ocrx_word' id='word_1_377' title='bbox 837 2585 939 2620; x_wconf 83' lang='lat' dir='ltr'><strong>etiam</strong></span> <span class='ocrx_word' id='word_1_378' title='bbox 963 2585 1131 2620; x_wconf 86' lang='lat' dir='ltr'><strong>attributo</strong></span> <span class='ocrx_word' id='word_1_379' title='bbox 1155 2596 1221 2620; x_wconf 90' lang='lat' dir='ltr'><strong>non</strong></span> <span class='ocrx_word' id='word_1_380' title='bbox 1239 2585 1357 2630; x_wconf 81' lang='lat' dir='ltr'><strong>paucis</strong></span> <span class='ocrx_word' id='word_1_381' title='bbox 1379 2594 1494 2618; x_wconf 87' lang='lat' dir='ltr'><strong>eorum</strong></span> <span class='ocrx_word' id='word_1_382' title='bbox 1517 2594 1660 2628; x_wconf 83' lang='lat' dir='ltr'><strong>quorum</strong></span> 
     </span>
     <span class='ocr_line' id='line_1_42' title="bbox 185 2628 1661 2678; baseline 0 -16"><span class='ocrx_word' id='word_1_383' title='bbox 185 2628 354 2663; x_wconf 80' lang='lat' dir='ltr'><strong>virtutem</strong></span> <span class='ocrx_word' id='word_1_384' title='bbox 375 2630 527 2675; x_wconf 83' lang='lat' dir='ltr'><strong>pedestri</strong></span> <span class='ocrx_word' id='word_1_385' title='bbox 550 2630 671 2666; x_wconf 87' lang='lat' dir='ltr'><strong>militia</strong></span> <span class='ocrx_word' id='word_1_386' title='bbox 695 2633 876 2678; x_wconf 83' lang='lat' dir='ltr'><strong>probarat,</strong></span> <span class='ocrx_word' id='word_1_387' title='bbox 900 2643 920 2666; x_wconf 88' lang='lat' dir='ltr'><strong>e</strong></span> <span class='ocrx_word' id='word_1_388' title='bbox 942 2631 1066 2676; x_wconf 76' lang='lat' dir='ltr'><strong>quibus</strong></span> <span class='ocrx_word' id='word_1_389' title='bbox 1090 2632 1389 2676; x_wconf 84' lang='lat' dir='ltr'><strong>cataphractorum</strong></span> <span class='ocrx_word' id='word_1_390' title='bbox 1412 2628 1545 2664; x_wconf 85' lang='lat' dir='ltr'><strong>validos</strong></span> <span class='ocrx_word' id='word_1_391' title='bbox 1566 2628 1661 2663; x_wconf 86' lang='lat' dir='ltr'><strong>ordi-</strong></span> 
     </span>
     <span class='ocr_line' id='line_1_43' title="bbox 184 2674 1659 2723; baseline 0 -15"><span class='ocrx_word' id='word_1_392' title='bbox 184 2685 248 2709; x_wconf 90' lang='lat' dir='ltr'><strong>nes</strong></span> <span class='ocrx_word' id='word_1_393' title='bbox 272 2675 429 2712; x_wconf 85' lang='lat' dir='ltr'><strong>confecit.</strong></span> <span class='ocrx_word' id='word_1_394' title='bbox 476 2676 737 2722; x_wconf 82' lang='lat' dir='ltr'><strong>circumspicere</strong></span> <span class='ocrx_word' id='word_1_395' title='bbox 768 2682 840 2712; x_wconf 87' lang='lat' dir='ltr'><strong>tum</strong></span> <span class='ocrx_word' id='word_1_396' title='bbox 871 2677 986 2723; x_wconf 87' lang='lat' dir='ltr'><strong>coepit</strong></span> <span class='ocrx_word' id='word_1_397' title='bbox 1018 2678 1213 2723; x_wconf 83' lang='lat' dir='ltr'><strong>praefectos</strong></span> <span class='ocrx_word' id='word_1_398' title='bbox 1234 2677 1450 2712; x_wconf 76' lang='lat' dir='ltr'><strong>finitimarum</strong></span> <span class='ocrx_word' id='word_1_399' title='bbox 1473 2674 1659 2720; x_wconf 81' lang='lat' dir='ltr'><strong>regionum,</strong></span> 
     </span>
     <span class='ocr_line' id='line_1_44' title="bbox 183 2720 1660 2770; baseline 0.001 -15"><span class='ocrx_word' id='word_1_400' title='bbox 183 2725 222 2755; x_wconf 84' lang='lat' dir='ltr'><strong>et.</strong></span> <span class='ocrx_word' id='word_1_401' title='bbox 246 2732 361 2756; x_wconf 84' lang='lat' dir='ltr'><strong>secum</strong></span> <span class='ocrx_word' id='word_1_402' title='bbox 384 2723 501 2758; x_wconf 86' lang='lat' dir='ltr'><strong>modos</strong></span> <span class='ocrx_word' id='word_1_403' title='bbox 523 2723 699 2768; x_wconf 85' lang='lat' dir='ltr'><strong>exquirere</strong></span> <span class='ocrx_word' id='word_1_404' title='bbox 723 2724 964 2770; x_wconf 86' lang='lat' dir='ltr'><strong>cuiuscumque</strong></span> <span class='ocrx_word' id='word_1_405' title='bbox 996 2723 1146 2769; x_wconf 87' lang='lat' dir='ltr'><strong>ipsorum</strong></span> <span class='ocrx_word' id='word_1_406' title='bbox 1168 2723 1354 2768; x_wconf 79' lang='lat' dir='ltr'><strong>subigendi.</strong></span> <span class='ocrx_word' id='word_1_407' title='bbox 1399 2721 1434 2756; x_wconf 86' lang='lat' dir='ltr'><strong>in</strong></span> <span class='ocrx_word' id='word_1_408' title='bbox 1456 2721 1510 2756; x_wconf 89' lang='lat' dir='ltr'><strong>his</strong></span> <span class='ocrx_word' id='word_1_409' title='bbox 1557 2720 1660 2756; x_wconf 84' lang='lat' dir='ltr'><strong>rimus</strong></span> 
     </span>
     <span class='ocr_line' id='line_1_45' title="bbox 183 2766 1661 2816; baseline 0 -15"><span class='ocrx_word' id='word_1_410' title='bbox 183 2768 390 2803; x_wconf 85' lang='lat' dir='ltr'><strong>occurrebat.</strong></span> <span class='ocrx_word' id='word_1_411' title='bbox 425 2769 707 2814; x_wconf 85' lang='lat' dir='ltr'><strong>protovestiarita</strong></span> <span class='ocrx_word' id='word_1_412' title='bbox 737 2770 962 2813; x_wconf 79' lang='lat' dir='ltr'><strong>Libadarius‚</strong></span> <span class='ocrx_word' id='word_1_413' title='bbox 997 2781 1097 2816; x_wconf 84' lang='lat' dir='ltr'><strong>quem</strong></span> <span class='ocrx_word' id='word_1_414' title='bbox 1136 2779 1388 2815; x_wconf 85' lang='lat' dir='ltr'><strong>praeoccupare</strong></span> <span class='ocrx_word' id='word_1_415' title='bbox 1422 2779 1464 2803; x_wconf 90' lang='lat' dir='ltr'><strong>eo</strong></span> <span class='ocrx_word' id='word_1_416' title='bbox 1495 2779 1534 2802; x_wconf 93' lang='lat' dir='ltr'><strong>so</strong></span> <span class='ocrx_word' id='word_1_417' title='bbox 1548 2766 1661 2802; x_wconf 84' lang='lat' dir='ltr'><strong>’citius</strong></span> 
     </span>
     <span class='ocr_line' id='line_1_46' title="bbox 184 2812 1661 2861; baseline 0 -13"><span class='ocrx_word' id='word_1_418' title='bbox 184 2813 368 2857; x_wconf 80' lang='lat' dir='ltr'><strong>studebat,</strong></span> <span class='ocrx_word' id='word_1_419' title='bbox 397 2826 465 2861; x_wconf 90' lang='lat' dir='ltr'><strong>quo</strong></span> <span class='ocrx_word' id='word_1_420' title='bbox 496 2814 659 2851; x_wconf 82' lang='lat' dir='ltr'><strong>viciniora</strong></span> <span class='ocrx_word' id='word_1_421' title='bbox 688 2815 745 2851; x_wconf 87' lang='lat' dir='ltr'><strong>ille</strong></span> <span class='ocrx_word' id='word_1_422' title='bbox 777 2816 952 2852; x_wconf 83' lang='lat' dir='ltr'><strong>obtinebat</strong></span> <span class='ocrx_word' id='word_1_423' title='bbox 981 2815 1077 2859; x_wconf 88' lang='lat' dir='ltr'><strong>loca,</strong></span> <span class='ocrx_word' id='word_1_424' title='bbox 1110 2815 1214 2852; x_wconf 86' lang='lat' dir='ltr'><strong>terris</strong></span> <span class='ocrx_word' id='word_1_425' title='bbox 1241 2815 1331 2851; x_wconf 83' lang='lat' dir='ltr'><strong>circa</strong></span> <span class='ocrx_word' id='word_1_426' title='bbox 1362 2814 1556 2850; x_wconf 81' lang='lat' dir='ltr'><strong>Neocastra</strong></span> <span class='ocrx_word' id='word_1_427' title='bbox 1585 2812 1661 2849; x_wconf 73' lang='lat' dir='ltr'><strong>sitis</strong></span> 
     </span>
    </p>
   </div>
  </div>
 </body>
</html>
