1820 3112
340 140 417 183 DE
442 135 777 183 ANDRONICO
808 131 1183 179 PALAEOLOGO
1215 131 1263 175 L.
1288 130 1367 175 IV.
1485 127 1584 176 283

123 273 203 312 ραν
221 252 455 311 παρρησίας
475 249 721 307 ὖπανοιγνῦς
738 252 798 308 τῷ
817 246 984 292 θέλοντι
1005 242 1284 302 ἐντυγχάνειν,
1314 244 1398 287 ἐπεὶ
1427 243 1495 287 καὶ
1511 241 1588 286 οὐκ

123 320 174 382 ἦν
193 319 506 379 μεταγινώσκειν
528 317 674 376 αὐτόν)
687 351 701 372 ,
736 313 948 372 οἷψᾶμενοι
965 320 1039 370 τῆς
1064 313 1165 358 ὃδοῦ
1177 347 1191 368 ,
1226 313 1402 368 βασιλέα
1426 312 1501 367 μὲν
1519 312 1589 354 καὶ

126 390 262 442 οὕτως
284 389 566 442 ἐξαποστέλλει
580 386 674 443 μετ’
695 385 879 442 εὐλογίας
887 416 902 438 ,
938 384 1067 434 αὐτὸς
1087 383 1135 427 δ’
1159 385 1242 426 ἐκεῖ
1256 380 1494 437 καταμένειν
1513 380 1591 430 ἕως

127 455 177 505 οὗ
196 459 389 515 βασιλεὺς
405 456 701 513 ὑποστρέψειεν
718 455 905 510 ἐκεκρίκει
915 485 929 506 ,
959 452 1150 509 ἀλγεινῶς
1170 452 1245 506 μὲν
1268 448 1461 500 ἀναύδως
1476 451 1502 493 δ
1508 448 1521 465 '
1542 447 1591 493 ὅ-

93 537 218 585 5μως
234 528 441 585 διαφέρων
464 526 513 570 τὸ
532 524 678 582 ἄλγος,
710 525 746 568 εἰ
765 524 833 566 καὶ
853 517 980 572 αὖθις
1004 519 1027 564 ὁ
1048 520 1244 575 βασιλεὺς
1266 518 1355 573 ἅμα
1375 521 1591 563 Θεσσαλο-

123 598 238 654 νίκης
263 596 414 652 ἐπέβη,
449 599 533 639 τῶν
554 592 680 651 ἇγίων
708 593 946 649 ἐγγιζουσῶν
973 587 1138 647 ἡμερῶν
1163 593 1240 632 τοῦ
1262 585 1444 643 Ποῖσχα,
1480 603 1585 641 προ·
1608 592 1638 628 Ρ
1664 591 1728 628 195

123 664 248 725 φᾶσει
266 669 341 709 τοῦ
358 669 441 709 τῶν
457 661 583 721 ἇγίων
599 663 747 706 ἐκεῖνον
771 657 1092 716 μεταλήψεσθαι
1126 654 1272 715 δώρων
1281 689 1296 710 ,
1331 658 1368 699 εἷ
1386 654 1591 713 πατριάρ-

121 751 202 792 χης
232 734 358 792 ἐφίει,
392 732 560 788 πέμπων
591 733 648 782 εἷς
679 731 919 787 Σηλυβρίαν
950 730 1019 772 καὶ
1044 727 1098 771 τὰ
1130 731 1207 771 τοῦ
1235 729 1407 778 ξενῶνος
1426 722 1591 781 συνήθη

126 804 364 859 νομίσματα
392 797 864 859 προσφιλοτιμοῦμενος,
911 796 939 841 ἃ
970 797 1023 852 δὴ
1041 798 1110 840 καὶ
1141 795 1270 846 αὗτός
1286 795 1361 851 μὲν
1380 794 1594 852 κρυφηδόν

73 876 116 912 10
128 871 193 916 ἀεί
219 870 317 915 ποτ’
353 871 516 924 ἐδίδου,
563 873 624 929 τῷ
654 865 890 925 πατριάρχῃ
920 866 967 909 δὲ
993 865 1040 910 τὸ
1059 865 1176 916 τέλος
1200 866 1257 916 εἷς
1269 862 1479 920 χιλιοστῦν
1496 861 1592 906 κατ’

127 940 219 991 ἔτος
238 937 494 995 ποσοῦμενον
522 935 792 995 ἀπεγράφετο.
863 932 957 979 τότε
987 935 1126 979 τοίνυν
1155 935 1224 977 καὶ
1243 932 1367 978 ταῦτ’
1390 931 1596 976 ἀποστέλ-

126 1013 212 1054 λων
228 1006 362 1066 λόγοις
380 1005 556 1063 ὦμᾶλιζε
570 1008 638 1050 καὶ
656 1012 741 1056 τοῖς
761 1001 1018 1060 καθήκουσιν
1036 1003 1224 1060 ἥγαλλεν.
1288 1002 1440 1053 ἐκεῖνος
1459 1002 1505 1045 δὲ
1524 1003 1594 1045 καὶ
1615 1013 1646 1047 Β

127 1073 254 1128 αὖθις
281 1077 325 1121 ἐν
352 1078 567 1137 Σηλυβρίᾳ
595 1074 837 1133 προσμένων
866 1073 916 1117 οὐ
939 1070 1140 1131 πρότερον
1166 1071 1593 1126 ἐκεῖθενμετέβαινεν,

126 1145 155 1202 ἢ
187 1148 329 1197 δεινῶς
357 1145 631 1203 ὀφθαλμιῶν,
679 1143 786 1188 κατὰ
811 1143 952 1199 χρείαν
981 1147 1065 1186 τῶν
1098 1138 1401 1198 ἰατρευσόντων
1438 1141 1596 1184 ἐκεῖθεν

74 1225 117 1261 15
129 1212 293 1273 ἀπάρας
302 1247 317 1269 ,
353 1214 456 1272 πρὸς
474 1214 550 1270 τὴν
567 1213 698 1269 μονὴν
718 1217 793 1256 τοῦ
811 1212 1045 1267 ,Κοσμιδίου
1067 1210 1197 1266 μηνὸς
1215 1213 1600 1267 Μαιμακτηριῶνος

127 1285 379 1344 μετῳκίζετο.
449 1282 556 1339 πλὴν
571 1282 925 1338 Ἀνθεστηριῶνος
956 1276 1282 1323 εἰσπλευσάντων
1310 1277 1413 1322 ἑπτὰ
1427 1283 1599 1335 μακρῶν

128 1357 231 1396 νεῶν
259 1352 367 1396 κατὰ
396 1352 703 1409 πραγματείαν,
751 1351 819 1393 καὶ
844 1347 967 1406 λόγου
989 1347 1259 1399 διαδοθέντος
1285 1345 1342 1398 ὥς
1363 1348 1430 1390 καὶ
1452 1346 1602 1398 στόλος

128 1425 239 1478 νηῶν
257 1420 364 1464 κατὰ
381 1418 519 1477 μάχην
538 1419 872 1478 προσαναβαίνει,
903 1419 1042 1469 δείσας
1062 1418 1254 1461 ἐντεῦθεν
1271 1416 1347 1473 τὴν
1366 1419 1593 1461 Κωνσταν-
1617 1426 1648 1461 c

221 1518 257 1554 ⁷.
278 1515 377 1555 ἐκεῖῖ

92 1606 97 1612 ·
129 1596 327 1645 dissuadere
349 1598 512 1632 conaturo
534 1596 654 1632 foedus
684 1595 888 1638 Serbicum,
919 1595 1017 1650 quasi
1039 1606 1079 1630 re
1101 1594 1244 1642 amplius
1266 1605 1334 1630 non
1366 1593 1526 1639 integra,
1558 1607 1602 1630 ex

127 1655 198 1689 qno
218 1643 288 1678 iter
309 1642 402 1678 istud
425 1655 467 1677 eo
489 1643 589 1677 unice
611 1643 786 1689 pertinens
807 1642 1063 1689 capessit-isset.
1109 1653 1193 1687 ergo
1223 1641 1274 1676 sic
1300 1640 1376 1676 vale
1397 1641 1464 1675 sibi
1486 1642 1604 1676 dicen-

128 1694 200 1724 tem
221 1689 457 1735 imperatorem
479 1689 618 1724 multum
640 1689 722 1724 licet
744 1700 910 1731 moerens,
930 1694 965 1722 et
984 1689 1019 1722 in
1042 1697 1175 1732 magno,
1188 1687 1272 1722 licet
1294 1691 1387 1722 muto
1410 1698 1452 1721 ac
1474 1699 1604 1722 summa

129 1735 165 1770 vi
187 1735 418 1779 dissimulato,
450 1735 573 1769 mentis
596 1740 694 1770 aestu
717 1735 911 1780 relinquens
932 1734 1128 1779 patriarcha
1150 1733 1273 1769 statuit
1293 1744 1332 1767 se
1353 1733 1434 1767 inde
1456 1744 1522 1767 non
1544 1745 1605 1767 re-

129 1792 303 1816 cessurum
325 1781 439 1827 quoad
461 1781 491 1815 is
512 1780 652 1816 rediret.
697 1781 821 1816 faustis
843 1786 957 1816 tamen
980 1791 1056 1815 eum
1078 1780 1123 1814 de
1145 1791 1239 1814 more
1261 1778 1426 1813 ominibus
1448 1779 1603 1814 Thessa-

129 1826 272 1862 lonicam
295 1827 565 1872 proficiscentem
588 1831 643 1862 est
664 1830 878 1873 prosecuturi,
894 1831 1008 1861 certus
1029 1826 1164 1860 interim
1185 1826 1260 1871 ipse
1282 1824 1332 1859 ibi
1354 1835 1491 1858 manere
1514 1836 1603 1869 quo-

129 1875 174 1907 ad
194 1872 378 1918 imperator
399 1877 643 1908 reverteretur.
688 1874 799 1908 haesit
824 1873 929 1918 igitur
951 1872 1130 1915 Selybriae
1159 1875 1289 1905 moesto
1319 1869 1453 1904 silentio
1475 1870 1600 1905 rodens

129 1928 291 1952 acanum
312 1918 479 1962 dolorem,
504 1923 686 1965 utcumque
705 1919 820 1962 illum,
841 1930 908 1953 non
931 1918 1066 1964 penitus
1087 1918 1226 1962 ignarus
1249 1916 1404 1950 occultae
1425 1915 1515 1950 illius
1538 1928 1600 1951 cu-

130 1973 215 2005 rae,
244 1964 412 1998 consolari
442 1965 590 1999 tentavit
617 1965 817 2010 imperator.
873 1964 972 1999 simul
1005 1964 1094 1997 enim
1119 1961 1278 2008 pervenit
1307 1961 1599 2005 Thessalonicam,

130 2008 234 2043 misso
263 2009 308 2044 ad
338 2009 564 2054 patriarcham
595 2012 740 2055 quodam
771 2022 791 2044 e
820 2009 892 2044 suis
914 2013 1096 2054 praetextu
1118 2007 1239 2042 veniae
1267 2007 1459 2052 poscendae
1486 2008 1599 2054 perci-

131 2054 329 2100 piendam
351 2055 394 2089 ab
417 2054 485 2089 alio
507 2066 570 2100 per
591 2056 664 2090 eins
684 2055 890 2097 absentiam,
919 2054 1127 2089 instantibus
1149 2058 1220 2087 tum
1242 2053 1338 2087 festis
1363 2053 1598 2098 paschalibus,

130 2111 306 2135 sacrorum
326 2100 550 2135 eucharistiae
570 2101 744 2143 donorum,
768 2105 964 2136 consuetum
984 2101 1119 2135 xenium
1141 2099 1306 2144 pecuniae
1325 2099 1361 2133 in
1381 2099 1599 2146 hospitalita-

132 2151 202 2182 tem
221 2146 463 2191 expendendae
485 2147 608 2181 obtulit
628 2147 893 2192 perliberaliter.
948 2157 1022 2180 eam
1046 2145 1291 2191 eleemosynam
1319 2145 1440 2180 solitus
1462 2157 1599 2192 semper

131 2198 235 2228 antea
256 2194 371 2227 fuerat
393 2194 566 2237 Augustus
586 2193 803 2239 patriarchae
823 2203 924 2227 manu
947 2191 1088 2238 propria
1108 2191 1182 2226 sine
1203 2191 1341 2226 arbitris
1363 2192 1523 2234 tradere,
1553 2192 1599 2227 ad

131 2250 292 2274 summam
314 2250 458 2273 annnam
483 2238 572 2273 mille
600 2239 779 2274 admodum
812 2249 1020 2272 nummorum
1049 2237 1296 2272 ascendentem.
1343 2237 1406 2272 sed
1427 2243 1510 2273 tunc
1531 2250 1602 2284 quo

131 2295 295 2331 praesens
318 2285 415 2330 fungi
437 2285 550 2319 officio
573 2297 640 2320 non
662 2288 800 2331 posset,
835 2295 903 2318 non
924 2283 1023 2318 modo
1047 2294 1111 2329 per
1132 2288 1262 2318 oermm
1283 2283 1360 2319 vioe
1380 2285 1601 2319 substitutum

132 2341 198 2365 aaa
217 2330 384 2365 hominem
407 2331 573 2377 explevit,
603 2343 723 2366 verum
744 2334 782 2365 et
803 2341 923 2364 munus
945 2329 1179 2364 commendare
1200 2329 1334 2365 curavit
1354 2330 1460 2365 multa
1481 2331 1603 2365 huma-

132 2375 244 2411 nitate
265 2377 467 2421 verborum,
500 2377 624 2423 quibus
646 2380 686 2412 nt
707 2388 808 2423 quam
831 2375 1047 2411 blandissime
1067 2375 1210 2410 delinire
1230 2387 1254 2411 a
1274 2387 1314 2411 ae
1335 2380 1519 2411 conaretur
1541 2388 1604 2411 ae-

132 2433 230 2467 grum
250 2423 420 2468 praesulis
451 2422 617 2467 animum,
650 2423 685 2458 ei
716 2434 817 2470 quem
848 2422 1041 2456 destinabat
1068 2421 1258 2468 imperavit.
1302 2422 1370 2457 hoc
1399 2426 1512 2458 tamen
1534 2434 1603 2457 non

133 2472 189 2503 est
218 2472 396 2504 assecutus
427 2474 468 2504 nt
497 2469 534 2504 in
564 2471 682 2505 urbem
713 2468 923 2514 remigrandi
954 2467 1127 2503 eonsilium
1158 2468 1354 2514 patriarcha
1388 2470 1602 2516 susciperet:

132 2514 289 2566 perstitit
310 2514 399 2550 euim
421 2515 525 2550 etiam
547 2521 627 2562 post
648 2516 713 2551 hoc
727 2514 918 2560 Selybria,
932 2513 1040 2548 donec
1062 2514 1160 2558 gravi
1181 2518 1321 2550 coactu
1340 2515 1604 2561 superveniente

132 2558 203 2604 ipsi
234 2559 405 2595 oculorum
436 2562 555 2596 morbo
588 2561 634 2597 ad
665 2560 936 2596 commoditatem
966 2559 1150 2594 curationis
1170 2560 1351 2596 admovere
1371 2572 1411 2596 se
1433 2561 1535 2602 urbi,
1569 2560 1606 2594 in

134 2606 376 2641 monasterium
397 2607 624 2643 suburbanum
646 2607 812 2643 cosmidii
843 2618 882 2642 ae
903 2605 1078 2642 transmit
1097 2617 1212 2642 mense
1233 2607 1351 2650 Innio,
1382 2607 1511 2652 copiam
1534 2605 1606 2639 illic

134 2649 320 2685 faciliorem
342 2652 521 2688 habiturus
541 2655 748 2689 urbanorum
768 2652 986 2688 medicorum.
1030 2655 1203 2688 metuam
1216 2653 1303 2688 Iulio
1326 2651 1517 2698 insequenti
1539 2651 1603 2686 ad-

134 2697 352 2732 ventantibua
379 2697 418 2732 in
446 2710 521 2734 eam
551 2711 645 2735 oram
675 2703 807 2746 septem
838 2698 949 2742 longis
977 2697 1138 2741 navibus,
1172 2699 1255 2734 lieet
1292 2699 1358 2734 bae
1387 2700 1603 2733 mercaturae

136 2749 242 2775 eausa
261 2742 461 2787 vmiebant,
489 2745 571 2791 quia
591 2751 706 2781 tamen
727 2756 843 2779 rumor
863 2743 931 2778 fuit
952 2743 1077 2779 bellum
1105 2745 1236 2792 portari
1257 2746 1367 2780 classe
1387 2744 1477 2786 ista,
1507 2748 1601 2777 metu

136 2788 1599 2838 ummeopmmtumingremmbenesgnoetamaepatriuehafi-
