1858 3126
311 152 408 198 564
723 149 954 194 GEORGII
985 151 1328 197 PAGHYMERIS

263 280 291 313 Β
313 265 507 322 γέλλοντι“
542 261 706 318 πέμπειν
737 263 782 306 δὲ
812 262 908 313 τοὺς
936 262 1103 313 πιστοὺς
1130 263 1169 312 ἔς
1190 263 1241 306 τὰ
1262 260 1438 317 μάλιστα
1463 266 1577 324 σφίσι
1595 264 1741 318 δόξαν-

311 350 406 385 τας,
441 333 506 374 καὶ
524 329 583 381 οἷς
600 326 649 385 ἦν
668 329 722 380 ὥς
741 329 884 385 ἣκιστα
904 328 1200 383 διαψεύδεσθαι
1218 329 1480 388 ὗπειλῆφθαι.
1514 334 1638 377 ταῦτ’
1660 334 1742 390 ἄρα

311 402 376 443 καὶ
396 403 557 454 βασιλεῖ
571 398 667 447 τούς
688 397 829 455 λόγους
846 399 1131 458 ἆποδεξαμένῳ
1143 432 1155 452 ‚
1190 400 1236 441 τὸ
1263 400 1337 452 μὲν
1368 399 1480 458 αὐτῷ
1505 401 1740 445 ἐπιστέλλειν

309 468 362 510 τὰ
382 471 453 522 τῆς
474 464 631 523 εἰρήνης
649 465 811 521 συνάμα
832 468 896 509 καὶ
916 467 1052 516 ἄλλοις
1074 464 1474 522 διαπρεσβεύσασθαι
1485 499 1498 519 ,
1535 465 1633 511 ὅσον
1659 474 1742 512 τῶν

310 536 505 590 ὀνη·ι”στων
516 567 530 587 ‚
562 539 756 578 τοσοῦτον
777 534 851 577 οὐκ
873 534 1054 590 ἐχέγγυον
1076 536 1118 577 ἐκ
1135 539 1207 589 τῆς
1223 534 1323 588 πρὸς
1345 534 1391 577 τὸ
1410 533 1519 590 γένος
1536 535 1576 578 οἱ
1598 535 1770 582 cluenti-5

309 619 431 658 τητος
450 603 730 659 κατεφαίνετο,
768 602 899 652 ἄλλως
919 604 962 645 δὲ
979 603 1029 645 τὰ
1050 607 1122 657 τῆς
1139 599 1299 658 γνώμης
1319 603 1740 658 κατασφαλισαμένου,

311 671 427 714 οὐδέν
457 670 641 723 ἐμποδὼν
664 668 884 722 ὖπετόπαζε
914 675 972 729 τῷ
999 668 1157 720 τούτοις
1185 671 1387 726 ἐπιχειρεῖν
1417 669 1543 712 αὐτοῦ
1570 687 1612 726 γε
1644 687 1743 726 πρε-

258 742 288 777 C
313 736 539 793 σβεῦοντος.
595 736 691 780 ὅθεν
710 739 774 780 καὶ
796 736 928 794 ὅρκοις
946 736 1302 793 προκατελάμβανε
1315 770 1327 789 ‚
1361 738 1428 780 καὶ
1447 737 1522 780 σὺν
1539 738 1650 796 αὐτῷ
1671 738 1742 781 τὸν

311 810 393 849 τῶν
420 809 653 849 Λατινικῶν
681 804 851 861 ἑρμηνέα
882 804 1067 862 Κορόνην
1089 805 1386 856 ἕξαποστέλλων
1405 805 1554 847 ἐκέλευε
1573 805 1647 860 τὴν
1666 822 1742 847 τα-

304 875 447 929 χίστην
468 873 566 915 ἰέναι
585 875 649 915 καὶ
667 874 717 915 τὰ
735 878 807 928 τῆς
826 871 983 929 εἰρήνης
1007 878 1146 927 πειρᾶν
1170 872 1223 923 ὥς
1242 870 1327 916 οἷόν
1345 889 1387 915 τε
1406 869 1738 929 διαπράττεσθαι.
1750 882 1794 917 10

309 943 375 983 καὶ
406 941 456 996 δὴ
483 939 793 997 παραγενόμενοι
821 941 867 983 οὗ
893 945 1027 999 πολλῷ
1047 940 1216 997 ὕστερον
1236 942 1350 997 σφίσι
1369 937 1530 995 συνάμα
1554 941 1624 983 καί
1638 957 1740 983 τισιν

308 1009 445 1059 ἄλλοις
473 1011 623 1064 τρισίν,
657 1009 898 1063 καθημένων
926 1008 969 1051 δ’
1000 1008 1040 1051 ἕν
1066 1026 1142 1051 τινι
1169 1013 1248 1051 τῶν
1274 1010 1480 1064 φρουρίων
1498 1009 1563 1049 καὶ
1580 1012 1739 1064 μηνυτῇ

303 1076 591 1131 χρησαμένων,
627 1076 666 1119 οἳ
687 1077 726 1119 έν
753 1081 810 1134 τῷ
832 1078 1012 1134 φρουρίῳ
1035 1075 1370 1125 Καλλιουπόλεως
1386 1075 1611 1118 Κατέλανοι
1634 1073 1739 1131 δμή-

309 1161 405 1198 ρους
431 1142 568 1192 δόντες
594 1143 697 1186 κατὰ
726 1146 858 1186 πίστιν
886 1148 958 1186 τοῦ
985 1142 1042 1198 μή
1073 1161 1112 1186 τι
1145 1148 1292 1186 παθεῖν
1313 1144 1483 1192 ἐκείνους
1501 1141 1735 1197 ἀνήκεστον,

258 1217 291 1251 D
309 1213 458 1262 ἵππους
484 1211 598 1254 πέντε
621 1211 732 1255 πέντ’
755 1207 867 1255 οὖσιν
889 1212 1267 1265 ἐξαποστέλλουσιν,
1304 1209 1373 1268 ἐφ’
1394 1204 1427 1271 ᾧ
1445 1211 1511 1253 καὶ
1530 1209 1571 1260 ἔς
1590 1209 1739 1260 αὐτοὺς
1749 1218 1790 1253 15

395 1319 428 1354 3.
447 1317 513 1364 τὸ]
537 1319 588 1366 τῷ
611 1319 650 1353 Ρ.

306 1409 393 1444 ultro
416 1412 620 1450 monstrare,
640 1407 749 1442 missis
770 1409 814 1442 ad
837 1421 895 1444 eos
916 1409 1101 1444 hominibus
1123 1409 1264 1444 maxime
1285 1409 1384 1453 fidis,
1416 1419 1555 1455 quorum
1575 1408 1737 1454 promissa

331 1454 385 1487 uin
413 1454 579 1488 secuturis
609 1458 703 1487 certo
731 1453 907 1489 effectibus
939 1455 1058 1489 deinde
1087 1456 1315 1498 sancirentur,
1345 1454 1432 1489 nulla
1462 1458 1577 1499 posset
1605 1454 1736 1488 ratione

305 1466 460 1533 dubitari.
495 1499 558 1532 hac
575 1498 757 1542 imperator
771 1500 920 1533 oratione
935 1500 1049 1534 Iacobi
1073 1501 1204 1545 penitus
1226 1501 1259 1534 in
1283 1501 1424 1534 animum
1446 1499 1612 1541 admissa,
1634 1510 1735 1552 prae-

305 1549 456 1588 terquam
480 1544 577 1588 plane
599 1554 754 1577 assensus
778 1544 810 1578 ei
833 1550 885 1578 est
906 1545 1121 1590 incubuitque
1147 1546 1274 1580 omnino
1297 1546 1330 1579 in
1354 1546 1552 1578 voluntatem
1574 1544 1735 1589 paclfica-

304 1588 407 1622 tionis
429 1599 503 1622 cum
524 1588 741 1632 Amogabaris
762 1590 959 1631 tentandae,
983 1591 1083 1623 etiam
1106 1591 1255 1634 cogitare
1277 1590 1387 1635 coepit
1408 1590 1450 1623 de
1474 1589 1537 1623 isto
1559 1591 1634 1633 ipso
1654 1588 1734 1623 talis

302 1638 441 1668 auctore
472 1632 602 1667 consilii
631 1633 665 1666 in
696 1632 768 1666 eius
799 1635 981 1679 exequendi
1016 1641 1224 1679 sequestrum
1257 1639 1291 1669 et
1323 1634 1507 1668 ministrum
1535 1634 1734 1676 adhibendo,

327 1678 502 1713 uibusdam
523 1678 573 1711 illi
593 1678 636 1711 ad
659 1678 721 1712 hoc
743 1678 865 1713 additis
887 1679 995 1714 sociis.
1043 1691 1082 1713 ac
1104 1681 1301 1725 peridoneus
1323 1680 1351 1713 is
1373 1679 1525 1725 quidem,
1555 1690 1616 1724 pro
1640 1679 1733 1725 peri-

303 1729 353 1758 tia
384 1723 650 1758 Catelanicarum
683 1734 813 1767 rerum,
846 1724 874 1758 si
905 1736 967 1770 par
997 1737 1077 1768 erga
1101 1737 1153 1758 res
1175 1725 1306 1769 imperii
1333 1725 1475 1758 studium
1497 1735 1538 1758 ac
1559 1724 1644 1758 fides
1666 1735 1732 1758 non

301 1770 453 1811 deforet,
476 1769 519 1803 ad
542 1768 701 1802 eiusmodi
725 1769 891 1813 negotium
914 1771 1048 1804 futurus
1070 1770 1259 1804 videbatur.
1306 1771 1420 1804 timere
1451 1775 1562 1804 tamen
1589 1770 1733 1813 cogebat

302 1813 570 1860 consanguinitas
592 1814 663 1848 eius
685 1818 719 1847 et
740 1814 858 1849 intima
879 1816 1088 1849 necessitudo
1121 1827 1192 1849 cum
1225 1817 1389 1856 hostibus,
1423 1827 1466 1849 ne
1495 1814 1603 1848 omnia
1623 1815 1657 1848 in
1679 1815 1734 1849 fa-

303 1871 415 1895 vorem
437 1871 572 1894 suorum
592 1859 690 1893 unice
710 1861 847 1894 trahens
871 1860 1004 1906 aliquod
1026 1862 1169 1894 fortasse
1192 1861 1243 1895 rei
1263 1862 1430 1894 Romanae
1451 1871 1556 1904 grave
1578 1860 1732 1894 damnum

302 1905 508 1950 importaret.
550 1915 664 1939 verum
694 1911 811 1939 contra
842 1906 938 1939 istam
971 1906 1175 1940 formidinem
1207 1906 1413 1940 confirmavit
1431 1906 1612 1950 imperator
1632 1905 1733 1939 facile

302 1951 458 1993 animum,
480 1955 653 1984 autumans
673 1951 726 1984 vel
748 1951 887 1985 aliorum
910 1951 975 1985 sibi
998 1952 1225 1986 fidissimorum
1247 1952 1436 1985 interventu
1458 1951 1656 1995 collegarum
1677 1951 1732 1984 vel

302 2001 439 2030 caetera
461 2007 523 2029 sua
544 1995 714 2040 vigilantia
737 1998 998 2041 praecavendum
1019 2009 1114 2031 omne
1135 1997 1370 2031 incommodum
1385 1996 1555 2030 eiusmodi.
1600 1995 1732 2029 minime

300 2041 404 2084 igitur
425 2041 643 2085 periculosum
666 2041 849 2075 arbitratus
871 2047 906 2075 et
929 2043 1015 2076 hunc
1035 2042 1068 2076 in
1092 2048 1189 2088 parte
1221 2042 1396 2086 legationis
1419 2041 1461 2075 ad
1484 2052 1599 2087 pacem
1624 2040 1732 2074 Cate-

302 2085 387 2119 lanis
417 2086 663 2131 proponendam
692 2086 873 2121 mittendae
906 2088 1053 2129 censeri,
1088 2089 1260 2122 dummodo
1292 2087 1355 2122 sibi
1382 2087 1480 2121 fidem
1510 2086 1553 2121 ad
1580 2086 1615 2120 id
1636 2089 1730 2120 recte

302 2130 464 2174 agendum
503 2132 745 2175 obstringeret,
784 2132 837 2166 ius
879 2133 921 2166 ab
955 2145 994 2167 eo
1026 2133 1199 2167 iurandum
1228 2133 1340 2176 exegit
1371 2138 1406 2166 et
1436 2131 1583 2176 accepit,
1619 2140 1729 2176 eoque

302 2175 353 2210 sic
382 2175 542 2219 religione
574 2182 819 2222 praeoccupato
851 2178 1006 2223 deinceps
1040 2190 1176 2212 securus
1206 2178 1355 2212 comitem
1387 2177 1417 2211 ei
1448 2176 1599 2211 adiunxit
1620 2175 1730 2208 Coro-

301 2231 366 2254 nen
396 2221 579 2265 quendam,
620 2234 685 2267 quo
718 2222 908 2256 Latinarum
936 2224 1106 2258 literarum
1138 2224 1320 2269 interprete
1351 2223 1517 2257 utebatur.
1562 2220 1614 2254 his
1643 2219 1728 2253 duo-

301 2265 365 2298 bus
387 2271 459 2300 tres
480 2266 614 2310 insuper
636 2267 694 2300 alii
716 2274 793 2301 sunt
815 2269 932 2302 additi.
978 2269 1035 2314 qui
1058 2280 1167 2303 omnes
1191 2268 1351 2303 mandatis
1373 2268 1416 2300 ab
1431 2267 1632 2311 imperatore
1646 2275 1727 2298 one-

301 2310 368 2343 rati
390 2311 585 2354 urgentibus
607 2312 705 2346 etiam
728 2318 828 2357 atque
852 2314 950 2347 etiam
975 2315 1101 2357 negotii
1123 2314 1283 2348 commissi
1306 2323 1405 2358 quam
1428 2310 1568 2344 maxima
1613 2313 1726 2344 essent

302 2357 377 2389 arte
398 2361 500 2400 atque
521 2356 682 2390 industria
703 2358 861 2400 gerendi,
885 2359 1057 2392 confestim
1079 2359 1191 2392 itineri
1214 2370 1250 2392 se
1272 2359 1352 2391 dare
1374 2361 1533 2399 rectaque
1556 2366 1575 2388 a
1621 2355 1727 2388 Cate-

300 2400 394 2434 lanos
422 2400 575 2434 celeriter
606 2413 643 2434 se
678 2403 828 2435 conferre
862 2403 943 2436 iussi
973 2408 1060 2437 sunt.
1107 2405 1324 2437 admoverunt
1345 2412 1382 2434 se
1403 2400 1448 2433 illi
1472 2399 1623 2444 Callipoli
1652 2399 1726 2444 pri-

300 2455 408 2487 mum,
440 2455 537 2489 quam
568 2445 714 2490 proxime
743 2450 848 2480 tutum
878 2448 963 2487 fuit3
996 2448 1192 2493 admissique
1213 2448 1246 2480 in
1269 2447 1335 2480 illic
1357 2446 1453 2479 situm
1476 2444 1725 2488 imperatorium

302 2495 446 2524 castrum
469 2490 547 2524 inde
569 2490 727 2524 miserunt
749 2490 927 2524 indicatum
955 2492 1124 2526 Catelanis
1148 2494 1268 2526 habere
1289 2503 1325 2524 se
1346 2488 1537 2535 quaeipsis
1559 2501 1726 2534 propone-

300 2540 377 2569 rent
397 2535 627 2580 imperatoris,
662 2546 682 2568 a
705 2546 769 2579 quo
793 2535 1021 2577 mitterentur,
1043 2538 1193 2577 nomine,
1217 2541 1351 2580 paratos
1375 2535 1416 2568 ad
1438 2534 1530 2579 ipsos
1553 2535 1725 2575 accedere,

302 2580 398 2614 modo
426 2579 535 2614 missis
565 2579 737 2614 obsidibus
768 2591 848 2614 suae
872 2580 1017 2624 ipsorum
1049 2582 1220 2615 securitati
1243 2585 1429 2614 caveretur.
1475 2591 1583 2624 aequa
1606 2584 1642 2613 et
1661 2580 1726 2614 im-

299 2625 476 2670 petrabilia
504 2624 574 2670 peti
603 2624 676 2658 visa
705 2630 793 2658 sunt.
839 2625 1013 2658 mittuntur
1034 2637 1113 2670 ergo
1138 2625 1292 2669 Callipoli
1318 2625 1474 2669 postulati
1502 2625 1655 2666 obsides,
1688 2624 1723 2658 in

300 2676 411 2705 castro
434 2671 580 2705 Romano
602 2669 826 2711 custodiendi,
847 2671 956 2714 quoad
978 2671 1012 2704 in
1037 2674 1202 2723 potestate
1226 2671 1459 2704 Catelanorum
1483 2669 1572 2703 missi
1595 2670 1638 2703 ab
1656 2668 1722 2702 im-

299 2720 455 2760 peratore
484 2714 725 2762 perstitissent,
755 2714 790 2748 in
819 2714 937 2759 pignus
969 2715 1049 2749 fidei
1079 2727 1144 2760 qua
1168 2715 1247 2749 nihil
1274 2716 1364 2760 ipsos
1385 2725 1542 2759 passuros
1566 2715 1722 2748 acerbum

300 2760 452 2797 Catelani
473 2760 720 2807 promittebant.
765 2759 939 2795 mittuntur
960 2765 996 2795 et
1017 2760 1092 2807 equi
1115 2761 1261 2806 quinque
1283 2772 1344 2806 pro
1367 2771 1502 2796 numero
1523 2760 1723 2805 legatorum,
