<?xml version="1.0" encoding="UTF-8"?>
<!DOCTYPE html PUBLIC "-//W3C//DTD XHTML 1.0 Transitional//EN"
    "http://www.w3.org/TR/xhtml1/DTD/xhtml1-transitional.dtd">
<html xmlns="http://www.w3.org/1999/xhtml" xml:lang="en" lang="en">
 <head>
  <title>
</title>
<meta http-equiv="Content-Type" content="text/html;charset=utf-8" />
  <meta name='ocr-system' content='tesseract 3.04.00' />
  <meta name='ocr-capabilities' content='ocr_page ocr_carea ocr_par ocr_line ocrx_word'/>
</head>
<body>
  <div class='ocr_page' id='page_1' title='image "./corpusscriptorum18niebuoft_0179.png"; bbox 0 0 1820 3112; ppageno 0'>
   <div class='ocr_carea' id='block_1_1' title="bbox 370 166 1613 214">
    <p class='ocr_par' dir='ltr' id='par_1_1' title="bbox 370 166 1613 214">
     <span class='ocr_line' id='line_1_1' title="bbox 370 166 1613 214; baseline -0.001 -1"><span class='ocrx_word' id='word_1_1' title='bbox 370 170 447 213; x_wconf 90' lang='lat' dir='ltr'>DE</span> <span class='ocrx_word' id='word_1_2' title='bbox 480 169 815 214; x_wconf 86' lang='lat' dir='ltr'>ANDRONICO</span> <span class='ocrx_word' id='word_1_3' title='bbox 854 167 1231 213; x_wconf 83' lang='lat' dir='ltr'><strong>PALAEOLOGO</strong></span> <span class='ocrx_word' id='word_1_4' title='bbox 1261 169 1307 211; x_wconf 88' lang='lat' dir='ltr'>L.</span> <span class='ocrx_word' id='word_1_5' title='bbox 1337 167 1391 210; x_wconf 89' lang='grc' dir='ltr'>Π.</span> <span class='ocrx_word' id='word_1_6' title='bbox 1518 166 1613 212; x_wconf 86' lang='grc'>163</span> 
     </span>
    </p>
   </div>
   <div class='ocr_carea' id='block_1_2' title="bbox 94 279 1757 1367">
    <p class='ocr_par' dir='ltr' id='par_1_2' title="bbox 94 279 1757 1367">
     <span class='ocr_line' id='line_1_2' title="bbox 145 279 1616 339; baseline -0.003 -10"><span class='ocrx_word' id='word_1_7' title='bbox 145 283 290 336; x_wconf 66' lang='lat' dir='ltr'>mum</span> <span class='ocrx_word' id='word_1_8' title='bbox 323 285 477 339; x_wconf 82' lang='grc' dir='ltr'><strong><em>ζηλῶν,</em></strong></span> <span class='ocrx_word' id='word_1_9' title='bbox 522 284 589 327; x_wconf 70' lang='grc' dir='ltr'><strong><em>καὶ</em></strong></span> <span class='ocrx_word' id='word_1_10' title='bbox 626 282 707 337; x_wconf 85' lang='grc' dir='ltr'><strong><em>πρὸ</em></strong></span> <span class='ocrx_word' id='word_1_11' title='bbox 739 287 814 326; x_wconf 83' lang='grc' dir='ltr'>τοῦ</span> <span class='ocrx_word' id='word_1_12' title='bbox 854 289 942 332; x_wconf 79' lang='grc' dir='ltr'><strong><em>τοῖς</em></strong></span> <span class='ocrx_word' id='word_1_13' title='bbox 975 287 1076 325; x_wconf 79' lang='grc' dir='ltr'><strong><em>πᾶσι</em></strong></span> <span class='ocrx_word' id='word_1_14' title='bbox 1103 279 1321 331; x_wconf 82' lang='grc' dir='ltr'><strong><em>κακοποιός</em></strong></span> <span class='ocrx_word' id='word_1_15' title='bbox 1341 314 1354 334; x_wconf 83' lang='grc'><strong><em>,</em></strong></span> <span class='ocrx_word' id='word_1_16' title='bbox 1398 279 1547 336; x_wconf 72' lang='grc' dir='ltr'><strong><em>ἀνέδην</em></strong></span> <span class='ocrx_word' id='word_1_17' title='bbox 1573 297 1616 324; x_wconf 84' lang='grc' dir='ltr'>τε</span> 
     </span>
     <span class='ocr_line' id='line_1_3' title="bbox 145 349 1757 409; baseline -0.004 -12"><span class='ocrx_word' id='word_1_18' title='bbox 145 351 323 403; x_wconf 57' lang='lat' dir='ltr'>dimove</span> <span class='ocrx_word' id='word_1_19' title='bbox 343 351 524 407; x_wconf 81' lang='grc' dir='ltr'><strong><em>ὠνόμαζε</em></strong></span> <span class='ocrx_word' id='word_1_20' title='bbox 581 351 708 409; x_wconf 77' lang='grc'>(20)</span> <span class='ocrx_word' id='word_1_21' title='bbox 743 353 811 394; x_wconf 79' lang='grc' dir='ltr'><strong><em>καὶ</em></strong></span> <span class='ocrx_word' id='word_1_22' title='bbox 830 351 943 394; x_wconf 75' lang='grc' dir='ltr'><strong><em>διιὼν</em></strong></span> <span class='ocrx_word' id='word_1_23' title='bbox 965 358 1054 400; x_wconf 80' lang='grc' dir='ltr'><strong><em>ταῖς</em></strong></span> <span class='ocrx_word' id='word_1_24' title='bbox 1076 353 1326 404; x_wconf 77' lang='grc' dir='ltr'><strong><em>οἰκονομίαις</em></strong></span> <span class='ocrx_word' id='word_1_25' title='bbox 1345 350 1503 393; x_wconf 75' lang='grc' dir='ltr'><strong><em>ἐκείνων</em></strong></span> <span class='ocrx_word' id='word_1_26' title='bbox 1522 349 1612 392; x_wconf 63' lang='grc' dir='ltr'><strong><em>ἕπε’.</em></strong></span> <span class='ocrx_word' id='word_1_27' title='bbox 1636 354 1666 388; x_wconf 89' lang='grc' dir='ltr'><strong>Ρ</strong></span> <span class='ocrx_word' id='word_1_28' title='bbox 1693 356 1757 390; x_wconf 85' lang='grc'>109</span> 
     </span>
     <span class='ocr_line' id='line_1_4' title="bbox 144 417 1615 479; baseline -0.002 -14"><span class='ocrx_word' id='word_1_29' title='bbox 144 440 251 479; x_wconf 82' lang='grc' dir='ltr'><strong><em>χρα,</em></strong></span> <span class='ocrx_word' id='word_1_30' title='bbox 290 422 585 477; x_wconf 72' lang='grc' dir='ltr'><strong><em>παρακατέχων</em></strong></span> <span class='ocrx_word' id='word_1_31' title='bbox 612 423 679 463; x_wconf 77' lang='grc' dir='ltr'><strong><em>καὶ</em></strong></span> <span class='ocrx_word' id='word_1_32' title='bbox 707 419 893 463; x_wconf 73' lang='grc' dir='ltr'><strong><em>ἀπαιτῶν</em></strong></span> <span class='ocrx_word' id='word_1_33' title='bbox 925 419 1000 469; x_wconf 80' lang='grc' dir='ltr'>τὰς</span> <span class='ocrx_word' id='word_1_34' title='bbox 1028 418 1263 475; x_wconf 76' lang='grc' dir='ltr'><strong><em>προσόδους</em></strong></span> <span class='ocrx_word' id='word_1_35' title='bbox 1291 417 1346 468; x_wconf 77' lang='grc' dir='ltr'><strong><em>ὥς</em></strong></span> <span class='ocrx_word' id='word_1_36' title='bbox 1377 417 1428 461; x_wconf 76' lang='grc' dir='ltr'><strong><em>ἂν</em></strong></span> <span class='ocrx_word' id='word_1_37' title='bbox 1457 420 1615 462; x_wconf 72' lang='grc' dir='ltr'><strong><em>ἐκείνων</em></strong></span> 
     </span>
     <span class='ocr_line' id='line_1_5' title="bbox 147 482 1613 544; baseline -0.003 -10"><span class='ocrx_word' id='word_1_38' title='bbox 147 490 493 544; x_wconf 74' lang='grc' dir='ltr'><strong><em>καθωσιωμίνων.</em></strong></span> <span class='ocrx_word' id='word_1_39' title='bbox 561 488 663 544; x_wconf 79' lang='grc' dir='ltr'><strong><em>ἅπερ</em></strong></span> <span class='ocrx_word' id='word_1_40' title='bbox 683 495 771 538; x_wconf 76' lang='grc' dir='ltr'><strong><em>τοῖς</em></strong></span> <span class='ocrx_word' id='word_1_41' title='bbox 789 492 991 543; x_wconf 83' lang='grc' dir='ltr'><strong><em>κληρικοῖς</em></strong></span> <span class='ocrx_word' id='word_1_42' title='bbox 1020 486 1285 541; x_wconf 72' lang='grc' dir='ltr'><strong><em>μανθάνουσι</em></strong></span> <span class='ocrx_word' id='word_1_43' title='bbox 1314 484 1438 537; x_wconf 84' lang='grc' dir='ltr'><strong><em>πόνος</em></strong></span> <span class='ocrx_word' id='word_1_44' title='bbox 1456 482 1527 542; x_wconf 68' lang='grc' dir='ltr'>ἦν,</span> <span class='ocrx_word' id='word_1_45' title='bbox 1563 487 1613 530; x_wconf 82' lang='grc' dir='ltr'>οὗ</span> 
     </span>
     <span class='ocr_line' id='line_1_6' title="bbox 114 554 1616 614; baseline -0.004 -11"><span class='ocrx_word' id='word_1_46' title='bbox 114 559 232 614; x_wconf 73' lang='grc' dir='ltr'><strong><em>ὁμὴν</em></strong></span> <span class='ocrx_word' id='word_1_47' title='bbox 253 560 300 602; x_wconf 77' lang='grc' dir='ltr'>δὲ</span> <span class='ocrx_word' id='word_1_48' title='bbox 320 558 425 602; x_wconf 77' lang='grc' dir='ltr'><strong><em>ὥστε</em></strong></span> <span class='ocrx_word' id='word_1_49' title='bbox 444 559 511 601; x_wconf 80' lang='grc' dir='ltr'><strong><em>καὶ</em></strong></span> <span class='ocrx_word' id='word_1_50' title='bbox 532 557 757 614; x_wconf 70' lang='grc' dir='ltr'><strong><em>ἀποφυγεῖν</em></strong></span> <span class='ocrx_word' id='word_1_51' title='bbox 777 557 852 611; x_wconf 76' lang='grc' dir='ltr'>τὴν</span> <span class='ocrx_word' id='word_1_52' title='bbox 873 559 1121 612; x_wconf 68' lang='grc' dir='ltr'><strong><em>κιιτνῃόρίαν</em></strong></span> <span class='ocrx_word' id='word_1_53' title='bbox 1143 555 1367 600; x_wconf 73' lang='grc' dir='ltr'><strong><em>δύνασθαι.</em></strong></span> <span class='ocrx_word' id='word_1_54' title='bbox 1430 554 1452 599; x_wconf 81' lang='grc' dir='ltr'>ὃ</span> <span class='ocrx_word' id='word_1_55' title='bbox 1476 555 1527 611; x_wconf 80' lang='grc' dir='ltr'>δὴ</span> <span class='ocrx_word' id='word_1_56' title='bbox 1547 558 1616 598; x_wconf 79' lang='grc' dir='ltr'><strong><em>καὶ</em></strong></span> 
     </span>
     <span class='ocr_line' id='line_1_7' title="bbox 147 623 1615 681; baseline -0.002 -11"><span class='ocrx_word' id='word_1_57' title='bbox 147 627 270 670; x_wconf 74' lang='grc' dir='ltr'><strong><em>πλέον</em></strong></span> <span class='ocrx_word' id='word_1_58' title='bbox 291 624 466 677; x_wconf 72' lang='grc' dir='ltr'><strong><em>τούτους</em></strong></span> <span class='ocrx_word' id='word_1_59' title='bbox 492 631 568 670; x_wconf 81' lang='grc' dir='ltr'>τοῢ</span> <span class='ocrx_word' id='word_1_60' title='bbox 595 627 814 681; x_wconf 71' lang='grc' dir='ltr'><strong><em>στέρεσθαι</em></strong></span> <span class='ocrx_word' id='word_1_61' title='bbox 843 630 926 668; x_wconf 86' lang='grc' dir='ltr'>τῶν</span> <span class='ocrx_word' id='word_1_62' title='bbox 945 628 1101 669; x_wconf 88' lang='grc' dir='ltr'><strong><em>οἰκείων</em></strong></span> <span class='ocrx_word' id='word_1_63' title='bbox 1126 623 1264 668; x_wconf 67' lang='grc' dir='ltr'><strong><em>ὠδύνα</em></strong></span> <span class='ocrx_word' id='word_1_64' title='bbox 1275 658 1290 677; x_wconf 87' lang='grc'>,</span> <span class='ocrx_word' id='word_1_65' title='bbox 1328 625 1395 666; x_wconf 73' lang='grc' dir='ltr'><strong><em>καὶ</em></strong></span> <span class='ocrx_word' id='word_1_66' title='bbox 1414 624 1488 666; x_wconf 70' lang='grc' dir='ltr'>οὐκ</span> <span class='ocrx_word' id='word_1_67' title='bbox 1509 623 1615 679; x_wconf 82' lang='grc' dir='ltr'><strong><em>εἰχον</em></strong></span> 
     </span>
     <span class='ocr_line' id='line_1_8' title="bbox 146 693 1614 751; baseline -0.002 -13"><span class='ocrx_word' id='word_1_68' title='bbox 146 695 224 751; x_wconf 84' lang='grc' dir='ltr'>τὴν</span> <span class='ocrx_word' id='word_1_69' title='bbox 251 698 499 751; x_wconf 74' lang='grc' dir='ltr'><strong><em>κατηγορίαν</em></strong></span> <span class='ocrx_word' id='word_1_70' title='bbox 530 695 758 738; x_wconf 75' lang='grc' dir='ltr'><strong><em>διαθέσθαι</em></strong></span> <span class='ocrx_word' id='word_1_71' title='bbox 789 697 857 737; x_wconf 76' lang='grc' dir='ltr'><strong><em>καὶ</em></strong></span> <span class='ocrx_word' id='word_1_72' title='bbox 892 695 936 737; x_wconf 73' lang='grc' dir='ltr'><strong><em>ἓν</em></strong></span> <span class='ocrx_word' id='word_1_73' title='bbox 967 695 1146 749; x_wconf 74' lang='grc' dir='ltr'><strong><em>μετρίοις</em></strong></span> <span class='ocrx_word' id='word_1_74' title='bbox 1175 693 1446 749; x_wconf 76' lang='grc' dir='ltr'><strong><em>ποιήσασθαι.</em></strong></span> <span class='ocrx_word' id='word_1_75' title='bbox 1518 693 1539 736; x_wconf 81' lang='grc' dir='ltr'>ὃ</span> <span class='ocrx_word' id='word_1_76' title='bbox 1562 694 1614 749; x_wconf 78' lang='grc' dir='ltr'>δὴ</span> 
     </span>
     <span class='ocr_line' id='line_1_9' title="bbox 146 761 1615 820; baseline -0.002 -14"><span class='ocrx_word' id='word_1_77' title='bbox 146 765 215 806; x_wconf 82' lang='grc' dir='ltr'><strong><em>καὶ</em></strong></span> <span class='ocrx_word' id='word_1_78' title='bbox 231 762 416 820; x_wconf 79' lang='grc' dir='ltr'><strong><em>μεγάλως</em></strong></span> <span class='ocrx_word' id='word_1_79' title='bbox 435 764 533 813; x_wconf 65' lang='grc' dir='ltr'><strong><em>τους</em></strong></span> <span class='ocrx_word' id='word_1_80' title='bbox 552 761 763 813; x_wconf 75' lang='grc' dir='ltr'><strong><em>τοιούτους</em></strong></span> <span class='ocrx_word' id='word_1_81' title='bbox 789 761 974 818; x_wconf 69' lang='grc' dir='ltr'><strong><em>ε’κῦμηνε,</em></strong></span> <span class='ocrx_word' id='word_1_82' title='bbox 1010 765 1078 805; x_wconf 80' lang='grc' dir='ltr'><strong><em>καὶ</em></strong></span> <span class='ocrx_word' id='word_1_83' title='bbox 1102 762 1176 806; x_wconf 77' lang='grc' dir='ltr'>οὔκ</span> <span class='ocrx_word' id='word_1_84' title='bbox 1192 761 1298 817; x_wconf 81' lang='grc' dir='ltr'><strong><em>εἰχον</em></strong></span> <span class='ocrx_word' id='word_1_85' title='bbox 1318 761 1340 805; x_wconf 82' lang='grc' dir='ltr'><strong><em>ὃ</em></strong></span> <span class='ocrx_word' id='word_1_86' title='bbox 1360 779 1399 804; x_wconf 87' lang='grc' dir='ltr'>τι</span> <span class='ocrx_word' id='word_1_87' title='bbox 1417 763 1485 804; x_wconf 85' lang='grc' dir='ltr'><strong><em>καὶ</em></strong></span> <span class='ocrx_word' id='word_1_88' title='bbox 1506 761 1615 818; x_wconf 82' lang='grc' dir='ltr'><strong><em>πρά-</em></strong></span> 
     </span>
     <span class='ocr_line' id='line_1_10' title="bbox 147 829 1613 889; baseline 0 -15"><span class='ocrx_word' id='word_1_89' title='bbox 147 835 284 886; x_wconf 79' lang='grc' dir='ltr'><strong><em>ξειαν,</em></strong></span> <span class='ocrx_word' id='word_1_90' title='bbox 324 834 392 874; x_wconf 77' lang='grc' dir='ltr'><strong><em>καὶ</em></strong></span> <span class='ocrx_word' id='word_1_91' title='bbox 421 830 477 882; x_wconf 83' lang='grc' dir='ltr'><strong><em>ὥς</em></strong></span> <span class='ocrx_word' id='word_1_92' title='bbox 499 832 550 875; x_wconf 74' lang='grc' dir='ltr'><strong><em>ἄν</em></strong></span> <span class='ocrx_word' id='word_1_93' title='bbox 576 850 619 888; x_wconf 87' lang='grc' dir='ltr'><strong><em>γε</em></strong></span> <span class='ocrx_word' id='word_1_94' title='bbox 650 837 701 889; x_wconf 85' lang='grc' dir='ltr'>τῇ</span> <span class='ocrx_word' id='word_1_95' title='bbox 730 830 839 889; x_wconf 73' lang='grc' dir='ltr'><strong><em>λύπῃ</em></strong></span> <span class='ocrx_word' id='word_1_96' title='bbox 866 830 1201 881; x_wconf 77' lang='grc' dir='ltr'><strong><em>καθοσιώσαντες</em></strong></span> <span class='ocrx_word' id='word_1_97' title='bbox 1217 830 1390 880; x_wconf 66' lang='grc' dir='ltr'><strong><em>ἑαυτοὺς</em></strong></span> <span class='ocrx_word' id='word_1_98' title='bbox 1409 832 1451 873; x_wconf 73' lang='grc' dir='ltr'><strong><em>ἓν</em></strong></span> <span class='ocrx_word' id='word_1_99' title='bbox 1469 829 1613 889; x_wconf 80' lang='grc' dir='ltr'><strong><em>ἀπόρῳ</em></strong></span> 
     </span>
     <span class='ocr_line' id='line_1_11' title="bbox 94 892 1667 958; baseline -0.001 -13"><span class='ocrx_word' id='word_1_100' title='bbox 94 911 139 945; x_wconf 86' lang='grc'>10</span> <span class='ocrx_word' id='word_1_101' title='bbox 150 892 269 955; x_wconf 54' lang='grc' dir='ltr'><strong><em>ᾗσανζ</em></strong></span> <span class='ocrx_word' id='word_1_102' title='bbox 334 902 449 951; x_wconf 74' lang='grc' dir='ltr'><strong><em>τέλος</em></strong></span> <span class='ocrx_word' id='word_1_103' title='bbox 478 901 695 958; x_wconf 74' lang='grc' dir='ltr'><strong><em>ἀποφυγὴν</em></strong></span> <span class='ocrx_word' id='word_1_104' title='bbox 724 902 824 955; x_wconf 84' lang='grc' dir='ltr'><strong><em>μίαν</em></strong></span> <span class='ocrx_word' id='word_1_105' title='bbox 854 900 1034 956; x_wconf 62' lang='grc' dir='ltr'><strong><em>ἔγνωσαν</em></strong></span> <span class='ocrx_word' id='word_1_106' title='bbox 1062 906 1136 954; x_wconf 72' lang='grc' dir='ltr'>τῆς</span> <span class='ocrx_word' id='word_1_107' title='bbox 1155 902 1298 950; x_wconf 79' lang='grc' dir='ltr'><strong><em>κακίας</em></strong></span> <span class='ocrx_word' id='word_1_108' title='bbox 1327 899 1402 954; x_wconf 75' lang='grc' dir='ltr'>τὴν</span> <span class='ocrx_word' id='word_1_109' title='bbox 1420 899 1524 955; x_wconf 85' lang='grc' dir='ltr'><strong><em>πρὸς</em></strong></span> <span class='ocrx_word' id='word_1_110' title='bbox 1543 900 1614 943; x_wconf 77' lang='grc' dir='ltr'>τὸν</span> <span class='ocrx_word' id='word_1_111' title='bbox 1636 908 1667 943; x_wconf 87' lang='grc' dir='ltr'>Β</span> 
     </span>
     <span class='ocr_line' id='line_1_12' title="bbox 147 967 1615 1027; baseline 0.001 -16"><span class='ocrx_word' id='word_1_112' title='bbox 147 967 405 1024; x_wconf 76' lang='grc' dir='ltr'><strong><em>πατριάρχην</em></strong></span> <span class='ocrx_word' id='word_1_113' title='bbox 423 968 689 1026; x_wconf 79' lang='grc' dir='ltr'><strong><em>καταφυγήν,</em></strong></span> <span class='ocrx_word' id='word_1_114' title='bbox 722 968 778 1018; x_wconf 80' lang='grc' dir='ltr'><strong><em>ὥς</em></strong></span> <span class='ocrx_word' id='word_1_115' title='bbox 803 969 949 1011; x_wconf 68' lang='grc' dir='ltr'><strong><em>αὐτίκα</em></strong></span> <span class='ocrx_word' id='word_1_116' title='bbox 972 974 1030 1027; x_wconf 78' lang='grc' dir='ltr'>τῷ</span> <span class='ocrx_word' id='word_1_117' title='bbox 1060 973 1214 1022; x_wconf 78' lang='grc' dir='ltr'><strong><em>μαθεῖν</em></strong></span> <span class='ocrx_word' id='word_1_118' title='bbox 1235 971 1276 1012; x_wconf 81' lang='grc' dir='ltr'>ε’ν</span> <span class='ocrx_word' id='word_1_119' title='bbox 1304 970 1422 1025; x_wconf 77' lang='grc' dir='ltr'><strong><em>δεινῷ</em></strong></span> <span class='ocrx_word' id='word_1_120' title='bbox 1442 986 1615 1024; x_wconf 80' lang='grc' dir='ltr'><strong><em>ποιησο-</em></strong></span> 
     </span>
     <span class='ocr_line' id='line_1_13' title="bbox 147 1035 1617 1093; baseline 0 -13"><span class='ocrx_word' id='word_1_121' title='bbox 147 1038 275 1091; x_wconf 73' lang='grc' dir='ltr'><strong><em>μένου</em></strong></span> <span class='ocrx_word' id='word_1_122' title='bbox 292 1037 477 1081; x_wconf 75' lang='grc' dir='ltr'><strong><em>κάκείνου</em></strong></span> <span class='ocrx_word' id='word_1_123' title='bbox 498 1038 573 1093; x_wconf 80' lang='grc' dir='ltr'>τὴν</span> <span class='ocrx_word' id='word_1_124' title='bbox 596 1038 701 1081; x_wconf 79' lang='grc' dir='ltr'><strong><em>κατὰ</em></strong></span> <span class='ocrx_word' id='word_1_125' title='bbox 718 1043 791 1093; x_wconf 80' lang='grc' dir='ltr'>τῆς</span> <span class='ocrx_word' id='word_1_126' title='bbox 810 1039 1025 1093; x_wconf 71' lang='grc' dir='ltr'><strong><em>ἐκκλησίας</em></strong></span> <span class='ocrx_word' id='word_1_127' title='bbox 1043 1036 1254 1092; x_wconf 81' lang='grc' dir='ltr'><strong><em>διαβολήν.</em></strong></span> <span class='ocrx_word' id='word_1_128' title='bbox 1310 1035 1509 1087; x_wconf 73' lang='grc' dir='ltr'><strong><em>ἐλθόντος</em></strong></span> <span class='ocrx_word' id='word_1_129' title='bbox 1528 1055 1617 1080; x_wconf 87' lang='grc' dir='ltr'><strong><em>τοι-</em></strong></span> 
     </span>
     <span class='ocr_line' id='line_1_14' title="bbox 146 1103 1617 1162; baseline 0 -14"><span class='ocrx_word' id='word_1_130' title='bbox 146 1111 301 1162; x_wconf 62' lang='grc' dir='ltr'><strong><em>,ἀροῦν</em></strong></span> <span class='ocrx_word' id='word_1_131' title='bbox 338 1107 405 1148; x_wconf 74' lang='grc' dir='ltr'><strong><em>καὶ</em></strong></span> <span class='ocrx_word' id='word_1_132' title='bbox 424 1111 499 1149; x_wconf 84' lang='grc' dir='ltr'>τοῦ</span> <span class='ocrx_word' id='word_1_133' title='bbox 527 1105 651 1159; x_wconf 55' lang='lat' dir='ltr'>Eridu</span> <span class='ocrx_word' id='word_1_134' title='bbox 679 1104 948 1156; x_wconf 79' lang='grc' dir='ltr'><strong><em>συνελθόντες</em></strong></span> <span class='ocrx_word' id='word_1_135' title='bbox 969 1104 1183 1149; x_wconf 66' lang='grc' dir='ltr'><strong><em>ἐνεκάλουν</em></strong></span> <span class='ocrx_word' id='word_1_136' title='bbox 1201 1106 1247 1149; x_wconf 81' lang='grc' dir='ltr'>τὸ</span> <span class='ocrx_word' id='word_1_137' title='bbox 1267 1103 1408 1155; x_wconf 77' lang='grc' dir='ltr'><strong><em>πάθος</em></strong></span> <span class='ocrx_word' id='word_1_138' title='bbox 1422 1137 1436 1162; x_wconf 86' lang='lat'>,</span> <span class='ocrx_word' id='word_1_139' title='bbox 1469 1107 1536 1148; x_wconf 78' lang='grc' dir='ltr'><strong><em>καὶ</em></strong></span> <span class='ocrx_word' id='word_1_140' title='bbox 1560 1104 1617 1157; x_wconf 81' lang='grc' dir='ltr'><strong><em>ὥς</em></strong></span> 
     </span>
     <span class='ocr_line' id='line_1_15' title="bbox 151 1169 1617 1233; baseline -0.001 -15"><span class='ocrx_word' id='word_1_141' title='bbox 151 1174 228 1218; x_wconf 65' lang='grc' dir='ltr'>οὐκ</span> <span class='ocrx_word' id='word_1_142' title='bbox 248 1174 419 1230; x_wconf 72' lang='grc' dir='ltr'><strong><em>ἀνεκτὴν</em></strong></span> <span class='ocrx_word' id='word_1_143' title='bbox 439 1174 695 1233; x_wconf 75' lang='grc' dir='ltr'><strong><em>ἐτραγῴδουν</em></strong></span> <span class='ocrx_word' id='word_1_144' title='bbox 717 1175 793 1230; x_wconf 74' lang='grc' dir='ltr'>τὴν</span> <span class='ocrx_word' id='word_1_145' title='bbox 811 1173 1057 1232; x_wconf 69' lang='grc' dir='ltr'><strong><em>συμφοράν,</em></strong></span> <span class='ocrx_word' id='word_1_146' title='bbox 1093 1177 1160 1217; x_wconf 80' lang='grc' dir='ltr'><strong><em>καὶ</em></strong></span> <span class='ocrx_word' id='word_1_147' title='bbox 1189 1177 1262 1217; x_wconf 86' lang='grc' dir='ltr'><strong><em>“τι’</em></strong></span> <span class='ocrx_word' id='word_1_148' title='bbox 1279 1173 1453 1228; x_wconf 81' lang='grc' dir='ltr'><strong><em>παθών,</em></strong></span> <span class='ocrx_word' id='word_1_149' title='bbox 1489 1169 1523 1217; x_wconf 81' lang='grc' dir='ltr'><strong><em>ὦ</em></strong></span> <span class='ocrx_word' id='word_1_150' title='bbox 1543 1169 1617 1217; x_wconf 63' lang='grc' dir='ltr'><strong><em>οὗ·</em></strong></span> 
     </span>
     <span class='ocr_line' id='line_1_16' title="bbox 95 1241 1615 1299; baseline 0.001 -14"><span class='ocrx_word' id='word_1_151' title='bbox 95 1248 139 1285; x_wconf 87' lang='grc'>15</span> <span class='ocrx_word' id='word_1_152' title='bbox 153 1243 285 1296; x_wconf 83' lang='grc' dir='ltr'><strong><em>τος,”</em></strong></span> <span class='ocrx_word' id='word_1_153' title='bbox 317 1243 454 1299; x_wconf 67' lang='grc' dir='ltr'><strong><em>ἔλεγον</em></strong></span> <span class='ocrx_word' id='word_1_154' title='bbox 481 1244 687 1299; x_wconf 83' lang='grc' dir='ltr'><strong><em>παρόντος</em></strong></span> <span class='ocrx_word' id='word_1_155' title='bbox 715 1244 921 1296; x_wconf 69' lang='grc' dir='ltr'><strong><em>κάκείνου,</em></strong></span> <span class='ocrx_word' id='word_1_156' title='bbox 964 1242 1200 1293; x_wconf 79' lang='grc' dir='ltr'><strong><em>“τοιοι’·τοις</em></strong></span> <span class='ocrx_word' id='word_1_157' title='bbox 1231 1243 1328 1292; x_wconf 55' lang='grc' dir='ltr'><strong><em>τους</em></strong></span> <span class='ocrx_word' id='word_1_158' title='bbox 1357 1247 1432 1286; x_wconf 83' lang='grc' dir='ltr'>τοῦ</span> <span class='ocrx_word' id='word_1_159' title='bbox 1461 1241 1615 1299; x_wconf 65' lang='grc' dir='ltr'><strong><em>κλήρου</em></strong></span> 
     </span>
     <span class='ocr_line' id='line_1_17' title="bbox 147 1308 1613 1367; baseline 0 -14"><span class='ocrx_word' id='word_1_160' title='bbox 147 1308 404 1365; x_wconf 77' lang='grc' dir='ltr'><strong><em>περιβάλλεις</em></strong></span> <span class='ocrx_word' id='word_1_161' title='bbox 424 1314 569 1361; x_wconf 80' lang='grc' dir='ltr'><strong><em>δεινοῖς</em></strong></span> <span class='ocrx_word' id='word_1_162' title='bbox 581 1332 597 1367; x_wconf 89' lang='lat'>‚·</span> <span class='ocrx_word' id='word_1_163' title='bbox 632 1313 725 1355; x_wconf 82' lang='grc' dir='ltr'>ὁέὀν</span> <span class='ocrx_word' id='word_1_164' title='bbox 743 1313 816 1355; x_wconf 77' lang='grc' dir='ltr'>τὸν</span> <span class='ocrx_word' id='word_1_165' title='bbox 843 1313 918 1366; x_wconf 70' lang='grc' dir='ltr'><strong><em>μὲν</em></strong></span> <span class='ocrx_word' id='word_1_166' title='bbox 938 1312 1007 1354; x_wconf 73' lang='grc' dir='ltr'>ἐπ’</span> <span class='ocrx_word' id='word_1_167' title='bbox 1031 1314 1167 1355; x_wconf 82' lang='grc' dir='ltr'><strong><em>αἰτίαν</em></strong></span> <span class='ocrx_word' id='word_1_168' title='bbox 1185 1315 1365 1366; x_wconf 87' lang='grc' dir='ltr'><strong><em>κείμενον</em></strong></span> <span class='ocrx_word' id='word_1_169' title='bbox 1385 1312 1613 1365; x_wconf 80' lang='grc' dir='ltr'><strong><em>κρίνεσθαι,</em></strong></span> 
     </span>
    </p>
   </div>
   <div class='ocr_carea' id='block_1_3' title="bbox 146 1379 1663 1559">
    <p class='ocr_par' dir='ltr' id='par_1_3' title="bbox 146 1379 1663 1559">
     <span class='ocr_line' id='line_1_18' title="bbox 146 1379 1663 1437; baseline -0.001 -15"><span class='ocrx_word' id='word_1_170' title='bbox 146 1379 247 1430; x_wconf 68' lang='grc' dir='ltr'><strong><em>τοτ’-ς</em></strong></span> <span class='ocrx_word' id='word_1_171' title='bbox 264 1380 496 1431; x_wconf 72' lang='grc' dir='ltr'><strong><em>δὲλοιπούς</em></strong></span> <span class='ocrx_word' id='word_1_172' title='bbox 514 1379 686 1432; x_wconf 77' lang='grc' dir='ltr'><strong><em>ἀθῶους</em></strong></span> <span class='ocrx_word' id='word_1_173' title='bbox 706 1386 780 1424; x_wconf 84' lang='grc' dir='ltr'>τοῦ</span> <span class='ocrx_word' id='word_1_174' title='bbox 809 1381 935 1437; x_wconf 71' lang='grc' dir='ltr'><strong><em>ἄγους</em></strong></span> <span class='ocrx_word' id='word_1_175' title='bbox 953 1381 1129 1436; x_wconf 60' lang='lat' dir='ltr'>pinam„</span> <span class='ocrx_word' id='word_1_176' title='bbox 1198 1386 1274 1424; x_wconf 84' lang='grc' dir='ltr'>τοῦ</span> <span class='ocrx_word' id='word_1_177' title='bbox 1295 1382 1341 1424; x_wconf 72' lang='grc' dir='ltr'>δέ</span> <span class='ocrx_word' id='word_1_178' title='bbox 1358 1381 1488 1435; x_wconf 69' lang='grc' dir='ltr'><strong><em>μηδὲν</em></strong></span> <span class='ocrx_word' id='word_1_179' title='bbox 1506 1379 1609 1424; x_wconf 80' lang='grc' dir='ltr'><strong><em>ἄπο·</em></strong></span> <span class='ocrx_word' id='word_1_180' title='bbox 1632 1386 1663 1421; x_wconf 87' lang='lat' dir='ltr'>C</span> 
     </span>
     <span class='ocr_line' id='line_1_19' title="bbox 241 1508 1612 1559; baseline 0.001 -13"><span class='ocrx_word' id='word_1_181' title='bbox 241 1511 278 1548; x_wconf 87' lang='lat'>6.</span> <span class='ocrx_word' id='word_1_182' title='bbox 299 1508 412 1547; x_wconf 67' lang='grc' dir='ltr'><strong><em>πλέον</em></strong></span> <span class='ocrx_word' id='word_1_183' title='bbox 434 1513 506 1548; x_wconf 81' lang='grc' dir='ltr'>τοῦ</span> <span class='ocrx_word' id='word_1_184' title='bbox 526 1510 685 1556; x_wconf 80' lang='grc' dir='ltr'><strong><em>τούτους</em></strong></span> <span class='ocrx_word' id='word_1_185' title='bbox 708 1511 903 1559; x_wconf 80' lang='grc' dir='ltr'><strong><em>στέρεσθαι</em></strong></span> <span class='ocrx_word' id='word_1_186' title='bbox 925 1510 1017 1554; x_wconf 70' lang='grc' dir='ltr'>τούς</span> <span class='ocrx_word' id='word_1_187' title='bbox 1040 1513 1188 1549; x_wconf 78' lang='grc' dir='ltr'><strong><em>οἰκείων</em></strong></span> <span class='ocrx_word' id='word_1_188' title='bbox 1197 1513 1237 1548; x_wconf 83' lang='grc' dir='ltr'>Ρ.</span> <span class='ocrx_word' id='word_1_189' title='bbox 1331 1512 1386 1548; x_wconf 83' lang='lat'>14.</span> <span class='ocrx_word' id='word_1_190' title='bbox 1410 1510 1560 1558; x_wconf 77' lang='grc' dir='ltr'><strong><em>ἐνεκτὴν</em></strong></span> <span class='ocrx_word' id='word_1_191' title='bbox 1570 1513 1612 1548; x_wconf 88' lang='grc' dir='ltr'>Ρ.</span> 
     </span>
    </p>
   </div>
   <div class='ocr_carea' id='block_1_4' title="bbox 95 1635 1619 2872">
    <p class='ocr_par' dir='ltr' id='par_1_4' title="bbox 95 1635 1619 2872">
     <span class='ocr_line' id='line_1_20' title="bbox 147 1635 1615 1683; baseline 0.001 -13"><span class='ocrx_word' id='word_1_192' title='bbox 147 1635 219 1670; x_wconf 80' lang='lat' dir='ltr'>lute</span> <span class='ocrx_word' id='word_1_193' title='bbox 241 1647 283 1670; x_wconf 86' lang='lat' dir='ltr'>ac</span> <span class='ocrx_word' id='word_1_194' title='bbox 306 1640 411 1671; x_wconf 85' lang='lat' dir='ltr'>statu.</span> <span class='ocrx_word' id='word_1_195' title='bbox 458 1649 518 1671; x_wconf 87' lang='lat' dir='ltr'>eos</span> <span class='ocrx_word' id='word_1_196' title='bbox 540 1637 645 1682; x_wconf 81' lang='lat' dir='ltr'>igitur</span> <span class='ocrx_word' id='word_1_197' title='bbox 665 1637 797 1683; x_wconf 82' lang='lat' dir='ltr'>pariter</span> <span class='ocrx_word' id='word_1_198' title='bbox 819 1642 960 1672; x_wconf 84' lang='lat' dir='ltr'>cunctos</span> <span class='ocrx_word' id='word_1_199' title='bbox 984 1650 1051 1672; x_wconf 88' lang='lat' dir='ltr'>uno</span> <span class='ocrx_word' id='word_1_200' title='bbox 1073 1637 1211 1671; x_wconf 87' lang='lat' dir='ltr'>crimine</span> <span class='ocrx_word' id='word_1_201' title='bbox 1232 1635 1395 1679; x_wconf 76' lang='lat' dir='ltr'>involvit,</span> <span class='ocrx_word' id='word_1_202' title='bbox 1427 1637 1550 1671; x_wconf 77' lang='lat' dir='ltr'>infidos</span> <span class='ocrx_word' id='word_1_203' title='bbox 1579 1641 1615 1671; x_wconf 83' lang='lat' dir='ltr'>et</span> 
     </span>
     <span class='ocr_line' id='line_1_21' title="bbox 148 1681 1615 1729; baseline 0.001 -13"><span class='ocrx_word' id='word_1_204' title='bbox 148 1684 237 1716; x_wconf 79' lang='lat' dir='ltr'>clam</span> <span class='ocrx_word' id='word_1_205' title='bbox 257 1681 406 1716; x_wconf 84' lang='lat' dir='ltr'>infensos</span> <span class='ocrx_word' id='word_1_206' title='bbox 430 1684 583 1728; x_wconf 79' lang='lat' dir='ltr'>Augusto</span> <span class='ocrx_word' id='word_1_207' title='bbox 606 1685 790 1719; x_wconf 86' lang='lat' dir='ltr'>nominans.</span> <span class='ocrx_word' id='word_1_208' title='bbox 837 1685 916 1729; x_wconf 69' lang='lat'><strong>(20)</strong></span> <span class='ocrx_word' id='word_1_209' title='bbox 940 1696 1020 1728; x_wconf 86' lang='lat' dir='ltr'>ergo</span> <span class='ocrx_word' id='word_1_210' title='bbox 1043 1684 1238 1728; x_wconf 81' lang='lat' dir='ltr'><strong>singillatim</strong></span> <span class='ocrx_word' id='word_1_211' title='bbox 1260 1683 1379 1717; x_wconf 88' lang='lat' dir='ltr'>obiens</span> <span class='ocrx_word' id='word_1_212' title='bbox 1400 1683 1556 1717; x_wconf 87' lang='lat' dir='ltr'>irruebat</span> <span class='ocrx_word' id='word_1_213' title='bbox 1578 1683 1615 1717; x_wconf 89' lang='lat' dir='ltr'>in</span> 
     </span>
     <span class='ocr_line' id='line_1_22' title="bbox 147 1727 1613 1775; baseline 0.001 -14"><span class='ocrx_word' id='word_1_214' title='bbox 147 1727 357 1762; x_wconf 83' lang='lat' dir='ltr'>oeconomias</span> <span class='ocrx_word' id='word_1_215' title='bbox 377 1728 530 1771; x_wconf 85' lang='lat' dir='ltr'>illorum,</span> <span class='ocrx_word' id='word_1_216' title='bbox 561 1731 685 1774; x_wconf 83' lang='lat' dir='ltr'>partim</span> <span class='ocrx_word' id='word_1_217' title='bbox 712 1737 930 1775; x_wconf 80' lang='lat' dir='ltr'><strong>sequestrans</strong></span> <span class='ocrx_word' id='word_1_218' title='bbox 961 1739 996 1764; x_wconf 84' lang='lat' dir='ltr'>et</span> <span class='ocrx_word' id='word_1_219' title='bbox 1026 1730 1180 1770; x_wconf 84' lang='lat' dir='ltr'>detinens</span> <span class='ocrx_word' id='word_1_220' title='bbox 1212 1730 1357 1762; x_wconf 87' lang='lat' dir='ltr'>nondum</span> <span class='ocrx_word' id='word_1_221' title='bbox 1381 1729 1508 1762; x_wconf 81' lang='lat' dir='ltr'>solutos</span> <span class='ocrx_word' id='word_1_222' title='bbox 1531 1740 1613 1773; x_wconf 74' lang='lat' dir='ltr'>pro·</span> 
     </span>
     <span class='ocr_line' id='line_1_23' title="bbox 146 1774 1616 1821; baseline 0 -14"><span class='ocrx_word' id='word_1_223' title='bbox 146 1778 282 1814; x_wconf 76' lang='lat' dir='ltr'>ventus,</span> <span class='ocrx_word' id='word_1_224' title='bbox 305 1775 426 1819; x_wconf 78' lang='lat' dir='ltr'>partim</span> <span class='ocrx_word' id='word_1_225' title='bbox 448 1775 515 1808; x_wconf 87' lang='lat' dir='ltr'>iam</span> <span class='ocrx_word' id='word_1_226' title='bbox 538 1783 719 1820; x_wconf 84' lang='lat' dir='ltr'>perceptos</span> <span class='ocrx_word' id='word_1_227' title='bbox 741 1782 921 1821; x_wconf 77' lang='lat' dir='ltr'>repetens,</span> <span class='ocrx_word' id='word_1_228' title='bbox 942 1776 1034 1821; x_wconf 90' lang='lat' dir='ltr'>quod</span> <span class='ocrx_word' id='word_1_229' title='bbox 1059 1787 1118 1809; x_wconf 82' lang='lat' dir='ltr'>eos</span> <span class='ocrx_word' id='word_1_230' title='bbox 1140 1775 1269 1808; x_wconf 89' lang='lat' dir='ltr'>diceret</span> <span class='ocrx_word' id='word_1_231' title='bbox 1291 1775 1367 1808; x_wconf 90' lang='lat' dir='ltr'>iure</span> <span class='ocrx_word' id='word_1_232' title='bbox 1388 1774 1455 1807; x_wconf 86' lang='lat' dir='ltr'>illis</span> <span class='ocrx_word' id='word_1_233' title='bbox 1481 1774 1616 1807; x_wconf 87' lang='lat' dir='ltr'>fruendi</span> 
     </span>
     <span class='ocr_line' id='line_1_24' title="bbox 148 1818 1619 1866; baseline 0 -14"><span class='ocrx_word' id='word_1_234' title='bbox 148 1818 319 1853; x_wconf 72' lang='lat' dir='ltr'>excidisse</span> <span class='ocrx_word' id='word_1_235' title='bbox 341 1820 580 1864; x_wconf 72' lang='lat' dir='ltr'>perduellionis</span> <span class='ocrx_word' id='word_1_236' title='bbox 603 1822 744 1855; x_wconf 87' lang='lat' dir='ltr'>crimine</span> <span class='ocrx_word' id='word_1_237' title='bbox 774 1823 941 1865; x_wconf 82' lang='lat' dir='ltr'>conscito,</span> <span class='ocrx_word' id='word_1_238' title='bbox 978 1822 1072 1855; x_wconf 87' lang='lat' dir='ltr'>cuius</span> <span class='ocrx_word' id='word_1_239' title='bbox 1105 1821 1199 1865; x_wconf 85' lang='lat' dir='ltr'>ipsos</span> <span class='ocrx_word' id='word_1_240' title='bbox 1232 1832 1296 1866; x_wconf 87' lang='lat' dir='ltr'>pro</span> <span class='ocrx_word' id='word_1_241' title='bbox 1328 1821 1427 1864; x_wconf 80' lang='lat' dir='ltr'>piane</span> <span class='ocrx_word' id='word_1_242' title='bbox 1450 1820 1619 1853; x_wconf 74' lang='lat' dir='ltr'>convictis</span> 
     </span>
     <span class='ocr_line' id='line_1_25' title="bbox 95 1864 1617 1912; baseline 0.001 -15"><span class='ocrx_word' id='word_1_243' title='bbox 95 1903 98 1908; x_wconf 36' lang='grc' dir='ltr'><strong><em>Ι</em></strong></span> <span class='ocrx_word' id='word_1_244' title='bbox 148 1867 186 1897; x_wconf 85' lang='lat' dir='ltr'>et</span> <span class='ocrx_word' id='word_1_245' title='bbox 205 1864 274 1898; x_wconf 83' lang='lat' dir='ltr'>rite</span> <span class='ocrx_word' id='word_1_246' title='bbox 295 1865 461 1900; x_wconf 84' lang='lat' dir='ltr'>damnatis</span> <span class='ocrx_word' id='word_1_247' title='bbox 492 1867 646 1901; x_wconf 81' lang='lat' dir='ltr'>haberet.</span> <span class='ocrx_word' id='word_1_248' title='bbox 693 1868 779 1902; x_wconf 84' lang='lat' dir='ltr'>haec</span> <span class='ocrx_word' id='word_1_249' title='bbox 808 1868 963 1901; x_wconf 84' lang='lat' dir='ltr'>videntes</span> <span class='ocrx_word' id='word_1_250' title='bbox 986 1873 1022 1901; x_wconf 86' lang='lat' dir='ltr'>et</span> <span class='ocrx_word' id='word_1_251' title='bbox 1052 1867 1220 1912; x_wconf 87' lang='lat' dir='ltr'>patientes</span> <span class='ocrx_word' id='word_1_252' title='bbox 1242 1865 1358 1899; x_wconf 82' lang='lat' dir='ltr'>clerici</span> <span class='ocrx_word' id='word_1_253' title='bbox 1380 1865 1497 1899; x_wconf 88' lang='lat' dir='ltr'>intime</span> <span class='ocrx_word' id='word_1_254' title='bbox 1520 1865 1617 1899; x_wconf 82' lang='lat' dir='ltr'>scili-</span> 
     </span>
     <span class='ocr_line' id='line_1_26' title="bbox 148 1910 1615 1959; baseline 0.001 -16"><span class='ocrx_word' id='word_1_255' title='bbox 148 1912 206 1943; x_wconf 79' lang='lat' dir='ltr'>cet</span> <span class='ocrx_word' id='word_1_256' title='bbox 226 1910 456 1954; x_wconf 72' lang='lat' dir='ltr'>tingebantur,</span> <span class='ocrx_word' id='word_1_257' title='bbox 480 1924 546 1946; x_wconf 85' lang='lat' dir='ltr'>non</span> <span class='ocrx_word' id='word_1_258' title='bbox 568 1918 639 1947; x_wconf 83' lang='lat' dir='ltr'>tam</span> <span class='ocrx_word' id='word_1_259' title='bbox 660 1913 736 1959; x_wconf 85' lang='lat' dir='ltr'>ipsa</span> <span class='ocrx_word' id='word_1_260' title='bbox 761 1914 983 1948; x_wconf 80' lang='lat' dir='ltr'>accusationis</span> <span class='ocrx_word' id='word_1_261' title='bbox 1015 1913 1142 1946; x_wconf 79' lang='lat' dir='ltr'>invidia</span> <span class='ocrx_word' id='word_1_262' title='bbox 1169 1910 1380 1953; x_wconf 83' lang='lat' dir='ltr'>conturbati,</span> <span class='ocrx_word' id='word_1_263' title='bbox 1413 1922 1615 1956; x_wconf 87' lang='lat' dir='ltr'>quamquam</span> 
     </span>
     <span class='ocr_line' id='line_1_27' title="bbox 148 1956 1616 2003; baseline 0.002 -15"><span class='ocrx_word' id='word_1_264' title='bbox 148 1959 226 1988; x_wconf 84' lang='lat' dir='ltr'>erat</span> <span class='ocrx_word' id='word_1_265' title='bbox 247 1956 334 1990; x_wconf 85' lang='lat' dir='ltr'>bene</span> <span class='ocrx_word' id='word_1_266' title='bbox 356 1957 500 1991; x_wconf 86' lang='lat' dir='ltr'>consciis</span> <span class='ocrx_word' id='word_1_267' title='bbox 523 1959 671 1992; x_wconf 84' lang='lat' dir='ltr'>et-viam</span> <span class='ocrx_word' id='word_1_268' title='bbox 693 1959 774 1992; x_wconf 87' lang='lat' dir='ltr'>eius·</span> <span class='ocrx_word' id='word_1_269' title='bbox 788 1960 984 2003; x_wconf 84' lang='lat' dir='ltr'>purgandae</span> <span class='ocrx_word' id='word_1_270' title='bbox 1000 1959 1124 1992; x_wconf 89' lang='lat' dir='ltr'>nullam</span> <span class='ocrx_word' id='word_1_271' title='bbox 1147 1957 1348 1991; x_wconf 78' lang='lat' dir='ltr'>habentibus</span> <span class='ocrx_word' id='word_1_272' title='bbox 1371 1957 1616 1999; x_wconf 79' lang='lat' dir='ltr'>molestissima,</span> 
     </span>
     <span class='ocr_line' id='line_1_28' title="bbox 148 2001 1615 2047; baseline 0.002 -14"><span class='ocrx_word' id='word_1_273' title='bbox 148 2011 249 2045; x_wconf 87' lang='lat' dir='ltr'>quam</span> <span class='ocrx_word' id='word_1_274' title='bbox 271 2002 360 2045; x_wconf 86' lang='lat' dir='ltr'>quod</span> <span class='ocrx_word' id='word_1_275' title='bbox 384 2003 457 2036; x_wconf 88' lang='lat' dir='ltr'>eius</span> <span class='ocrx_word' id='word_1_276' title='bbox 478 2004 622 2038; x_wconf 80' lang='lat' dir='ltr'>effectus</span> <span class='ocrx_word' id='word_1_277' title='bbox 643 2004 710 2037; x_wconf 89' lang='lat' dir='ltr'>iam</span> <span class='ocrx_word' id='word_1_278' title='bbox 734 2010 814 2038; x_wconf 82' lang='lat' dir='ltr'>ante</span> <span class='ocrx_word' id='word_1_279' title='bbox 839 2005 1084 2038; x_wconf 80' lang='lat' dir='ltr'>damnationem</span> <span class='ocrx_word' id='word_1_280' title='bbox 1107 2003 1320 2037; x_wconf 87' lang='lat' dir='ltr'>tristissimos</span> <span class='ocrx_word' id='word_1_281' title='bbox 1342 2001 1518 2044; x_wconf 77' lang='lat' dir='ltr'>sentirent,</span> <span class='ocrx_word' id='word_1_282' title='bbox 1543 2003 1615 2047; x_wconf 89' lang='lat' dir='ltr'>pri-</span> 
     </span>
     <span class='ocr_line' id='line_1_29' title="bbox 148 2045 1614 2095; baseline 0.003 -17"><span class='ocrx_word' id='word_1_283' title='bbox 148 2045 223 2079; x_wconf 77' lang='lat' dir='ltr'>vati</span> <span class='ocrx_word' id='word_1_284' title='bbox 253 2045 319 2079; x_wconf 88' lang='lat' dir='ltr'>iam</span> <span class='ocrx_word' id='word_1_285' title='bbox 349 2058 438 2081; x_wconf 88' lang='lat' dir='ltr'>nunc</span> <span class='ocrx_word' id='word_1_286' title='bbox 463 2049 561 2082; x_wconf 88' lang='lat' dir='ltr'>bonis</span> <span class='ocrx_word' id='word_1_287' title='bbox 594 2050 763 2094; x_wconf 78' lang='lat' dir='ltr'>propriis3</span> <span class='ocrx_word' id='word_1_288' title='bbox 795 2062 883 2095; x_wconf 88' lang='lat' dir='ltr'>quae</span> <span class='ocrx_word' id='word_1_289' title='bbox 914 2060 1077 2094; x_wconf 86' lang='lat' dir='ltr'>praesens</span> <span class='ocrx_word' id='word_1_290' title='bbox 1110 2048 1323 2092; x_wconf 81' lang='lat' dir='ltr'>experientia</span> <span class='ocrx_word' id='word_1_291' title='bbox 1351 2046 1614 2083; x_wconf 79' lang='lat' dir='ltr'>intoierabilium</span> 
     </span>
     <span class='ocr_line' id='line_1_30' title="bbox 148 2091 1614 2140; baseline 0.003 -15"><span class='ocrx_word' id='word_1_292' title='bbox 148 2091 366 2134; x_wconf 88' lang='lat' dir='ltr'>damnorum,</span> <span class='ocrx_word' id='word_1_293' title='bbox 395 2093 512 2127; x_wconf 85' lang='lat' dir='ltr'>dolore</span> <span class='ocrx_word' id='word_1_294' title='bbox 542 2094 634 2138; x_wconf 86' lang='lat' dir='ltr'>ipsos</span> <span class='ocrx_word' id='word_1_295' title='bbox 663 2106 818 2139; x_wconf 85' lang='lat' dir='ltr'>pungens</span> <span class='ocrx_word' id='word_1_296' title='bbox 847 2095 1082 2136; x_wconf 85' lang='lat' dir='ltr'>acerbissimo,</span> <span class='ocrx_word' id='word_1_297' title='bbox 1116 2093 1324 2139; x_wconf 87' lang='lat' dir='ltr'>impediebat</span> <span class='ocrx_word' id='word_1_298' title='bbox 1353 2104 1396 2126; x_wconf 84' lang='lat' dir='ltr'>ne</span> <span class='ocrx_word' id='word_1_299' title='bbox 1418 2101 1614 2140; x_wconf 76' lang='lat' dir='ltr'>contempta</span> 
     </span>
     <span class='ocr_line' id='line_1_31' title="bbox 146 2137 1612 2186; baseline 0.003 -15"><span class='ocrx_word' id='word_1_300' title='bbox 146 2137 258 2171; x_wconf 79' lang='lat' dir='ltr'>falsae</span> <span class='ocrx_word' id='word_1_301' title='bbox 281 2138 466 2172; x_wconf 87' lang='lat' dir='ltr'>calumniae</span> <span class='ocrx_word' id='word_1_302' title='bbox 490 2140 643 2173; x_wconf 81' lang='lat' dir='ltr'>vanitate</span> <span class='ocrx_word' id='word_1_303' title='bbox 666 2141 926 2174; x_wconf 77' lang='lat' dir='ltr'>consolationem</span> <span class='ocrx_word' id='word_1_304' title='bbox 950 2152 1022 2174; x_wconf 88' lang='lat' dir='ltr'>eam</span> <span class='ocrx_word' id='word_1_305' title='bbox 1046 2143 1228 2184; x_wconf 82' lang='lat' dir='ltr'>caperent,</span> <span class='ocrx_word' id='word_1_306' title='bbox 1249 2150 1349 2184; x_wconf 86' lang='lat' dir='ltr'>quam</span> <span class='ocrx_word' id='word_1_307' title='bbox 1372 2138 1407 2172; x_wconf 87' lang='lat' dir='ltr'>in</span> <span class='ocrx_word' id='word_1_308' title='bbox 1429 2140 1508 2174; x_wconf 84' lang='lat' dir='ltr'>mali</span> <span class='ocrx_word' id='word_1_309' title='bbox 1530 2152 1612 2186; x_wconf 85' lang='lat' dir='ltr'>per-</span> 
     </span>
     <span class='ocr_line' id='line_1_32' title="bbox 147 2183 1612 2230; baseline 0.003 -14"><span class='ocrx_word' id='word_1_310' title='bbox 147 2183 306 2228; x_wconf 76' lang='lat' dir='ltr'>pessione</span> <span class='ocrx_word' id='word_1_311' title='bbox 328 2184 505 2218; x_wconf 87' lang='lat' dir='ltr'>mediocris</span> <span class='ocrx_word' id='word_1_312' title='bbox 527 2196 590 2219; x_wconf 86' lang='lat' dir='ltr'>sua</span> <span class='ocrx_word' id='word_1_313' title='bbox 611 2186 833 2230; x_wconf 82' lang='lat' dir='ltr'>prudentibus</span> <span class='ocrx_word' id='word_1_314' title='bbox 855 2187 965 2220; x_wconf 84' lang='lat' dir='ltr'>virtus</span> <span class='ocrx_word' id='word_1_315' title='bbox 987 2186 1151 2230; x_wconf 80' lang='lat' dir='ltr'>suggerit.</span> <span class='ocrx_word' id='word_1_316' title='bbox 1198 2196 1305 2229; x_wconf 88' lang='lat' dir='ltr'>quare</span> <span class='ocrx_word' id='word_1_317' title='bbox 1324 2184 1487 2219; x_wconf 85' lang='lat' dir='ltr'>fluctibus</span> <span class='ocrx_word' id='word_1_318' title='bbox 1517 2198 1612 2220; x_wconf 90' lang='lat' dir='ltr'>moe-</span> 
     </span>
     <span class='ocr_line' id='line_1_33' title="bbox 146 2228 1612 2277; baseline 0.002 -14"><span class='ocrx_word' id='word_1_319' title='bbox 146 2228 236 2263; x_wconf 74' lang='lat' dir='ltr'>roris</span> <span class='ocrx_word' id='word_1_320' title='bbox 255 2229 375 2263; x_wconf 86' lang='lat' dir='ltr'>iactati</span> <span class='ocrx_word' id='word_1_321' title='bbox 398 2230 563 2271; x_wconf 61' lang='lat' dir='ltr'>maximis,</span> <span class='ocrx_word' id='word_1_322' title='bbox 579 2243 643 2264; x_wconf 91' lang='lat' dir='ltr'>nec</span> <span class='ocrx_word' id='word_1_323' title='bbox 664 2243 732 2276; x_wconf 82' lang='lat' dir='ltr'>quo</span> <span class='ocrx_word' id='word_1_324' title='bbox 756 2243 794 2265; x_wconf 86' lang='lat' dir='ltr'>se</span> <span class='ocrx_word' id='word_1_325' title='bbox 818 2237 992 2265; x_wconf 85' lang='lat' dir='ltr'>verterent</span> <span class='ocrx_word' id='word_1_326' title='bbox 1011 2231 1230 2276; x_wconf 82' lang='lat' dir='ltr'>reperientes,</span> <span class='ocrx_word' id='word_1_327' title='bbox 1256 2236 1434 2276; x_wconf 78' lang='lat' dir='ltr'>postquam</span> <span class='ocrx_word' id='word_1_328' title='bbox 1457 2231 1612 2277; x_wconf 77' lang='lat' dir='ltr'>aliquan-</span> 
     </span>
     <span class='ocr_line' id='line_1_34' title="bbox 147 2273 1611 2322; baseline 0.003 -15"><span class='ocrx_word' id='word_1_329' title='bbox 147 2273 209 2308; x_wconf 88' lang='lat' dir='ltr'>diu</span> <span class='ocrx_word' id='word_1_330' title='bbox 229 2274 265 2308; x_wconf 90' lang='lat' dir='ltr'>in</span> <span class='ocrx_word' id='word_1_331' title='bbox 285 2275 343 2309; x_wconf 83' lang='lat' dir='ltr'>illa</span> <span class='ocrx_word' id='word_1_332' title='bbox 366 2287 526 2310; x_wconf 79' lang='lat' dir='ltr'>aerumna</span> <span class='ocrx_word' id='word_1_333' title='bbox 547 2276 670 2311; x_wconf 76' lang='lat' dir='ltr'>incerti</span> <span class='ocrx_word' id='word_1_334' title='bbox 706 2277 832 2320; x_wconf 88' lang='lat' dir='ltr'>animi,</span> <span class='ocrx_word' id='word_1_335' title='bbox 866 2276 964 2322; x_wconf 87' lang='lat' dir='ltr'>quasi</span> <span class='ocrx_word' id='word_1_336' title='bbox 994 2276 1175 2321; x_wconf 84' lang='lat' dir='ltr'>desperato</span> <span class='ocrx_word' id='word_1_337' title='bbox 1205 2276 1356 2311; x_wconf 82' lang='lat' dir='ltr'>remedio</span> <span class='ocrx_word' id='word_1_338' title='bbox 1377 2287 1454 2310; x_wconf 81' lang='lat' dir='ltr'>sesa</span> <span class='ocrx_word' id='word_1_339' title='bbox 1476 2277 1611 2312; x_wconf 85' lang='lat' dir='ltr'>discru-</span> 
     </span>
     <span class='ocr_line' id='line_1_35' title="bbox 148 2319 1610 2366; baseline 0.001 -11"><span class='ocrx_word' id='word_1_340' title='bbox 148 2319 291 2362; x_wconf 59' lang='grc' dir='ltr'>ἄδικα,</span> <span class='ocrx_word' id='word_1_341' title='bbox 313 2322 418 2356; x_wconf 80' lang='lat' dir='ltr'>tacite</span> <span class='ocrx_word' id='word_1_342' title='bbox 438 2327 659 2366; x_wconf 81' lang='lat' dir='ltr'>gemuerant,</span> <span class='ocrx_word' id='word_1_343' title='bbox 693 2324 829 2356; x_wconf 83' lang='lat' dir='ltr'>tandem</span> <span class='ocrx_word' id='word_1_344' title='bbox 852 2324 1035 2366; x_wconf 79' lang='lat' dir='ltr'>confugere</span> <span class='ocrx_word' id='word_1_345' title='bbox 1056 2322 1100 2355; x_wconf 88' lang='lat' dir='ltr'>ad</span> <span class='ocrx_word' id='word_1_346' title='bbox 1123 2322 1348 2366; x_wconf 78' lang='lat' dir='ltr'>patriarcham</span> <span class='ocrx_word' id='word_1_347' title='bbox 1372 2322 1610 2366; x_wconf 80' lang='lat' dir='ltr'>decreverunt,</span> 
     </span>
     <span class='ocr_line' id='line_1_36' title="bbox 147 2365 1611 2413; baseline 0.002 -14"><span class='ocrx_word' id='word_1_348' title='bbox 147 2365 215 2400; x_wconf 84' lang='lat' dir='ltr'>rati</span> <span class='ocrx_word' id='word_1_349' title='bbox 238 2377 312 2400; x_wconf 87' lang='lat' dir='ltr'>eum</span> <span class='ocrx_word' id='word_1_350' title='bbox 334 2367 468 2401; x_wconf 85' lang='lat' dir='ltr'>illorum</span> <span class='ocrx_word' id='word_1_351' title='bbox 491 2379 579 2413; x_wconf 89' lang='lat' dir='ltr'>quae</span> <span class='ocrx_word' id='word_1_352' title='bbox 613 2374 812 2412; x_wconf 84' lang='lat' dir='ltr'>gererentur</span> <span class='ocrx_word' id='word_1_353' title='bbox 841 2368 1014 2412; x_wconf 80' lang='lat' dir='ltr'>ignarum,</span> <span class='ocrx_word' id='word_1_354' title='bbox 1045 2367 1143 2402; x_wconf 82' lang='lat' dir='ltr'>simul</span> <span class='ocrx_word' id='word_1_355' title='bbox 1175 2367 1388 2413; x_wconf 77' lang='lat' dir='ltr'>cognovisset</span> <span class='ocrx_word' id='word_1_356' title='bbox 1409 2369 1611 2403; x_wconf 77' lang='lat' dir='ltr'>intentatam</span> 
     </span>
     <span class='ocr_line' id='line_1_37' title="bbox 147 2411 1611 2460; baseline 0.003 -16"><span class='ocrx_word' id='word_1_357' title='bbox 147 2411 312 2446; x_wconf 75' lang='lat' dir='ltr'>ecciesiae</span> <span class='ocrx_word' id='word_1_358' title='bbox 333 2413 550 2456; x_wconf 75' lang='lat' dir='ltr'>calumniam,</span> <span class='ocrx_word' id='word_1_359' title='bbox 585 2414 852 2460; x_wconf 86' lang='lat' dir='ltr'>improbaturum</span> <span class='ocrx_word' id='word_1_360' title='bbox 882 2419 918 2448; x_wconf 89' lang='lat' dir='ltr'>et</span> <span class='ocrx_word' id='word_1_361' title='bbox 945 2425 1049 2458; x_wconf 83' lang='lat' dir='ltr'>aegre</span> <span class='ocrx_word' id='word_1_362' title='bbox 1071 2425 1110 2448; x_wconf 88' lang='lat' dir='ltr'>se</span> <span class='ocrx_word' id='word_1_363' title='bbox 1130 2414 1223 2448; x_wconf 84' lang='lat' dir='ltr'>ferre</span> <span class='ocrx_word' id='word_1_364' title='bbox 1244 2413 1503 2449; x_wconf 84' lang='lat' dir='ltr'>declaraturum.</span> <span class='ocrx_word' id='word_1_365' title='bbox 1550 2427 1611 2448; x_wconf 90' lang='lat' dir='ltr'>ca-</span> 
     </span>
     <span class='ocr_line' id='line_1_38' title="bbox 147 2457 1610 2505; baseline 0.003 -15"><span class='ocrx_word' id='word_1_366' title='bbox 147 2461 244 2502; x_wconf 81' lang='lat' dir='ltr'>ptato</span> <span class='ocrx_word' id='word_1_367' title='bbox 266 2457 372 2502; x_wconf 81' lang='lat' dir='ltr'>igitur</span> <span class='ocrx_word' id='word_1_368' title='bbox 391 2464 545 2504; x_wconf 86' lang='lat' dir='ltr'>tempore</span> <span class='ocrx_word' id='word_1_369' title='bbox 566 2472 633 2505; x_wconf 92' lang='lat' dir='ltr'>quo</span> <span class='ocrx_word' id='word_1_370' title='bbox 655 2461 768 2494; x_wconf 82' lang='lat' dir='ltr'>Sabas</span> <span class='ocrx_word' id='word_1_371' title='bbox 790 2461 833 2495; x_wconf 85' lang='lat' dir='ltr'>ad</span> <span class='ocrx_word' id='word_1_372' title='bbox 858 2460 1086 2505; x_wconf 83' lang='lat' dir='ltr'>patriarcham</span> <span class='ocrx_word' id='word_1_373' title='bbox 1106 2465 1260 2503; x_wconf 79' lang='lat' dir='ltr'>venerat,</span> <span class='ocrx_word' id='word_1_374' title='bbox 1282 2460 1381 2494; x_wconf 81' lang='lat' dir='ltr'>simul</span> <span class='ocrx_word' id='word_1_375' title='bbox 1403 2464 1440 2494; x_wconf 88' lang='lat' dir='ltr'>et</span> <span class='ocrx_word' id='word_1_376' title='bbox 1460 2460 1526 2505; x_wconf 84' lang='lat' dir='ltr'>ipsi</span> <span class='ocrx_word' id='word_1_377' title='bbox 1550 2471 1610 2494; x_wconf 81' lang='lat' dir='ltr'>ac-</span> 
     </span>
     <span class='ocr_line' id='line_1_39' title="bbox 144 2503 1611 2550; baseline 0.002 -14"><span class='ocrx_word' id='word_1_378' title='bbox 144 2503 309 2538; x_wconf 80' lang='lat' dir='ltr'>cedentes</span> <span class='ocrx_word' id='word_1_379' title='bbox 330 2505 443 2549; x_wconf 84' lang='lat' dir='ltr'>questi</span> <span class='ocrx_word' id='word_1_380' title='bbox 471 2506 625 2549; x_wconf 79' lang='lat' dir='ltr'>graviter</span> <span class='ocrx_word' id='word_1_381' title='bbox 645 2511 724 2540; x_wconf 85' lang='lat' dir='ltr'>sunt</span> <span class='ocrx_word' id='word_1_382' title='bbox 747 2506 791 2540; x_wconf 91' lang='lat' dir='ltr'>de</span> <span class='ocrx_word' id='word_1_383' title='bbox 812 2506 910 2540; x_wconf 89' lang='lat' dir='ltr'>malis</span> <span class='ocrx_word' id='word_1_384' title='bbox 931 2517 1020 2550; x_wconf 85' lang='lat' dir='ltr'>quae</span> <span class='ocrx_word' id='word_1_385' title='bbox 1052 2510 1270 2550; x_wconf 84' lang='lat' dir='ltr'>paterentur,</span> <span class='ocrx_word' id='word_1_386' title='bbox 1302 2510 1339 2540; x_wconf 89' lang='lat' dir='ltr'>et</span> <span class='ocrx_word' id='word_1_387' title='bbox 1360 2505 1527 2540; x_wconf 80' lang='lat' dir='ltr'>invidiose</span> <span class='ocrx_word' id='word_1_388' title='bbox 1548 2517 1611 2539; x_wconf 82' lang='lat' dir='ltr'>ex-</span> 
     </span>
     <span class='ocr_line' id='line_1_40' title="bbox 146 2551 1611 2597; baseline 0.002 -16"><span class='ocrx_word' id='word_1_389' title='bbox 146 2554 314 2592; x_wconf 82' lang='lat' dir='ltr'>aggerata</span> <span class='ocrx_word' id='word_1_390' title='bbox 336 2551 516 2585; x_wconf 86' lang='lat' dir='ltr'>communis</span> <span class='ocrx_word' id='word_1_391' title='bbox 546 2552 748 2586; x_wconf 70' lang='lat' dir='ltr'>caiamitatis</span> <span class='ocrx_word' id='word_1_392' title='bbox 779 2552 981 2592; x_wconf 82' lang='lat' dir='ltr'>atrocitate,</span> <span class='ocrx_word' id='word_1_393' title='bbox 1012 2551 1055 2584; x_wconf 88' lang='lat' dir='ltr'>ad</span> <span class='ocrx_word' id='word_1_394' title='bbox 1089 2551 1162 2586; x_wconf 88' lang='lat' dir='ltr'>eius</span> <span class='ocrx_word' id='word_1_395' title='bbox 1194 2558 1406 2597; x_wconf 83' lang='lat' dir='ltr'>praesentem</span> <span class='ocrx_word' id='word_1_396' title='bbox 1437 2557 1611 2585; x_wconf 81' lang='lat' dir='ltr'>auctorem</span> 
     </span>
     <span class='ocr_line' id='line_1_41' title="bbox 147 2594 1612 2643; baseline 0.003 -18"><span class='ocrx_word' id='word_1_397' title='bbox 147 2594 303 2628; x_wconf 80' lang='lat' dir='ltr'>conversi</span> <span class='ocrx_word' id='word_1_398' title='bbox 323 2596 448 2630; x_wconf 74' lang='lat' dir='ltr'>Sabain</span> <span class='ocrx_word' id='word_1_399' title='bbox 470 2599 584 2643; x_wconf 87' lang='lat' dir='ltr'>“quae</span> <span class='ocrx_word' id='word_1_400' title='bbox 605 2605 656 2641; x_wconf 83' lang='lat' dir='ltr'>te,</span> <span class='ocrx_word' id='word_1_401' title='bbox 677 2597 836 2640; x_wconf 83' lang='lat' dir='ltr'>malnm,”</span> <span class='ocrx_word' id='word_1_402' title='bbox 857 2597 1013 2642; x_wconf 85' lang='lat' dir='ltr'>inquiunt</span> <span class='ocrx_word' id='word_1_403' title='bbox 1034 2602 1215 2642; x_wconf 75' lang='lat' dir='ltr'>praesente</span> <span class='ocrx_word' id='word_1_404' title='bbox 1234 2597 1443 2643; x_wconf 79' lang='lat' dir='ltr'>patriarcba,</span> <span class='ocrx_word' id='word_1_405' title='bbox 1466 2597 1526 2630; x_wconf 90' lang='lat' dir='ltr'>“in</span> <span class='ocrx_word' id='word_1_406' title='bbox 1548 2607 1612 2630; x_wconf 85' lang='lat' dir='ltr'>nos</span> 
     </span>
     <span class='ocr_line' id='line_1_42' title="bbox 147 2637 1610 2689; baseline 0.003 -18"><span class='ocrx_word' id='word_1_407' title='bbox 147 2637 291 2673; x_wconf 77' lang='lat' dir='ltr'>incitant</span> <span class='ocrx_word' id='word_1_408' title='bbox 310 2640 561 2687; x_wconf 70' lang='lat' dir='ltr'>intemperiae?</span> <span class='ocrx_word' id='word_1_409' title='bbox 591 2655 690 2689; x_wconf 86' lang='lat' dir='ltr'>quam</span> <span class='ocrx_word' id='word_1_410' title='bbox 714 2645 758 2678; x_wconf 91' lang='lat' dir='ltr'>ob</span> <span class='ocrx_word' id='word_1_411' title='bbox 790 2654 926 2677; x_wconf 85' lang='lat' dir='ltr'>causam</span> <span class='ocrx_word' id='word_1_412' title='bbox 948 2642 1090 2676; x_wconf 83' lang='lat' dir='ltr'>clericos</span> <span class='ocrx_word' id='word_1_413' title='bbox 1110 2643 1397 2677; x_wconf 83' lang='lat' dir='ltr'>indiscriminatim</span> <span class='ocrx_word' id='word_1_414' title='bbox 1421 2642 1610 2686; x_wconf 78' lang='lat' dir='ltr'>universos,</span> 
     </span>
     <span class='ocr_line' id='line_1_43' title="bbox 148 2682 1611 2737; baseline 0.003 -21"><span class='ocrx_word' id='word_1_415' title='bbox 148 2682 224 2737; x_wconf 70' lang='lat' dir='ltr'>sine</span> <span class='ocrx_word' id='word_1_416' title='bbox 244 2685 315 2719; x_wconf 85' lang='lat' dir='ltr'>ulla</span> <span class='ocrx_word' id='word_1_417' title='bbox 335 2686 523 2722; x_wconf 87' lang='lat' dir='ltr'>innocentis</span> <span class='ocrx_word' id='word_1_418' title='bbox 546 2694 607 2723; x_wconf 85' lang='lat' dir='ltr'>aut</span> <span class='ocrx_word' id='word_1_419' title='bbox 627 2689 719 2724; x_wconf 85' lang='lat' dir='ltr'>noxii</span> <span class='ocrx_word' id='word_1_420' title='bbox 739 2689 951 2730; x_wconf 79' lang='lat' dir='ltr'>differentia,</span> <span class='ocrx_word' id='word_1_421' title='bbox 974 2687 1094 2733; x_wconf 85' lang='lat' dir='ltr'>poenis</span> <span class='ocrx_word' id='word_1_422' title='bbox 1115 2690 1277 2731; x_wconf 71' lang='lat' dir='ltr'>subiich,</span> <span class='ocrx_word' id='word_1_423' title='bbox 1313 2700 1387 2723; x_wconf 86' lang='lat' dir='ltr'>cum</span> <span class='ocrx_word' id='word_1_424' title='bbox 1410 2689 1522 2733; x_wconf 74' lang='lat' dir='ltr'>palam</span> <span class='ocrx_word' id='word_1_425' title='bbox 1546 2699 1611 2721; x_wconf 85' lang='lat' dir='ltr'>ae—</span> 
     </span>
     <span class='ocr_line' id='line_1_44' title="bbox 148 2733 1611 2779; baseline 0.002 -16"><span class='ocrx_word' id='word_1_426' title='bbox 148 2734 261 2773; x_wconf 80' lang='lat' dir='ltr'>qmtas</span> <span class='ocrx_word' id='word_1_427' title='bbox 281 2733 449 2775; x_wconf 79' lang='lat' dir='ltr'>postulet,</span> <span class='ocrx_word' id='word_1_428' title='bbox 482 2734 514 2767; x_wconf 84' lang='lat' dir='ltr'>si</span> <span class='ocrx_word' id='word_1_429' title='bbox 543 2735 622 2779; x_wconf 85' lang='lat' dir='ltr'>quis</span> <span class='ocrx_word' id='word_1_430' title='bbox 656 2735 762 2769; x_wconf 90' lang='lat' dir='ltr'>nostri</span> <span class='ocrx_word' id='word_1_431' title='bbox 796 2734 925 2768; x_wconf 83' lang='lat' dir='ltr'>ordinis</span> <span class='ocrx_word' id='word_1_432' title='bbox 960 2733 1080 2779; x_wconf 83' lang='lat' dir='ltr'>cnlpae</span> <span class='ocrx_word' id='word_1_433' title='bbox 1114 2735 1229 2769; x_wconf 82' lang='lat' dir='ltr'>affinis</span> <span class='ocrx_word' id='word_1_434' title='bbox 1251 2739 1310 2768; x_wconf 85' lang='lat' dir='ltr'>ant</span> <span class='ocrx_word' id='word_1_435' title='bbox 1331 2734 1407 2768; x_wconf 88' lang='lat' dir='ltr'>iure</span> <span class='ocrx_word' id='word_1_436' title='bbox 1429 2738 1611 2778; x_wconf 84' lang='lat' dir='ltr'>suspectus</span> 
     </span>
     <span class='ocr_line' id='line_1_45' title="bbox 149 2775 1612 2827; baseline 0.003 -19"><span class='ocrx_word' id='word_1_437' title='bbox 149 2779 224 2827; x_wconf 59' lang='grc' dir='ltr'>αξ,</span> <span class='ocrx_word' id='word_1_438' title='bbox 255 2775 300 2809; x_wconf 88' lang='lat' dir='ltr'>de</span> <span class='ocrx_word' id='word_1_439' title='bbox 321 2777 386 2811; x_wconf 78' lang='lat' dir='ltr'>boc</span> <span class='ocrx_word' id='word_1_440' title='bbox 405 2778 566 2813; x_wconf 82' lang='lat' dir='ltr'>iudicium</span> <span class='ocrx_word' id='word_1_441' title='bbox 595 2780 747 2822; x_wconf 80' lang='lat' dir='ltr'>institui,</span> <span class='ocrx_word' id='word_1_442' title='bbox 777 2780 862 2814; x_wconf 84' lang='lat' dir='ltr'>alios</span> <span class='ocrx_word' id='word_1_443' title='bbox 884 2790 971 2825; x_wconf 83' lang='lat' dir='ltr'>quos</span> <span class='ocrx_word' id='word_1_444' title='bbox 991 2779 1116 2814; x_wconf 84' lang='lat' dir='ltr'>nullum</span> <span class='ocrx_word' id='word_1_445' title='bbox 1148 2780 1296 2814; x_wconf 87' lang='lat' dir='ltr'>criminis</span> <span class='ocrx_word' id='word_1_446' title='bbox 1315 2785 1418 2824; x_wconf 84' lang='lat' dir='ltr'>urget</span> <span class='ocrx_word' id='word_1_447' title='bbox 1441 2779 1612 2821; x_wconf 68' lang='lat' dir='ltr'>indicium,</span> 
     </span>
     <span class='ocr_line' id='line_1_46' title="bbox 149 2821 1613 2872; baseline 0.003 -18"><span class='ocrx_word' id='word_1_448' title='bbox 149 2823 284 2865; x_wconf 77' lang='lat' dir='ltr'>qmetos</span> <span class='ocrx_word' id='word_1_449' title='bbox 314 2821 350 2856; x_wconf 91' lang='lat' dir='ltr'>in</span> <span class='ocrx_word' id='word_1_450' title='bbox 377 2824 539 2859; x_wconf 81' lang='lat' dir='ltr'>fruitione</span> <span class='ocrx_word' id='word_1_451' title='bbox 569 2836 654 2861; x_wconf 86' lang='lat' dir='ltr'>suae</span> <span class='ocrx_word' id='word_1_452' title='bbox 683 2827 795 2860; x_wconf 76' lang='lat' dir='ltr'>famae</span> <span class='ocrx_word' id='word_1_453' title='bbox 828 2826 985 2871; x_wconf 80' lang='lat' dir='ltr'>integrae</span> <span class='ocrx_word' id='word_1_454' title='bbox 1004 2825 1209 2872; x_wconf 63' lang='lat' dir='ltr'>refinquiP’</span> <span class='ocrx_word' id='word_1_455' title='bbox 1240 2826 1285 2861; x_wconf 87' lang='lat' dir='ltr'>ad</span> <span class='ocrx_word' id='word_1_456' title='bbox 1308 2837 1351 2860; x_wconf 85' lang='lat' dir='ltr'>ea</span> <span class='ocrx_word' id='word_1_457' title='bbox 1371 2825 1484 2859; x_wconf 83' lang='lat' dir='ltr'>Sabas</span> <span class='ocrx_word' id='word_1_458' title='bbox 1505 2825 1613 2859; x_wconf 86' lang='lat' dir='ltr'>multa</span> 
     </span>
    </p>
   </div>
  </div>
 </body>
</html>
