1858 3126
366 159 441 202 DE
474 156 807 201 ANDRONICO
841 155 1215 201 PALAEOLOGO
1250 156 1298 200 L.
1334 157 1389 200 V.
1509 153 1611 202 423

149 272 191 317 οἶ
206 271 252 316 δὲ
271 273 338 317 καὶ
358 270 676 327 ἅποστεγοῦντες
696 269 795 320 τοὺς
813 269 962 322 οἷ’κους,
989 273 1170 326 στερρῶς
1190 266 1475 324 κατηκόντιζον
1486 268 1611 312 Ἀλα-

149 346 245 385 νῶν.
314 341 354 384 οἶ
374 342 419 384 δὲ
441 341 508 382 καὶ
529 340 647 382 αὐτοὶ
671 343 730 398 τῷ
753 338 960 397 ἀναγκαίῳ
977 336 1151 388 ἕαυτοῦς
1166 336 1415 393 ἅρτῦναντες
1431 336 1610 396 ὑφιστά-

148 427 263 466 μενοι
283 407 520 461 ε’τοξάζοντο
530 441 545 460 ,
577 410 643 451 καὶ
663 407 830 450 ἔπιπτον
850 405 1115 463 ἑκατέρωθεν.
1185 406 1284 449 ἀλλ’
1303 406 1450 450 Ἰταλοὶ
1469 411 1611 462 περιῆ-

150 495 254 531 σαν,
292 480 358 520 καὶ
389 475 411 520 ὅ
437 481 512 520 τοῦ
538 481 619 520 τῶν
636 475 815 519 Ἀλανῶν
833 474 1101 531 ἐξηγουμένου
1122 477 1164 517 Γ
1160 479 1335 530 εωργοῦς
1355 483 1471 527 παῖς,
1503 473 1611 532 ἀνὴρ

117 546 342 603 5μεγιστᾶν
370 548 438 589 καὶ
463 545 539 595 τὰς
565 543 702 599 μάχας
727 541 908 600 ἄρεΐκός,
945 543 1021 586 σῦν
1038 547 1204 592 πολλοῖς
1223 543 1363 593 ἄλλοις
1383 545 1516 586 πίπτει
1535 561 1611 587 κα-
1634 553 1662 587 Ρ
1683 553 1752 589 292

150 615 446 664 τακοντισθείς.
518 615 584 656 καὶ
604 611 695 656 τότε
714 614 855 656 πολλοὶ
876 613 952 667 μὲν
976 613 1206 668 τρωθέντες
1225 614 1367 654 πολλοὶ
1389 613 1434 654 δὲ
1456 614 1523 655 καὶ
1540 630 1613 656 πε-

151 681 313 735 σόντες,
351 685 419 725 καὶ
443 681 610 732 ἄκοντες
629 679 849 725 διελύοντο.
918 685 970 738 τῇ
992 680 1038 723 δ’
1058 678 1254 740 ὖστεραίᾳ
1278 682 1343 722 καὶ
1364 676 1490 730 αὖθις
1509 698 1612 737 καρ-

149 752 250 807 τεριὶ
266 753 504 794 συνίσταται
519 748 645 806 μάχη,
666 754 749 793 τῶν
766 750 841 805 μὲν
862 746 1249 806 ὖπερηφανούντων,
1269 748 1449 793 Ἀλανῶν
1471 748 1514 791 δ’
1535 748 1610 792 οὐκ

150 820 329 870 ἀνεκτῶς
347 817 520 875 ἐχόντων
535 819 606 862 τὸν
623 823 697 862 τοῦ
715 816 909 868 πεσόντος
928 818 1131 861 οἴκτιστον
1151 815 1352 861 θάνατον.
1421 819 1489 860 καὶ
1516 815 1608 860 τότ’

97 902 141 935 10
152 888 422 944 ἀμυνομένοις
450 895 536 937 τοῖς
561 887 747 937 Ἀλανοῖς
769 889 825 937 εἷς
858 887 1116 942 τριακοσίους
1145 892 1287 928 πεσεῖν’
1310 884 1510 943 ὑπῆρξεν,
1555 883 1612 936 ὦς

150 958 321 1013 λέγεται,
384 957 452 999 καὶ
483 955 606 999 ταῦτ’
636 954 858 1009 ἐπράττετο
894 957 1213 1011 Βοηδρομιῶνος
1243 951 1388 1012 ἐνάτῃ,
1424 953 1492 998 ὅτε
1511 953 1609 997 οὐδ’

149 1025 275 1076 αὐτὸς
295 1024 421 1081 μέγας
444 1025 545 1075 δοῦξ
565 1022 651 1074 οἷός
678 1024 723 1067 τ’
742 1020 792 1080 ἦν
821 1023 1072 1080 ἀμωσγέπως
1088 1023 1240 1078 μεταξὺ
1266 1027 1347 1066 τῶν
1365 1023 1608 1083 μαχομένων
1631 1029 1660 1064 B

148 1092 393 1152 φαινόμενος
412 1092 671 1136 ἀναστέλλειν
690 1093 763 1136 τὸν
779 1091 970 1147 πόλεμον.
1007 1091 1119 1146 ὅμως
1137 1092 1357 1149 ῥαΐσαντος
1375 1096 1449 1134 τοῦ
1467 1085 1612 1144 κακοῦ,

147 1167 312 1206 πολλῶν
335 1164 402 1205 καὶ
420 1163 509 1218 περὶ
529 1160 669 1212 αὗτοΐς
687 1159 927 1205 δεδοικότων
946 1165 1029 1204 τῶν
1046 1162 1246 1217 ἐγχωρίων
1258 1193 1270 1212 ,
1307 1164 1381 1202 τοῦ
1396 1163 1438 1203 Γ
1435 1164 1612 1216 εωργοῦς

97 1242 139 1278 15
148 1231 251 1285 μεθ’
274 1229 429 1286 ἡμέρας
446 1229 687 1279 ἐπιστάντος
704 1231 766 1272 ἐπὶ
789 1229 1152 1286 διαπεπραγμένοις
1178 1236 1263 1278 τοῖς
1282 1228 1465 1278 Ἀλανοῖς
1483 1228 1612 1279 πολῦς

148 1295 199 1355 ἦν
220 1298 243 1342 ὅ
262 1304 344 1342 τῶν
363 1299 529 1342 Ἰταλῶν
551 1297 816 1355 ἐξηγούμενος
839 1296 988 1354 δώροις
1005 1299 1267 1351 ἔκμειλι’σσων
1290 1297 1361 1339 τὸν
1378 1295 1611 1352 βάρβαρον,

150 1370 185 1410 εἷ
202 1368 381 1417 κάκεῖνος
402 1367 490 1409 υἱοῦ
511 1367 653 1421 ποινὴν
671 1371 1019 1416 κατατεθνηῶτος
1037 1364 1168 1416 οὕτως
1188 1363 1380 1418 ἀκόσμως
1397 1365 1470 1408 οὐκ
1488 1364 1612 1419 ἤθελε

149 1435 342 1490 δέχεσθαι
352 1468 366 1488 ,
402 1433 508 1478 ἄλλά
540 1452 582 1491 γε
610 1436 675 1477 καὶ
710 1433 962 1489 μετόπισθεν
991 1432 1112 1477 κότον
1144 1432 1245 1488 εἶχεν
1277 1433 1389 1491 ὄφρα
1415 1434 1611 1478 τελέσσοι.

148 1504 294 1560 ἐπέστη
324 1501 568 1557 Πυαντιιόν,
610 1502 816 1563 κάκείνορς
842 1505 916 1553 μὲν
939 1499 1207 1558 ἦἈχυράους
1228 1500 1304 1557 εἶχε
1328 1501 1606 1557 ποσουμὲνους
1630 1508 1661 1543 C

93 1575 209 1624 2οεῗς
236 1570 447 1628 χιλιάδας,
479 1566 536 1615 ὧν
563 1572 610 1615 τὸ
634 1572 830 1616 Ἰταλικὸν
854 1571 900 1624 (ἐξ
927 1567 1035 1628 ἦσαν
1042 1605 1056 1626 ,
1091 1566 1198 1627 ἦσαν
1222 1572 1351 1614 δὲκαὶ
1371 1571 1418 1614 τὸ
1438 1574 1611 1629 περιλει-

148 1716 232 1752 pere
253 1705 497 1750 aggrediuntur
519 1705 609 1739 ostia
631 1704 801 1739 domorum
824 1704 860 1738 in
886 1704 1010 1750 quibus
1032 1703 1131 1738 Alani
1153 1703 1427 1737 diversabantur.
1474 1701 1507 1735 bi
1521 1701 1609 1735 malo

148 1763 213 1785 nec
235 1752 412 1796 opinantes
434 1752 580 1796 perculsi
604 1752 717 1785 subito
739 1751 990 1790 defensionem,
1015 1756 1116 1795 prout
1139 1761 1202 1795 per
1224 1754 1357 1793 tempus
1379 1749 1480 1788 licet,
1504 1758 1610 1791 expe·

151 1797 266 1837 diunt3
287 1797 479 1841 tegulisque
501 1797 642 1831 deiectis
666 1810 686 1831 e
709 1797 909 1831 culminibus
931 1795 1085 1837 aedium,
1110 1802 1146 1829 et
1169 1795 1243 1829 aliis
1264 1806 1353 1840 quae
1374 1795 1448 1827 fors
1472 1793 1608 1834 obtulit,

150 1853 194 1876 ex
215 1842 359 1876 adverso
381 1842 585 1877 iaculantur.
633 1842 749 1877 volant
781 1844 950 1887 utrimque
982 1841 1071 1882 tela,
1104 1840 1270 1875 nonnullis
1302 1839 1382 1872 hinc
1405 1844 1508 1916 atque
1530 1837 1610 1871 inde

150 1887 360 1922 cadentibus.
403 1888 482 1922 Itali
513 1889 658 1934 denique
691 1889 885 1932 superiores
914 1891 1123 1928 evaserunt,
1153 1886 1224 1920 filio
1251 1883 1401 1929 supremi
1424 1887 1608 1917 Aanorum

150 1931 268 1973 ducis,
301 1933 433 1976 Georgi
462 1934 597 1975 vocati,
629 1934 750 1967 invene
772 1934 808 1967 in
830 1934 890 1967 illa
912 1937 1014 1977 gente
1035 1932 1126 1965 inter
1157 1930 1470 1976 praestantissimos
1492 1928 1607 1962 habito

151 1981 188 2011 et
211 1976 344 2011 bellicis
375 1978 500 2021 inclyto
532 1979 762 2021 facinoribus,
794 1979 922 2022 sagitta
953 1978 1041 2018 icto,
1075 1989 1118 2011 ex
1148 1988 1216 2021 qua
1246 1975 1330 2009 mori
1356 1986 1431 2008 eum
1453 1973 1605 2019 contigit.

150 2034 259 2068 quare
281 2023 393 2056 multis
417 2035 550 2068 quoque
573 2024 647 2058 aliis
670 2036 689 2057 e
712 2036 774 2057 sua
796 2031 898 2069 parte
919 2023 1124 2063 vulneratis,
1148 2033 1211 2054 nec
1233 2019 1448 2065 paucioribus
1470 2019 1607 2063 occisis,

150 2068 249 2102 Alani
270 2071 351 2101 tunc
373 2069 630 2103 succumbentes
651 2075 731 2102 sunt
752 2069 875 2102 cedere
896 2068 1016 2102 coacti.
1062 2066 1226 2111 postridie
1256 2066 1489 2108 redintegrata
1518 2065 1606 2099 inse-

150 2114 215 2149 stis
240 2114 398 2158 utrinque
421 2114 540 2147 animis
562 2125 675 2158 pugna
697 2118 768 2156 est,
791 2113 1024 2147 insultationes
1046 2113 1207 2146 Italorum
1233 2111 1492 2156 superbissimas
1512 2112 1609 2145 ferre

149 2171 216 2194 non
237 2159 429 2193 valentibus
454 2160 587 2201 Alanis,
610 2160 807 2204 praesertim
829 2158 973 2193 irritatis
997 2158 1102 2191 caede
1124 2157 1252 2191 recenti
1278 2157 1472 2191 nobilissimi
1494 2156 1606 2201 gentis

149 2207 299 2252 ipsorum
334 2205 570 2239 adolescentis.
614 2206 734 2250 itaque
766 2205 824 2239 illo
853 2207 951 2239 aestu
986 2203 1059 2237 irae
1098 2206 1234 2237 ruentes
1265 2203 1404 2237 circiter
1432 2208 1606 2237 trecentos

149 2251 310 2286 Italorum
343 2256 424 2285 tunc
454 2250 613 2284 dicuntur
642 2250 837 2296 peremisse.
880 2249 947 2283 fuit
977 2249 1049 2283 dies
1071 2259 1139 2294 qua
1162 2249 1246 2282 {iaec
1277 2254 1357 2283 acta
1381 2252 1481 2291 sunt,
1516 2260 1605 2283 nona

149 2297 271 2332 mensis
294 2297 438 2342 Aprilis,
460 2297 594 2341 quando
615 2307 726 2341 neque
748 2296 824 2341 ipse
846 2306 988 2340 magnus
1010 2295 1079 2328 dux
1100 2294 1188 2328 inter
1210 2300 1400 2339 pugnantes
1423 2305 1605 2340 apparens,

150 2354 354 2388 cessat-eque
377 2344 421 2377 ab
448 2343 550 2376 armis
572 2354 686 2376 omnes
707 2342 846 2384 iubens,
878 2341 960 2375 satis
989 2340 1203 2374 auctoritatis
1223 2340 1341 2374 habuit
1362 2340 1406 2374 ad
1430 2344 1603 2374 certamen

149 2389 381 2422 dirimendum.
437 2391 549 2422 tamen
581 2388 767 2433 composito
797 2393 858 2422 aut
891 2387 1011 2421 saltem
1040 2386 1152 2431 sopito
1184 2385 1284 2430 paulo
1315 2391 1396 2431 post
1421 2390 1603 2431 utcumque

149 2434 313 2476 discidio,
334 2435 531 2468 frementem
555 2434 664 2468 adbuc
685 2434 794 2479 palam
818 2439 854 2467 et
875 2433 938 2467 filii
960 2432 1012 2467 sui
1034 2432 1280 2477 Alanorumque
1301 2431 1506 2477 reliquorum
1524 2443 1603 2465 cae-

150 2479 225 2514 dem
248 2491 288 2514 se
310 2480 508 2514 luculentius
531 2481 679 2514 ulturum
702 2480 879 2514 minantem
910 2477 1061 2523 quotidie
1085 2478 1258 2521 Georgum
1281 2477 1394 2512 multis
1415 2478 1545 2512 frustra
1567 2480 1603 2510 et

149 2527 328 2559 verborum
351 2525 523 2560 blanditiis
545 2531 580 2560 et
603 2526 700 2559 donis
723 2525 864 2559 delinire
885 2524 1018 2569 sibique
1041 2522 1258 2558 reconciliare
1279 2523 1348 2557 dux
1365 2523 1525 2557 Italorum
1545 2533 1604 2555 co-

151 2571 309 2606 nabatur,
354 2572 411 2605 ille
438 2572 563 2618 quippe
592 2571 784 2605 inflexibilis
807 2571 852 2605 ad
875 2570 983 2604 omnia
1006 2569 1185 2614 perstabat
1205 2569 1349 2604 obnixus
1370 2569 1405 2602 in
1429 2567 1605 2614 proposito

151 2615 242 2649 haud
272 2617 415 2651 inultam
448 2617 580 2652 sinendi
607 2624 677 2652 tam
710 2617 878 2660 indignam
908 2615 1153 2660 ingloriamque
1181 2625 1296 2648 necem
1319 2615 1419 2659 longe
1441 2612 1605 2647 carissimi

153 2660 218 2694 sibi
248 2661 323 2696 filii.
372 2663 591 2708 servavitque
619 2663 720 2698 istam
749 2664 878 2697 rabiem
908 2661 1042 2707 penitus
1073 2659 1182 2694 animo
1212 2661 1397 2701 conditam,
1429 2658 1540 2704 quoad
1568 2658 1604 2692 in

153 2710 265 2741 actum
285 2708 420 2742 tandem
442 2714 635 2754 erumperet
655 2709 842 2753 tragicum,
864 2719 926 2742 suo
948 2707 1022 2741 loco
1042 2706 1266 2741 referendum.
1311 2716 1415 2751 super
1434 2706 1520 2738 haee
1543 2703 1608 2738 ad-·

153 2751 248 2804 venit
269 2754 391 2788 mmsis
412 2754 544 2797 Maius,
576 2760 612 2788 et
633 2759 748 2789 noster
769 2754 938 2788 exercitus
958 2752 1138 2787 Achirm‘im
1160 2752 1271 2786 tenuit
1289 2751 1418 2796 aliquot
1438 2749 1604 2784 hominum

113 2821 124 2829 x
155 2796 301 2832 milibus
333 2803 502 2835 constans.
549 2799 658 2835 Italici
688 2799 823 2845 generis
855 2799 960 2834 millia
980 2809 1042 2834 sex
1063 2798 1334 2834 numerabantur.
1381 2795 1440 2832 his·
1463 2794 1607 2831 aceede-
