1858 3126
313 134 389 177 DE
421 133 748 179 ANDRoNlco
781 134 1147 179 PALAEOLOGO
1181 136 1227 180 L.
1246 135 1340 180 VII.
1450 135 1546 182 623

100 254 192 299 Ἴης,
227 243 284 296 ὥς
303 244 500 296 εὒθίκτως
516 247 583 288 καὶ
601 245 717 289 ἄλλοι
736 247 922 302 προδοῖεν
942 244 993 288 ἃν
1010 245 1110 296 ἴσως
1131 253 1220 297 ταῖς
1242 244 1548 304 φιλανθρώποις

75 517 99 552 5

51 857 96 892 10

51 1194 94 1228 15

110 313 156 356 ἐκ
181 310 321 370 φήμης
348 314 682 369 μετεωρισθέντες
710 315 852 357 ἐλπίσι.
916 318 1048 356 ταῦτα
1075 315 1255 370 λέγοντες
1280 321 1331 372 τῇ
1353 314 1549 371 δεινότητι

109 384 194 423 τῶν
212 378 342 435 λόγων
359 379 477 433 μόλις
493 381 566 424 τὸν
582 378 796 437 βάρβαρον
815 379 1134 436 κατεργάζονται.
1204 384 1271 425 καὶ
1288 384 1340 426 τὰ
1355 385 1428 436 μὲν
1446 382 1550 440 χρή-

109 464 224 500 ματα
241 447 492 503 ἀφαιρεῖται,
527 449 658 503 γυμνὰ
678 449 723 490 δὲ
739 453 821 490 τῶν
842 445 1012 491 ε’νόντων
1029 450 1081 491 τὰ
1106 447 1279 504 σώματα
1305 455 1547 505 καταλείπει,

111 514 212 557 ὥστ’
234 517 270 557 εἰ
284 515 359 569 μὲν
374 514 504 568 μένειν
520 515 691 568 θέλοιεν,
709 516 948 570 κηδεμονίας
966 516 1073 566 τινὸς
1086 516 1320 571 ἀξιοῦσθαι,
1340 520 1374 562 εἶ
1392 519 1435 562 δ’
1456 515 1544 572 οὖν,

107 581 204 624 ἀλλ’
224 580 279 631 ὥς
297 581 454 636 ἔχουσιν
475 582 518 632 ἐξ
534 582 661 636 αὐτῆς
681 581 1027 627 ἀπαλλάττεσθαι.
1095 589 1245 641 προῆγε
1265 587 1311 628 δὲ
1330 586 1404 637 τὰς
1419 585 1546 631 δυνά-

105 665 215 701 μεις,
250 648 330 692 ἀπὸ
353 649 526 705 ῥυτῆρος
545 647 722 694 ἐλαύνων
729 683 742 702 ,
773 653 840 693 καὶ
862 652 925 693 ἐπὶ
952 652 1003 694 τὰ
1026 653 1146 694 λοιπὰ
1163 651 1354 709 φρούρια.
1422 653 1537 711 φήμη
1563 660 1594 695 D

104 715 150 758 δ’
166 716 273 760 ἰ’κετο
293 714 572 773 συμπεριάγειν
593 719 658 760 καὶ
681 718 752 761 τὸν
774 719 989 762 ἐπίσκοπον
1022 722 1211 773 (Πανίου
1238 721 1282 763 δ’
1314 716 1435 772 οὗτος
1463 719 1544 779 ἦν)

104 785 172 826 καὶ
190 783 243 826 τὰ
261 784 392 826 πολλὰ
411 786 477 826 καὶ
494 785 618 827 αὐτὸν
640 784 905 842 ἐφιστάμενον
924 794 1122 843 συνεργεῖν
1139 795 1224 838 τοῖς
1241 789 1406 845 ἐχθροῖς
1415 822 1430 842 ,
1466 791 1539 845 ἐφ’

105 845 139 908 ᾧ
163 852 390 906 προδιδοῖεν
415 852 457 894 αἱ
486 851 631 902 πόλεις.
698 855 764 896 καὶ
797 854 862 896 διὰ
891 859 1022 897 ταῦτα
1050 853 1106 905 ὥς
1130 857 1234 906 εἰκὸς
1253 859 1318 900 καὶ
1335 858 1447 914 παρὰ
1466 863 1540 914 τῆς

103 919 313 972 ἐκκλησίας
336 920 481 968 ἐκεῖνος
508 919 732 974 ηὐθύνετο,
771 923 838 964 καὶ
863 920 888 975 ἦ
917 924 1007 978 δίκη
1037 922 1289 980 πατριάρχου
1305 923 1539 980 γράμμασιν

103 986 295 1039 ἐδηλοῦτο
322 990 381 1044 τῷ
409 988 759 1033 καταδικασθέντα
827 990 973 1040 ἐκεῖνος
1000 991 1045 1033 δὲ
1075 992 1178 1047 πρὸς
1203 992 1278 1046 τὴν
1304 991 1444 1049 φήμην
1469 996 1537 1037 καὶ

100 1052 154 1095 τὰ
184 1057 257 1107 τῆς
284 1054 470 1108 ποινίμου
489 1057 601 1110 δίκης
619 1054 926 1112 ὑπεραλγήσας,
958 1063 1101 1115 καιροῦ
1121 1058 1372 1117 δραξάμενος
1386 1060 1534 1119 φεύγει,

100 1121 168 1163 καὶ
185 1121 259 1174 τὴν
280 1122 472 1176 ταχίστην
492 1127 550 1181 τῷ
568 1128 729 1176 βασιλεῖ
743 1127 1015 1181 παραγίνεται.

234 1188 312 1234 27.
379 1191 578 1240 Βασιλεὺς
609 1193 653 1234 δὲ
686 1199 777 1242 ταῖς
803 1193 884 1236 ἀπὸ
906 1197 988 1236 τῶν
1010 1197 1170 1244 ξενικῶν
1189 1194 1317 1239 ἐλπίσι
1335 1196 1535 1253 μετέωρος
1557 1204 1586 1239 P
1607 1204 1673 1239 435

101 1253 158 1297 ὧν
182 1254 257 1308 τὴν
284 1254 446 1310 ψυχήν,
482 1256 592 1311 ὅμως
617 1261 684 1301 καὶ
710 1259 789 1316 ἀφ’
824 1259 971 1303 ἑαυτοῦ
991 1262 1043 1303 τὰ
1065 1262 1196 1304 πολλὰ
1223 1264 1409 1317 ἐτεχνᾶτο
1429 1263 1535 1308 tino-

99 1320 301 1372 σπόνδους
327 1324 370 1366 ἐκ
402 1323 638 1380 τιμημάτων
674 1324 955 1383 προσάγεσθαι
987 1328 1083 1377 τούς
1118 1327 1362 1386 ἀλάστορας.
1431 1336 1473 1375 Γ
1469 1350 1534 1375 εν,

97 1473 319 1508 increbuisset
349 1475 453 1510 lenem
485 1479 521 1511 et
549 1478 751 1514 exorabilem
780 1480 1009 1516 Romosortum
1042 1492 1139 1523 esse,
1169 1482 1257 1518 aliae
1278 1486 1408 1518 tractus
1429 1484 1531 1519 istius

95 1529 192 1554 arces
215 1519 315 1554 facile
335 1521 580 1557 adducerentur
602 1524 644 1558 ad
667 1525 699 1558 ei
721 1537 758 1559 se
779 1526 958 1561 dedendas.
1003 1538 1046 1561 ne
1067 1528 1173 1572 igitur
1194 1539 1378 1571 successus,
1402 1530 1531 1574 gloriae

93 1564 160 1598 sibi
187 1575 327 1609 maguae
349 1577 390 1600 ac
414 1569 570 1612 quaestui
593 1570 744 1612 futuros,
781 1571 1014 1616 intempestivo
1035 1573 1207 1617 gratuitae
1228 1574 1446 1609 immanitatis
1468 1587 1532 1620 op-

94 1609 229 1654 probrio
260 1617 506 1655 corrumperet,
536 1619 703 1660 tamquam
726 1615 758 1650 ei
780 1617 942 1651 benevole
964 1618 1191 1660 consulentes,
1223 1620 1300 1652 dum
1323 1620 1445 1653 blande
1467 1622 1532 1654 ob-

93 1659 279 1697 secrarent,
300 1656 356 1690 vix
379 1658 510 1692 tandem
532 1659 722 1704 eloquentia
743 1666 778 1694 et
798 1662 910 1705 gratia
931 1669 1146 1698 exarmarunt
1166 1664 1325 1698 ferociam
1347 1665 1423 1705 viri,
1448 1676 1530 1709 per-

93 1698 262 1734 snadffldo
293 1700 359 1746 ipsi
389 1707 428 1735 ut
456 1704 612 1748 spoliatis
633 1706 720 1739 omni
742 1708 884 1751 pecunia
906 1713 942 1741 et
964 1709 1163 1753 supellectili
1186 1710 1350 1743 dedititiis
1370 1710 1447 1743 viva
1468 1721 1528 1743 so-

93 1745 160 1778 lum
184 1748 219 1778 et
239 1745 345 1780 libera
366 1759 509 1792 corpora
531 1751 745 1796 relinqueret.
789 1752 1000 1797 impetratum
1022 1754 1157 1798 insuper
1180 1759 1216 1788 et
1239 1755 1332 1795 illud,
1355 1759 1392 1788 ut
1414 1754 1442 1787 si
1465 1755 1526 1798 qui

93 1788 391 1825 Rhaedestinorum
412 1805 544 1828 manere
566 1795 602 1829 in
623 1797 696 1830 loco
718 1798 781 1830 sub
802 1798 939 1832 victoris
959 1803 1130 1843 potestate
1151 1799 1238 1832 ultro
1261 1799 1432 1842 eligerent,
1454 1799 1525 1834 illic

93 1838 131 1866 ut
151 1835 277 1868 subditi
299 1847 382 1870 cura
402 1838 619 1881 dignarentur
639 1841 771 1886 aliqua,
806 1843 857 1876 sin
879 1843 967 1877 alind
990 1845 1144 1884 mallent,
1175 1844 1287 1878 statim
1316 1855 1524 1889 quocumque

93 1877 225 1911 luberet
244 1880 390 1922 migrare
412 1883 610 1919 sinerentur.
654 1887 731 1920 inde
763 1888 974 1922 Romofortns
1006 1900 1126 1932 pronas
1148 1889 1192 1922 ad
1213 1891 1368 1922 fortunae
1389 1889 1522 1924 obvium

93 1923 241 1955 savorem
271 1923 416 1960 habenas
446 1927 579 1968 laxans,
612 1930 868 1966 circumferebat
896 1934 1077 1966 exercitum
1108 1944 1170 1977 per
1191 1944 1287 1966 arces
1309 1933 1456 1977 reliquas
1477 1934 1525 1967 fi-

93 1966 181 2000 nium
203 1967 353 2010 illorum,
379 1971 570 2014 subigendis
591 1974 632 2007 iis
655 1975 845 2018 imminens,
867 1977 901 2010 in
924 1989 990 2022 quo
1013 1978 1171 2011 tentando
1193 1989 1258 2012 non
1279 1978 1445 2012 inefficaci
1470 1979 1521 2013 uti

91 2023 196 2055 opera
227 2012 399 2047 ferebatur
433 2017 581 2060 episcopi
611 2019 799 2062 cuiusdam,
828 2033 925 2066 quem
948 2022 1226 2056 circumducebat.
1270 2022 1442 2058 Paniensis
1463 2024 1520 2059 hic

91 2060 188 2097 erat,
221 2057 263 2090 de
285 2069 350 2102 quo
372 2060 460 2093 fama
483 2062 613 2105 perlata
635 2063 670 2096 in
691 2065 806 2098 urbem
830 2071 882 2100 est
904 2067 1078 2111 cooperari
1107 2078 1179 2100 enm
1208 2067 1356 2102 victoriis
1375 2069 1519 2103 Latino-

89 2111 184 2142 rum,
214 2102 382 2136 suadendo
415 2105 573 2140 Romanis
604 2107 675 2141 eius
703 2114 831 2143 tractus
863 2122 906 2144 ne
932 2122 1006 2145 sese
1031 2117 1067 2145 et
1088 2123 1172 2156 quas
1194 2113 1400 2148 custodirent
1421 2126 1519 2149 arces

89 2150 150 2180 aut
170 2147 271 2180 urbes
292 2148 483 2183 dubitarent
502 2151 546 2184 iis
567 2153 715 2187 tradere.
761 2155 795 2187 in
823 2167 888 2199 quo
924 2156 1051 2199 culpam
1082 2157 1256 2191 admittere
1286 2159 1404 2193 merito
1426 2159 1519 2194 visus

89 2197 144 2224 est
165 2192 391 2227 ecclesiastica
412 2195 697 2231 animadversione
718 2198 861 2242 diguam.
904 2211 983 2234 reus
1005 2201 1107 2242 igitur
1129 2202 1253 2236 citatur
1266 2203 1370 2237 literis
1384 2205 1426 2238 ad
1441 2216 1519 2239 eum

89 2234 200 2269 missis
221 2238 453 2281 patriarchae,
487 2252 560 2275 cum
582 2242 851 2284 denuntiatione,
881 2246 945 2278 nisi
966 2246 1183 2280 vadimonium
1206 2247 1340 2282 sisteret
1358 2252 1393 2283 et
1413 2250 1519 2285 satis-

87 2281 236 2322 faceret,
259 2294 388 2326 poenae
410 2286 608 2328 canonicae,
631 2288 763 2322 debitae
787 2290 927 2323 hostium
949 2291 1158 2334 fautoribus,
1178 2291 1406 2329 incurrendae.
1452 2295 1518 2330 hoc

87 2324 143 2358 ille
164 2327 335 2370 perculsus
357 2330 470 2364 nuntio
483 2351 494 2372 ‚
524 2332 638 2366 dolens
660 2334 703 2366 ob
725 2334 892 2368 infamiam
915 2340 1117 2370 contractam
1139 2339 1175 2370 et
1195 2339 1346 2383 supplicii
1365 2341 1518 2384 gravita-

88 2372 156 2403 tem
188 2371 344 2406 intentati
374 2378 542 2419 metuens,
574 2378 749 2413 occasione
779 2383 916 2425 arrepta.
947 2380 1036 2425 fugit
1058 2392 1078 2415 e
1101 2382 1222 2417 castris
1242 2384 1448 2429 Romoforti,
1478 2389 1515 2420 et

85 2413 282 2451 festinanter
302 2418 534 2463 imperatorem
554 2423 647 2459 adiit.

99 2502 104 2508 ι
175 2461 232 2495 27.
278 2463 353 2497 Hoc
374 2467 464 2500 statu
487 2478 595 2501 rerum
617 2468 816 2513 imperator,
838 2470 903 2504 etsi
926 2471 1156 2515 expectatione
1177 2474 1392 2518 peregrinae,
1414 2486 1512 2520 quam

85 2513 261 2540 accersere
290 2511 486 2553 satagebat,
520 2513 656 2547 militiae
685 2526 879 2559 suspensum
910 2516 1055 2550 habebat
1082 2517 1243 2560 animum,
1276 2525 1387 2554 tamen
1410 2531 1451 2554 ex
1473 2532 1512 2554 se

86 2558 236 2594 quoque,
267 2552 299 2586 si
320 2565 387 2598 qua
409 2561 523 2599 posset
545 2559 764 2601 comminisci,
793 2563 950 2595 malorum
972 2561 1119 2597 remedia
1139 2564 1332 2608 exquirens,
1361 2577 1426 2599 non
1449 2566 1511 2599 ab·

85 2591 243 2644 horrebat
273 2608 293 2631 a
325 2601 486 2636 tentanda
515 2602 559 2636 de
588 2615 674 2638 novo
705 2606 975 2640 reconciliatione
1004 2607 1163 2642 ferocium
1186 2609 1316 2644 illorum
1338 2615 1372 2644 et
1393 2610 1511 2646 inv-rna-

85 2645 173 2690 ”3⁰3⁰
191 2639 493 2692 ‘Amogabarorum‚
522 2652 633 2683 certus
654 2661 720 2684 non
741 2660 880 2695 parcere
908 2652 1063 2696 impensis
1091 2652 1189 2688 etiam
1212 2655 1356 2699 magnis,
1387 2654 1417 2687 si
1440 2655 1508 2688 lar-

85 2685 263 2737 gmpmbus
285 2688 446 2730 pecuniae
468 2692 511 2726 ad
532 2694 624 2736 pacis
644 2694 692 2728 illi
715 2696 851 2730 consilia
881 2697 1007 2731 inflecti
1028 2708 1067 2731 se
1088 2697 1245 2733 sinerent.
1289 2700 1375 2733 tales
1397 2702 1508 2734 mente

85 2731 301 2771 ⁰⁰g¹tauouea
326 2733 476 2779 Augusto
506 2743 680 2782 versante,
710 2741 799 2776 forte
826 2742 950 2777 accidit
969 2741 1083 2778 venire
1103 2747 1184 2780 tianc
1203 2743 1345 2791 primum
1367 2744 1411 2780 ad
1433 2745 1509 2780 Ge-
