1858 3126
278 221 375 269 534
691 221 926 266 GEORGII
957 222 1306 267 PACHYMERIS

281 338 545 391 πυρπολοῦσι,
571 339 655 384 τοῖς
673 334 716 377 δὲ
732 336 798 377 καὶ
820 333 874 385 ὥς
894 337 1130 392 ὃιαγωγεῦσι
1146 332 1345 391 χρώμενοι
1362 339 1444 379 τῶν
1465 336 1578 379 ἶδίων
1598 332 1726 379 nlmi-

281 421 362 446 των
391 404 457 445 καὶ
483 401 652 458 ὕστερον
681 405 1005 455 κατακτείνουσι,
1044 406 1109 446 καὶ
1138 402 1268 445 πάντα
1292 408 1452 446 ποιοῦσι
1468 403 1521 446 τὰ
1535 402 1726 458 χαλεπώ-

280 488 398 513 τατα.
468 478 554 520 τοῖς
580 472 653 524 μὲν
684 467 755 513 οὗν
782 468 887 526 ἦσαν
912 477 1069 524 wira,
1114 474 1179 514 καὶ
1202 469 1432 527 ἐνετρύφων
1451 477 1541 520 ταῖς
1560 489 1723 528 συμφο-

282 545 395 594 ραῖς*
432 540 564 594 δείλης
587 539 629 581 δ’
657 539 780 592 ὀψίας
800 540 843 581 αἱ
863 538 1036 594 τριήρεις
1058 539 1103 582 τὸ
1135 540 1308 594 πέλαγος
1328 539 1584 582 διεκθέουσαι
1605 556 1723 582 κατε-

279 608 485 664 φαίνοντο.
556 605 605 656 ἃς
635 607 677 657 ἐξ
710 606 771 650 ὅτι
790 610 977 650 πλείστου
1006 613 1078 650 τοῦ
1097 605 1387 663 ἀποστήματος
1405 606 1756 661 μόλις-ἀποσκο-5

277 672 519 726 πεύσαντες,
562 673 615 724 ὦς
643 677 765 724 ἰδίαις
796 676 931 718 αὐτῶν
963 677 1170 732 φανείσαις
1200 677 1285 733 (καὶ
1302 676 1380 731 γὰρ
1401 676 1442 726 ἐξ
1459 669 1515 718 ὧν
1532 675 1726 731 ἔφθασαν

229 748 259 782 C
284 740 522 785 ἀποστόλων
543 743 702 796 πέμψαι
721 744 763 786 ἐκ
792 746 975 793 Σικελίας
1005 742 1200 797 σύναρσιν
1221 743 1465 800 ἐξεδέχοντο)
1488 744 1647 798 χορείαν
1669 743 1726 786 εἶ-

275 812 477 860 λίττοντες
496 812 761 866 ε’πεσκίρτων,
808 814 874 854 καὶ
903 813 1053 863 ἕτοιμοι
1075 812 1287 867 παρευθύς
1314 807 1419 866 ἦσαν
1429 843 1442 864 ,
1478 810 1573 865 ὅπερ
1595 811 1660 852 καὶ
1679 813 1724 854 ἐκ
1759 844 1762 847 Δ

274 876 536 933 προρρήσεων
554 882 692 934 σφίσιν
712 875 776 933 ἦν,
815 878 1058 933 συμβάλλειν
1079 885 1128 937 τῇ
1149 882 1475 923 Κωνσταντίνου.
1544 877 1723 940 ἀλλ’..ιιίς

275 946 432 1002 ἤγγιζον
452 949 518 994 καὶ
541 947 591 989 τὰ
611 945 800 1000 σύμβολα
822 950 1111 1004 κατεφαίνοντο
1136 950 1201 990 καὶ
1224 951 1339 1002 δῆλοι
1365 943 1470 1002 ἦσαν
1489 950 1531 990 Γ
1527 954 1722 991 εννουϊται
1735 953 1778 988 10

275 1015 564 1067 συμπλέοντες,
600 1020 672 1057 τοῦ
703 1014 889 1071 θάρρους
917 1017 991 1069 μὲν
1021 1021 1295 1071 καθυφῆκοιν,
1327 1015 1375 1058 οὐ
1403 1016 1485 1070 μὴν
1505 1017 1636 1058 δὲκαὶ
1657 1032 1723 1058 τε-

275 1083 374 1132 λέως
397 1081 678 1137 ἀπεγνώκεσαν
703 1084 755 1126 τὰ
784 1082 1049 1139 χρηστότερα.
1131 1084 1294 1138 ἤλπιζον
1325 1083 1402 1139 γὰρ
1435 1082 1490 1132 ὥς
1519 1084 1723 1136 {margum

274 1155 512 1206 προτενοῦσι
532 1151 583 1193 τὰ
603 1156 675 1205 τῆς
698 1150 877 1206 εἰρήνης,
915 1150 969 1201 ιὸς
989 1151 1063 1194 οὐκ
1083 1150 1132 1193 ἂν
1150 1150 1311 1198 πάντως
1330 1151 1404 1200 τὰς
1423 1150 1526 1194 καθ’
1550 1147 1721 1206 ἑκάστην

223 1224 251 1259 D
276 1219 619 1272 διαπλωϊζομένας
635 1224 735 1273 νῆας
751 1224 823 1262 τοῦ
843 1220 982 1276 γε’νους
1001 1219 1136 1262 αὐτῶν
1158 1219 1323 1268 ἀνέτους
1345 1236 1386 1261 τε
1410 1221 1474 1260 καὶ
1495 1217 1721 1268 ἀσκύλτους

273 1287 369 1344 ἕιῇεν
382 1320 394 1339 ,
429 1289 463 1330 εἰ
480 1285 606 1343 μήγε
635 1291 772 1344 σφίσιν
805 1288 1015 1331 ἔνσπονδοι
1035 1284 1156 1343 ἦσαν.
1226 1290 1291 1329 καὶ
1315 1286 1392 1343 γὰρ
1413 1286 1505 1330 οὐδ’
1529 1286 1654 1341 ὀλίγοι
1678 1286 1720 1337 ἐξ
1732 1290 1774 1325 15

272 1355 409 1398 αὐτῶν
431 1354 619 1409 τυχόντες
639 1356 744 1398 κατὰ
763 1354 877 1399 πόλιν
899 1356 1012 1411 παρὰ
1032 1363 1116 1405 τοῖς
1136 1359 1176 1398 Γ
1173 1359 1392 1404 εννοιίΐτοιις
1424 1353 1720 1410 διεφυλάσσον-

270 1440 341 1476 το,
381 1423 484 1467 ὥστε
506 1426 572 1466 καὶ
599 1424 694 1479 νηὸς
723 1429 805 1468 τῶν
830 1427 1037 1481 χρειωδῶν
1073 1422 1302 1480 ἐπιφόρτων
1320 1423 1422 1480 πρὸς
1447 1422 1598 1473 αὖτοῦς
1614 1421 1723 1479 παρ’ι

270 1530 330 1564 ubi
352 1531 445 1575 prius
468 1533 648 1575 coegerant
671 1532 818 1576 propriis
842 1532 987 1566 humeris
1018 1543 1073 1566 res
1095 1531 1243 1576 ipsorum
1267 1533 1358 1566 ferre
1380 1543 1447 1577 quo
1470 1542 1564 1566 suam
1587 1529 1723 1575 congeri

270 1576 430 1621 praedam
454 1577 518 1609 seri
542 1577 687 1611 latrones
710 1578 888 1618 volebant,
919 1578 1041 1611 deinde
1062 1577 1248 1611 immaniter
1269 1577 1540 1617 trucidaverant,
1569 1582 1722 1610 caetera-

269 1632 335 1666 que
366 1621 418 1655 his
449 1627 671 1656 consentanea
710 1624 862 1656 fecerant
885 1623 1063 1657 barbariae
1093 1624 1240 1656 furorem
1277 1623 1381 1656 omnis
1410 1622 1508 1665 louge
1540 1626 1721 1666 superante

270 1666 395 1710 Stygia
417 1667 559 1712 quadam
584 1667 686 1701 rabie.
734 1668 797 1701 hoc
829 1668 877 1700 illi
908 1675 978 1701 tum
1011 1679 1130 1701 recens
1165 1669 1256 1701 sacto
1280 1668 1371 1701 velut
1393 1667 1538 1711 glorioso
1562 1677 1721 1700 successu

269 1711 507 1753 laetabantur,
535 1713 733 1746 insultantes
767 1713 1011 1747 calamitatibus
1043 1713 1188 1754 nostris,
1229 1713 1362 1756 quando
1394 1712 1511 1757 primis
1543 1723 1581 1745 se
1611 1711 1721 1746 noctis

268 1757 518 1792 intendentibus
540 1758 690 1792 tenebris
712 1759 866 1792 triremes
891 1770 975 1803 quas
999 1758 1142 1792 diximus
1164 1758 1271 1802 plenis
1293 1758 1375 1792 velis
1393 1758 1514 1802 pelago
1536 1757 1720 1792 adventan-

269 1808 322 1837 tes
354 1813 555 1848 apparuere.
600 1815 685 1849 quas
717 1816 737 1838 e
770 1804 949 1849 longinquo
982 1805 1193 1848 speculantes
1223 1814 1285 1848 per
1317 1814 1464 1837 errorem
1504 1802 1720 1836 crediderunt

269 1859 347 1884 suas
371 1860 468 1892 esse,
498 1849 560 1883 hoc
582 1854 635 1883 est
656 1849 902 1884 foederatorum
926 1849 1009 1894 ipsis
1033 1854 1068 1883 et
1100 1849 1273 1894 suppetias
1296 1848 1496 1883 venientium
1518 1848 1719 1882 Siculorum.

267 1895 430 1929 miserant
454 1895 540 1929 enim
562 1894 597 1929 in
620 1895 773 1929 Siciliam
794 1899 966 1929 evocatum
999 1895 1079 1929 inde
1110 1895 1256 1937 auxilia3
1291 1900 1327 1928 et
1360 1906 1379 1928 e
1414 1894 1523 1939 spatio
1558 1893 1719 1939 temporis

266 1940 360 1974 illam
382 1940 490 1985 ipsam
513 1952 588 1974 esse
611 1941 749 1974 classem
774 1952 871 1985 quam
895 1941 1042 1985 ipsorum
1065 1940 1170 1984 legati
1203 1952 1224 1974 a
1247 1940 1347 1974 sociis
1379 1939 1616 1985 impetrassent
1637 1950 1719 1984 per·-

267 1986 457 2020 suadebant
479 1986 561 2025 sibi,
597 1987 815 2027 credulitate,
851 1990 888 2020 ut
911 1987 971 2027 fit,
1002 1986 1038 2020 in
1071 1987 1122 2019 sui
1145 1987 1293 2020 favorem
1317 1985 1591 2031 praefestinante.
1635 1996 1718 2029 ergo

266 2031 365 2064 effusi
388 2031 423 2065 in
447 2031 680 2075 gratulationis
703 2037 739 2065 et
761 2031 874 2077 gaudii
897 2031 992 2076 signa
1025 2032 1225 2066 exultabant
1255 2033 1461 2077 choreasque
1484 2030 1720 2074 implicabantg

267 2087 429 2121 moxque,
454 2077 552 2111 simul
575 2089 612 2111 se
634 2077 700 2111 illis
716 2088 756 2111 ex
782 2077 936 2111 condicto
959 2077 1166 2118 iunxissent,
1190 2077 1472 2122 oppugnationem
1495 2076 1719 2121 infestumque

268 2132 461 2156 exscensum
484 2123 520 2156 in
544 2124 658 2156 urbem
685 2123 1086 2168 Constantinopolitanam
1119 2123 1249 2157 alacres
1273 2123 1496 2157 destinabant.
1542 2133 1656 2155 verum
1677 2126 1719 2156 ut

267 2166 477 2200 admotarum
501 2180 520 2201 e
543 2168 700 2202 viciniori
726 2169 791 2202 iam
826 2169 1003 2202 intervallo
1034 2169 1183 2211 symbola
1213 2169 1345 2202 navium
1368 2167 1482 2202 intuiti
1505 2167 1591 2200 baud
1614 2167 1718 2202 dubie

267 2218 478 2254 agnoverunt
500 2214 728 2248 Genuensium
752 2225 827 2248 esse
849 2225 948 2259 quam
970 2214 1173 2258 adnavigare
1203 2218 1378 2248 cernerent
1399 2215 1558 2252 classem,
1581 2212 1716 2247 multum

265 2255 312 2289 illi
344 2257 477 2301 quidem
507 2260 549 2292 de
574 2260 664 2293 fastu
697 2260 884 2304 audacique
914 2260 1041 2294 ferocia
1063 2260 1280 2301 remiserunt,
1311 2271 1376 2294 non
1399 2264 1508 2292 tamen
1530 2258 1630 2302 plane
1650 2257 1716 2290 de-

269 2302 480 2346 sponderunt
511 2303 637 2338 animos
667 2310 726 2338 aut
755 2306 911 2339 fiduciam
944 2305 1097 2349 prosperi
1138 2316 1312 2339 successus
1348 2304 1479 2338 omniuo
1510 2302 1716 2338 abiecerunt.

265 2345 410 2390 ingressi
435 2348 558 2393 quippe
581 2350 615 2382 in
639 2361 733 2395 spem
761 2354 839 2384 sunt
869 2350 966 2384 facile
998 2351 1250 2384 constituendae
1282 2351 1372 2383 inter
1393 2361 1431 2382 se
1453 2359 1494 2381 ac
1517 2348 1716 2381 Genuenses

267 2392 364 2470 pacis
388 2403 428 2425 ac
450 2393 642 2436 societatis,
676 2395 731 2427 ubi
756 2397 894 2439 primum
918 2395 1033 2429 venire
1057 2407 1129 2429 cum
1151 2396 1193 2430 iis
1215 2395 1249 2428 in
1272 2394 1470 2439 colloquium
1493 2392 1715 2435 contingeret.

291 2447 328 2470 aa
362 2437 530 2471 habebant
565 2439 614 2472 sic
646 2439 804 2483 opinandi
835 2452 970 2479 causas,
1006 2440 1145 2485 primum
1177 2440 1267 2484 quod
1299 2441 1479 2483 appareret
1499 2437 1716 2472 securitatem

267 2481 402 2516 navium
434 2494 568 2517 suarum
602 2495 662 2527 per
695 2485 779 2518 haec
810 2486 915 2519 maria
947 2485 1098 2529 quotidie
1130 2485 1317 2518 commercii
1340 2494 1441 2517 causa
1463 2483 1714 2518 commeantium

269 2527 413 2561 libenter
435 2528 668 2572 redempturos
695 2531 892 2563 Genuenses
925 2530 1149 2563 devinciendis
1177 2530 1316 2563 foedere
1345 2529 1387 2562 iis
1410 2539 1495 2573 quos
1519 2539 1616 2572 posse
1639 2540 1716 2563 cer-

261 2576 389 2607 nerent
410 2573 572 2607 infestare
602 2574 695 2618 ipsas
731 2580 765 2608 et
797 2575 961 2619 diripere,
994 2575 1114 2608 deiude
1136 2575 1224 2618 quod
1246 2575 1311 2608 iam
1335 2585 1401 2607 non
1426 2574 1525 2617 plane
1549 2574 1647 2608 alieni
1669 2575 1712 2608 ab

265 2618 309 2653 iis
330 2620 466 2652 forent:
490 2630 563 2652 nam
587 2630 721 2652 suorum
743 2619 863 2653 multos
895 2619 1048 2652 sciebant
1083 2619 1308 2662 deprehensos
1330 2619 1366 2652 in
1388 2621 1496 2661 urbe,
1519 2629 1592 2652 cum
1614 2631 1715 2653 exar-

268 2664 315 2698 sit
337 2663 427 2698 inter
449 2674 486 2698 se
507 2675 550 2698 ac
571 2664 737 2697 Romanos
760 2664 898 2705 bellum,
922 2675 944 2697 a
961 2665 1198 2699 ,Genuensibus
1221 2665 1367 2698 Galatae
1389 2663 1587 2708 degentibus
1609 2665 1714 2700 amice

268 2709 502 2755 benevoleque
533 2709 714 2752 custodiri,
749 2709 949 2754 protegique
971 2720 992 2742 a
1023 2713 1140 2753 parata
1162 2709 1199 2742 vi
1223 2711 1431 2744 Graecorum
1454 2710 1488 2742 in
1510 2708 1603 2753 ipsos
1627 2711 1713 2744 effe-

267 2758 431 2789 ratorum.
477 2755 512 2788 in
534 2766 602 2800 quo
632 2765 732 2800 quam
755 2755 885 2788 sincera
916 2753 985 2787 fide
1008 2754 1202 2798 prolixaque
1224 2755 1399 2789 voluntate
1423 2756 1620 2790 Genuenses
1643 2757 1714 2790 Ca-

267 2800 391 2835 telanis
424 2802 598 2843 faverent,
633 2800 801 2845 specimen
831 2811 938 2844 nuper
968 2799 1059 2844 ipsos
1091 2799 1223 2834 dedisse
1251 2800 1394 2834 illustre.
1440 2811 1514 2834 cum
1537 2801 1623 2837 enim
1645 2800 1712 2847 ipsi

268 2845 312 2879 ad
335 2856 415 2880 suos
436 2846 494 2881 tali
517 2846 693 2881 occasione
722 2845 934 2881 diversantes
958 2845 1105 2880 Galatae
1127 2857 1245 2881 navem
1271 2850 1423 2881 onustam
1445 2847 1646 2882 necessariis
1666 2845 1711 2881 ad
