1858 3126
226 146 325 207 862
629 159 941 206 osssssnvn.
974 161 1294 208 PACHYMER.
1330 168 1335 182 ¹

241 270 322 333 ὂῖιῐιξί
359 269 524 330 ffinmffi‘:
548 266 716 330 lmffihffl·
817 272 988 310 Cananes
1018 272 1290 314 Tocharorum
1317 275 1467 325 Kanis',
1482 276 1689 316 Romano-

360 336 525 398 &maia-i·
551 369 711 399 Andronici
761 342 852 368 rum
873 329 1033 379 amicus,
1050 331 1233 381 moritur,
1254 344 1475 371 successore
1493 333 1565 372 sibi
1580 334 1691 386 prius

429 405 457 432 v
763 386 965 438 designato
994 387 1282 439 Carmpnntane
1314 389 1458 439 fratre,
1489 402 1605 440 quem
1639 390 1692 429 ad

224 445 332 489 1306
442 447 471 487 2
607 441 661 484 24
763 442 841 482 hoc
861 456 911 482 ex
929 443 1041 482 India
1060 445 1333 485 accersiverat.
1391 446 1418 485 l.
1437 450 1464 489 6
1484 460 1516 485 c.
1539 450 1578 488 1.

559 494 709 577 Μὶῖιὲιᾱι.
819 501 1007 538 Amurius
1027 514 1116 540 cum
1138 501 1368 542 Andronico
1386 502 1623 555 imperatore
1642 501 1693 542 de

762 569 857 609 pace
877 563 1037 597 tractat.
1094 557 1189 599 ibid.

820 614 886 652 Die
923 616 977 655 29
1008 614 1251 666 Septembris
1286 615 1502 666 imperator
1535 615 1693 666 longam

762 671 991 709 concionem
1009 671 1059 710 ad
1077 671 1312 710 Arscnianos
1330 671 1521 723 pertinaci
1539 671 1693 711 dudum

761 727 971 766 schismate
1003 741 1026 765 a
1057 730 1220 767 caeteris
1248 728 1426 767 discissos
1456 727 1595 778 habet,
1623 741 1692 767 re—

761 784 906 823 ducere
930 784 1019 823 illos
1049 783 1101 823 ad
1135 786 1431 825 consensionem
1466 785 1508 824 in
1540 798 1693 824 cassum

760 842 938 884 studens.
995 841 1021 879 l.
1043 846 1070 884 6
1088 854 1124 884 c.
1142 845 1181 884 2.

816 898 984 937 Traiecti
999 898 1040 936 in
1051 899 1267 937 Occiduam
1286 897 1554 936 continentem
1568 897 1694 937 Amo-

758 955 891 1006 gabari
937 955 1203 994 crudelissime
1241 955 1441 993 Romanos
1487 955 1693 1007 diripiunt,

760 1018 972 1063 praetextu
1001 1026 1082 1049 non
1109 1012 1331 1051 solutorum
1361 1011 1452 1063 ipsis
1473 1012 1695 1063 stipendio-

759 1082 862 1117 rum,
884 1074 924 1106 et
943 1068 1150 1107 victoriam
1171 1081 1192 1106 a
1208 1081 1248 1106 se
1265 1067 1371 1119 apud
1381 1065 1694 1119 Philadelphiam

761 1125 810 1164 de
829 1125 1031 1164 Carmanis
1059 1130 1214 1177 partam
1243 1125 1326 1163 sine
1355 1124 1435 1162 fine
1454 1124 1692 1176 praedican—

757 1188 829 1222 tes.
886 1182 956 1224 l.6
980 1195 1013 1220 c.
1032 1184 1057 1223 3
1088 1194 1122 1222 c.
1144 1185 1194 1224 13
1225 1194 1260 1223 c.
1281 1181 1333 1224 14
1354 1187 1394 1219 et
1413 1181 1535 1223 l.7c.
1557 1185 1595 1224 1.

815 1238 935 1277 Hunc
959 1238 1062 1276 enim
1084 1243 1182 1290 puto
1203 1250 1285 1275 esse
1301 1237 1434 1276 locum
1451 1237 1622 1290 epochae
1641 1237 1694 1276 li-

758 1295 821 1334 bri
848 1300 871 1338 7
893 1295 1007 1334 initio
1027 1294 1258 1346 descriptae.
1314 1305 1408 1332 nam
1432 1307 1476 1334 re
1498 1307 1592 1333 vera
1614 1294 1693 1332 hoc

756 1358 936 1404 tempore
977 1351 1196 1404 contigerat
1227 1349 1359 1390 evolvi
1393 1354 1446 1394 12
1479 1350 1692 1400 Michaelis,

758 1413 812 1452 23
845 1408 1063 1448 Andronici
1093 1422 1254 1449 annum.
1315 1407 1388 1445 etsi
1415 1407 1519 1446 enim
1550 1408 1693 1446 titulus

758 1465 878 1504 huius
904 1465 999 1504 anni
1018 1466 1060 1503 in
1079 1461 1158 1504 hoc
1176 1470 1312 1503 nostro
1333 1464 1463 1502 indice
1483 1463 1602 1502 Mich.
1626 1466 1692 1512 13,

759 1522 862 1560 And.
883 1523 938 1565 24
955 1521 1088 1570 habet,
1118 1521 1218 1560 nihil
1237 1519 1384 1571 obstat,
1414 1521 1599 1571 quoniam
1619 1534 1693 1558 nos

758 1579 799 1616 in
816 1580 934 1618 titulo
954 1578 1161 1617 inchoatos
1179 1592 1304 1616 annos
1318 1577 1514 1629 ponimus,
1534 1576 1692 1628 Pachy-

759 1648 885 1673 meres
913 1648 1010 1674 vero
1040 1635 1089 1673 de
1108 1635 1298 1673 absolutis
1322 1634 1529 1672 manifeste
1558 1633 1692 1683 loqui—

758 1697 838 1730 tur.
897 1697 1112 1740 utcumque
1147 1691 1268 1742 igitur
1306 1703 1433 1727 annus
1474 1693 1524 1732 13
1556 1687 1691 1738 Mich.,

761 1747 862 1786 And.
886 1747 939 1790 24
964 1748 1005 1784 in
1037 1760 1156 1785 cursu
1184 1752 1296 1794 esset,
1325 1746 1503 1797 expletos
1531 1746 1692 1796 quidem

759 1818 884 1843 annos
901 1816 1110 1842 numerare
1127 1817 1207 1841 non
1228 1808 1418 1855 poterant
1440 1802 1515 1842 nisi
1535 1802 1600 1840 ille
1622 1805 1689 1851 12,

758 1860 824 1899 hic
843 1863 910 1903 23.
968 1860 1095 1900 voluit
1112 1866 1266 1907 autem,
1297 1859 1450 1910 opinor,
1479 1857 1692 1897 historicus

758 1919 825 1956 illa
844 1917 1000 1955 insolita
1023 1916 1097 1954 sibi
1124 1916 1323 1967 diligentia
1352 1927 1571 1965 annorum,
1601 1915 1693 1966 qui-

761 1976 833 2013 bus
854 1974 1049 2026 principes
1066 1974 1381 2038 imperaverant,
1411 1971 1692 2024 exprimendo-

760 2045 850 2070 rum
880 2030 1064 2082 insigniie
1092 2030 1330 2081 principium
1355 2029 1447 2067 belli
1469 2027 1692 2069 catelanici.

760 2088 851 2127 vide
877 2087 981 2125 dicta
1007 2086 1187 2138 superius
1213 2085 1333 2125 huius
1353 2085 1446 2124 libri
1474 2084 1691 2124 chronolo-

759 2145 830 2196 gici
856 2157 891 2182 e.
911 2147 937 2185 6
957 2158 997 2182 n.
1015 2145 1056 2184 8.

818 2202 1043 2239 Genuenses
1072 2198 1236 2237 Galatae
1264 2198 1445 2249 degentes
1472 2197 1691 2249 imperato-

760 2270 844 2295 rem
867 2256 1143 2295 Andronicum
1173 2255 1388 2293 admonent
1415 2254 1548 2306 parari
1575 2266 1598 2290 a
1614 2254 1691 2290 Ca-

758 2314 898 2352 telanis
918 2313 1266 2351 contlaRomanos
1279 2311 1438 2359 bellum,
1468 2309 1690 2361 expectari-

761 2383 837 2422 que
848 2371 899 2408 ad
916 2370 995 2408 hoc
1009 2369 1154 2408 auxilia
1174 2381 1194 2406 e
1206 2369 1345 2406 Sicilia.
1375 2366 1445 2405 sed
1455 2367 1690 2417 imperatore

761 2427 879 2466 fidem
908 2426 1055 2464 indicio
1084 2438 1166 2463 non
1181 2425 1404 2471 tribuente,
1433 2421 1507 2473 ipsi
1529 2421 1582 2458 ad
1603 2421 1690 2459 bel-

761 2485 844 2523 lum
863 2482 962 2522 illud
982 2481 1295 2534 propulsandum
1313 2492 1352 2517 se
1375 2483 1619 2530 comparant.
1661 2477 1689 2516 l.

761 2544 788 2583 6
810 2553 846 2578 c.
867 2543 895 2583 6
917 2545 956 2577 et
975 2553 1008 2578 c.
1027 2543 1065 2581 9.

818 2595 1076 2646 Mpyrigerius
1097 2594 1243 2631 Tentza
1262 2590 1465 2628 Catelanus
1494 2602 1584 2628 cum
1614 2603 1690 2627 no-

763 2664 852 2691 vem
876 2652 998 2701 longis
1017 2649 1182 2687 navibus
1200 2648 1250 2685 ad
1268 2647 1419 2698 Madyti
1441 2651 1628 2698 portum.
1619 2659 1691 2697 np-

764 2708 900 2761 pellst,
932 2706 1075 2744 accitus
1097 2719 1119 2743 a
1139 2718 1279 2755 magno
1305 2704 1403 2741 duce
1416 2733 1427 2752 ,
1456 2715 1571 2753 quem
1589 2702 1622 2739 is
1643 2707 1692 2739 ut

766 2764 993 2804 conciliaret
1011 2761 1237 2800 Andronico
1267 2766 1305 2798 et
1333 2759 1533 2798 auctorati
1559 2757 1692 2796 hono-

766 2822 876 2862 iibus
894 2819 1175 2872 stipendiisque
1200 2816 1404 2866 suaderet,
1433 2815 1484 2854 ad
1507 2828 1596 2854 eum
1623 2827 1693 2852 ac-

531 2418 544 2863 ..—-—-—-.-.---—
