1858 3126
192 164 197 167 ’
246 170 346 217 420
669 167 907 212 GEORGII
941 168 1288 214 PACHYMERIS

249 282 454 339 λαβόντα,
494 280 604 326 οὕτω
626 282 778 338 διένεμε
803 282 856 325 τὰ
878 286 952 326 τοῦ
975 287 1134 338 μισθοῦ
1151 279 1362 339 χρήματα.
1431 285 1499 328 καὶ
1529 290 1617 334 τοῖς
1634 286 1717 341 μὲν

243 355 414 402 Ἰταλοῖς
442 350 625 408 διούγγια
648 356 808 408 χρυσοῦ
839 354 903 394 καὶ
930 349 1136 410 τριοῦγγια
1167 352 1296 407 μηνὸς
1324 348 1496 396 ἑκάστου
1521 351 1713 410 ἐπλήρου,

243 421 441 470 Ἀλανοὺς
472 420 516 463 δ’
554 421 724 464 ἕκαστον
751 422 858 477 τρισὶ
888 423 954 463 καὶ
987 419 1128 475 μόνοις
1153 425 1227 464 τοῦ
1251 421 1380 477 μηνὸς
1399 419 1580 466 {vandum
1599 425 1716 478 νομί-

202 499 231 533 C
255 507 408 546 σμασι,
442 490 545 546 πρὸς
575 494 633 549 τῷ
661 491 728 532 καὶ
752 492 903 539 ἵππους
931 492 1010 532 τισὶ
1040 492 1220 544 δοθῆναι
1242 490 1313 540 οὓς
1332 489 1589 546 ἀπεξεδέχετο
1610 492 1717 535 κατὰ

251 560 304 603 τὰ
331 558 596 614 συνθήματα.
666 558 686 602 ὃ
711 559 761 613 δὴ
783 561 849 601 καὶ
867 559 994 614 μέγαν
1013 559 1166 612 μεταξῦ
1186 557 1343 602 τούτων
1371 557 1554 616 ἀνήγειρε
1576 562 1747 607 κυδοι-5

248 629 328 683 μὸν
357 629 400 671 ἔκ
427 628 646 684 φιλαυτίας
679 627 1054 683 ἀναρριπισθὲντα,
1096 626 1150 678 ὦς
1187 627 1280 682 μετ’
1312 628 1446 683 ὀλίγον
1473 625 1716 686 ῥηθήσεται.

250 699 397 746 ἐκεῖνος
416 698 490 749 μὲν
511 692 582 739 οὖν
602 696 773 752 ἔξαρχον
796 701 876 739 τῶν
901 696 1007 739 καθ’
1029 695 1155 739 αὑτὸν
1177 694 1440 751 καταστήσας
1459 702 1560 741 νεῶν
1581 697 1718 742 οὐσῶν

250 765 343 810 ὡσεὶ
367 763 541 819 δώδεκα,
579 764 623 807 ὃν
649 765 866 821 ἀμηραλὴν
890 763 914 819 ἡ
937 766 1094 808 ἐκείνων
1119 764 1328 815 διάλεκτος
1349 766 1519 821 ἒξυμνεΐ.
1559 764 1717 827 ὁρισμῷ

249 835 351 892 πρὸς
378 839 500 878 τοῦτο
532 835 599 876 καὶ
631 838 704 876 τοῦ
735 838 1007 890 κρατοῦντος,
1046 831 1194 877 στόλον
1222 831 1449 891 ἐξαρτύσας
1475 836 1518 886 ἐξ
1533 833 1715 890 Ἰταλῶν,

249 903 338 959 ἅμα
358 907 586 951 παλλακαῖς
607 902 743 946 αὐτῶν
763 904 830 945 καὶ
851 906 1131 953 παντοδαποῖς
1151 901 1402 960 πραγμάτων
1419 900 1562 947 εἴδεσιν
1581 905 1624 948 ἐκ
1642 910 1716 961 τῆς
1728 916 1772 950 1ο

198 981 229 1016 D
251 971 412 1029 χώρας,
448 966 504 1015 ὧν
536 972 707 1021 ἕκαστος
735 971 930 1028 ἐγκρατὴς
955 967 1006 1027 ἦν
1034 974 1102 1014 καὶ
1134 967 1188 1015 ὧν
1220 974 1261 1023 ἐξ
1281 972 1409 1026 αὐτῆς
1429 977 1569 1027 λαβεῖν
1585 972 1719 1030 ηὐπό-

250 1058 395 1098 ρησεν,
434 1039 513 1083 ἀντὶ
546 1040 622 1091 τὰς
651 1038 801 1095 νήσους
832 1041 1046 1094 ἐκπέμπει,
1082 1039 1278 1097 σύνθημα
1316 1041 1413 1091 δοὺς
1451 1043 1613 1094 ἐκείνοις
1641 1043 1716 1099 τὴν

250 1109 452 1168 σφετέραν
471 1109 600 1152 αὐτοῦ
620 1109 725 1152 κατὰ
742 1109 815 1164 τὴν
830 1109 969 1152 Ἀσίαν
990 1109 1141 1166 ἄφιξιν,
1171 1115 1245 1159 τοῦ
1262 1112 1329 1152 καὶ
1348 1114 1459 1166 σφᾶς
1477 1109 1564 1164 ἅμα
1585 1129 1717 1166 προσ-

251 1186 359 1235 σχεῖν
382 1179 525 1239 Ἀναιά
551 1179 618 1220 καὶ
646 1185 731 1228 τοῖς
755 1180 836 1220 ἐκεῖ
848 1179 985 1235 μέρεσι
1003 1177 1363 1233 συμμαχήσοντας.
1433 1183 1516 1222 τῶν
1544 1179 1587 1222 δ’
1610 1177 1716 1223 ὖπο-

250 1247 503 1305 λειφθέντων
535 1246 780 1304 ἀπεπειρᾶτο
794 1247 843 1296 ,ἐς
866 1246 887 1290 ὃ
910 1249 977 1289 καὶ
995 1245 1187 1302 κινήσειεν
1204 1249 1247 1290 ἐκ
1267 1249 1445 1300 Κυζίκου
1463 1247 1564 1298 τέως
1581 1250 1712 1292 δυσα-
1725 1258 1768 1293 15

250 1314 493 1366 παλλάκτως
513 1316 581 1358 διὰ
601 1316 676 1370 τὴν
696 1317 779 1358 ἐκεῖ
797 1317 990 1370 βλακείαν
1015 1321 1088 1371 τῆς
1100 1314 1241 1372 χώρας
1260 1316 1441 1370 ἔχοντας.
1512 1319 1578 1360 καὶ
1599 1315 1620 1361 ὅ
1638 1319 1713 1372 μὲν

249 1390 412 1438 ταῦτα,
449 1384 643 1440 βασιλεὺς
669 1386 714 1427 δὲ
745 1387 812 1428 καὶ
841 1385 916 1440 τὴν
945 1389 1017 1427 τοῦ
1049 1382 1208 1427 ἀκούειν
1235 1384 1432 1435 τάκείνοις
1453 1387 1715 1442 πεπραγμένα

201 1470 233 1504 Ε
257 1455 427 1510 θέλησιν
452 1451 778 1510 παραιτούμενος
802 1451 858 1504 ὥς
883 1453 1001 1497 οὐδὲν
1029 1451 1137 1514 ὖγιές
1164 1453 1332 1509 ἴχοντα,
1368 1451 1499 1509 μόνην
1523 1454 1568 1497 δ’
1591 1455 1715 1512 ὀργὴν

251 1527 354 1568 θεοῦ
383 1526 463 1567 τῶν
491 1520 683 1566 ἁπάντων
716 1523 871 1567 ἐκείνων
903 1520 1213 1579 ἐπαιτιώμενος,
1250 1521 1327 1579 εἶχε
1345 1524 1420 1580 μὲν
1439 1523 1597 1568 καὶτὸν
1622 1521 1712 1567 τότε

250 1678 320 1713 dux
352 1688 492 1723 magnus
526 1677 571 1712 ad
597 1677 794 1713 solutionem
826 1678 1082 1724 stipendiorum.
1127 1690 1170 1713 ac
1200 1678 1271 1713 suis
1302 1678 1436 1725 quidem
1458 1678 1556 1714 Italis
1585 1679 1709 1724 partim

250 1725 356 1767 duas,
388 1724 511 1771 partim
541 1727 612 1758 tres
635 1724 710 1759 auri
732 1724 849 1759 uncias
873 1725 907 1759 in
931 1730 1135 1759 menstruam
1164 1724 1290 1759 viritim
1313 1725 1501 1759 mercedem
1524 1724 1710 1766 distribuit,

251 1770 377 1806 Alanos
406 1782 487 1805 vero
517 1769 619 1804 trium
651 1770 828 1804 dumtaxat
857 1783 1066 1804 nummorum
1085 1771 1118 1805 in
1141 1783 1271 1805 menses
1300 1771 1449 1815 singulos
1471 1770 1711 1815 largitiuncula

249 1828 355 1863 parce
378 1828 418 1850 ac
441 1816 589 1850 tenuiter
609 1817 776 1862 aspersit,
806 1817 902 1862 equis
923 1817 1062 1862 insuper
1083 1817 1206 1851 additis
1230 1829 1250 1851 e
1271 1817 1488 1863 suppeditata
1509 1818 1583 1852 eius
1603 1829 1711 1861 gene-

250 1863 300 1897 ris
323 1863 367 1897 ab
391 1865 544 1907 Augusto
568 1862 676 1908 copia.
723 1874 790 1907 qua
816 1863 1058 1908 inaequalitate
1082 1863 1247 1898 mercedis
1269 1868 1418 1898 atrocem
1441 1863 1474 1897 in
1497 1875 1536 1897 se
1559 1864 1710 1898 concita-

250 1909 301 1942 vit
323 1908 485 1943 Alanicae
507 1910 619 1953 gentis
640 1908 818 1950 invidiam,
851 1909 961 1954 palam
984 1910 1150 1944 fremente
1173 1921 1374 1954 unoquoque
1395 1909 1535 1944 istorum
1558 1914 1628 1943 tam
1650 1909 1710 1944 vili

250 1955 362 1989 taxari
394 1966 473 1989 suas
501 1966 644 2000 operas,
673 1955 809 1989 interim
839 1956 916 1989 dum
941 1955 1015 1989 aliis
1038 1955 1140 1990 nihilo
1166 1955 1397 1989 laboriosioris
1431 1958 1527 1990 tanto
1550 1955 1709 1990 uberiora

249 2001 474 2046 procederent
494 2005 750 2035 auctoramenta
773 2001 931 2044 militiae;
963 2013 1051 2046 quae
1081 2001 1221 2036 offensio
1245 2013 1404 2046 quorsum
1427 2002 1562 2036 tandem
1585 2013 1710 2047 erupe-

248 2046 312 2088 rit,
345 2047 445 2092 paulo
479 2052 556 2092 post
584 2047 730 2081 dicetur.
773 2047 905 2082 interea
925 2047 993 2081 dux
1017 2059 1158 2092 magnus
1189 2048 1352 2090 navibus,
1386 2059 1471 2094 quas
1493 2048 1642 2082 habebat
1664 2047 1708 2082 ad

248 2103 380 2126 manum
404 2104 541 2126 numero
565 2093 761 2134 duodecim,
795 2093 912 2127 ducem
935 2094 1131 2139 praeposuit
1153 2106 1253 2128 unum
1279 2106 1299 2128 e
1321 2094 1411 2136 suis,
1445 2093 1578 2139 qualem
1601 2093 1709 2138 magia·
1731 2119 1733 2121 ·

249 2141 390 2172 stratum
415 2139 593 2173 ameralem
617 2151 740 2173 vocare
763 2151 826 2174 sua
847 2139 905 2174 isti
927 2139 1041 2184 lingua
1057 2144 1324 2182 consueverunt3
1347 2140 1570 2185 imposuitque
1591 2140 1625 2173 in
1647 2150 1708 2174 eas

249 2195 292 2217 ex
325 2183 453 2218 Italicis
484 2185 645 2229 plurimos
676 2186 807 2230 copiis,
841 2198 962 2230 magno
995 2198 1160 2231 quemque
1191 2193 1426 2232 congestarum
1457 2198 1500 2220 ex
1531 2186 1616 2219 urbe
1645 2189 1706 2219 aut

250 2240 332 2273 agro
357 2230 559 2275 praedarum
584 2231 690 2266 omnis
711 2232 847 2275 generis
870 2232 1000 2266 cumulo
1028 2233 1250 2276 instructum,
1283 2244 1345 2266 nec
1375 2243 1442 2266 non
1465 2231 1537 2267 suis
1556 2230 1706 2273 singulos

249 2275 472 2319 sequentibus
496 2276 709 2317 concubinis,
744 2278 1018 2312 memorabilibus
1040 2278 1181 2313 sarcinis
1204 2278 1332 2312 navalis
1356 2278 1446 2311 belli.
1492 2277 1634 2311 classem
1655 2275 1706 2310 sic

249 2326 402 2354 ornatam
426 2322 522 2356 obire
545 2322 687 2367 primum
708 2323 837 2357 insulas
855 2324 966 2366 iussit,
988 2324 1042 2359 sui
1065 2336 1198 2370 quoque
1221 2323 1328 2368 ipsius
1351 2323 1386 2357 in
1407 2322 1520 2356 Asiam
1543 2321 1706 2356 traiectus

249 2371 378 2401 certam
398 2366 499 2400 fidem
523 2368 628 2410 dans,
665 2373 769 2413 atque
800 2370 885 2403 adeo
909 2370 975 2404 iam
997 2382 1086 2404 nunc
1108 2370 1287 2404 condicens
1308 2375 1457 2403 mutuum
1480 2367 1535 2401 sui
1557 2372 1593 2401 et
1612 2366 1707 2412 ipso-

249 2423 322 2446 rum
346 2424 521 2446 occursum
545 2413 633 2458 apud
657 2415 823 2455 Anaeam,
855 2416 953 2449 simul
974 2416 1049 2450 illos
1071 2416 1104 2449 in
1129 2427 1202 2449 eum
1226 2415 1334 2448 locum
1364 2413 1566 2457 contigisset
1587 2413 1707 2458 appel-

249 2457 332 2492 lere.
377 2458 524 2503 reliquas
553 2470 690 2492 suorum
715 2459 834 2503 Cyzici
855 2461 1064 2495 diversantes
1092 2461 1209 2505 copias
1231 2460 1310 2494 inde
1333 2470 1489 2493 amovere
1512 2458 1645 2504 alioque
1658 2463 1707 2493 ‘ut

250 2515 289 2538 se
319 2505 515 2538 conferrent
549 2505 754 2548 persuadere
788 2507 996 2549 conabatur,
1027 2506 1214 2550 aegerrime
1236 2505 1269 2538 id
1293 2505 1508 2539 audientibus
1531 2509 1566 2538 et
1590 2516 1611 2539 e
1634 2511 1705 2540 tam

251 2549 342 2584 molli
372 2555 643 2594 quaestuosoque
672 2550 817 2594 bospitio
851 2551 1081 2595 migrationem
1109 2550 1283 2585 infortunii
1311 2551 1385 2584 loco
1409 2550 1608 2586 habentibus
1630 2562 1706 2586 ma-

250 2595 341 2630 ximi.
386 2595 420 2629 in
442 2596 493 2629 bis
516 2595 565 2630 sic
586 2595 857 2629 administrandis
881 2608 1020 2641 magnus
1041 2598 1108 2631 dux
1130 2597 1342 2630 versabatur.
1376 2597 1572 2641 imperator
1590 2599 1703 2631 autem

252 2641 336 2676 nihil
368 2641 475 2676 minus
505 2640 699 2686 patiebatur
721 2644 781 2676 aut
803 2643 943 2676 volebat
973 2653 1072 2688 quam
1097 2642 1214 2676 audire
1237 2653 1258 2676 a
1280 2653 1364 2676 vera
1387 2642 1602 2676 narrantibus
1624 2642 1705 2688 quid

248 2687 304 2722 isti
335 2686 467 2722 externi
496 2687 616 2721 milites
644 2690 704 2721 aut
733 2691 829 2723 tanto
860 2688 1024 2722 hactenus
1054 2692 1209 2733 tempore
1232 2693 1284 2722 tot
1306 2688 1491 2733 absumptis
1525 2688 1704 2733 stipendiis

247 2738 308 2768 aut
330 2745 418 2768 nunc
440 2733 581 2767 maxime
607 2738 770 2777 agerent,
804 2745 845 2766 ea
876 2745 1079 2778 cognoscere
1109 2735 1280 2778 refugiens
1302 2746 1390 2779 quae
1413 2734 1577 2768 afferrent
1598 2734 1706 2768 inuti-

246 2779 311 2813 lem
333 2778 590 2814 immedicabilia
613 2780 781 2820 dolorem,
813 2781 919 2814 solum
952 2790 1138 2824 agnoscens
1162 2784 1197 2813 et
1218 2779 1362 2814 obnoxie
1385 2785 1548 2824 reputans
1571 2779 1626 2814 dei
1647 2779 1703 2813 iu-

242 2825 365 2859 dicium
397 2826 499 2861 rebus
527 2825 690 2861 Romanis
718 2825 975 2861 inexorabiliter
995 2825 1087 2862 irati.
1133 2825 1282 2861 habebat
1302 2830 1339 2861 et
1359 2825 1588 2873 patriarcham
1609 2823 1702 2872 paris
