1858 3126
558 172 662 217 ΠΒ.
687 170 724 218 Ι.
788 167 1151 215 GLOSSARIUM.
1483 164 1582 212 667

148 299 239 327 rum
257 284 415 324 noniine
437 283 566 332 δεξις.
621 294 684 321 res
704 286 832 320 autem
849 279 934 332 ipsa
949 276 1166 317 narrationi
1178 275 1375 328 aptissime
1390 275 1585 328 congruit,

149 349 196 382 ut
221 341 376 379 dicatur
393 340 606 391 imperator
631 351 682 376 ex
703 336 803 375 urbe
826 336 870 374 in
888 334 1022 373 vicina
1041 339 1167 372 castra
1188 345 1327 371 census
1342 331 1522 371 militaris
1544 338 1589 371 et

150 396 358 437 solutionis
381 394 662 447 stipendiorum
681 406 796 431 causa
819 390 1032 444 prodiisse,
1061 389 1193 441 ibique
1214 393 1416 441 repertum
1438 401 1530 427 cum
1548 388 1587 428 ei

150 453 355 493 nuntiatus
377 463 552 488 accessus
570 449 621 487 ad
637 462 725 488 eum
745 448 842 487 novi
859 452 917 485 est
935 446 1123 484 Caesaris.

263 502 503 557 δεφενδεύ
515 520 589 545 ειν
616 518 656 557 p·
681 504 760 546 175
786 517 826 544 V.
846 506 887 546 7·
941 495 1192 551 δεφενδεύειν
1218 498 1335 552 plane
1364 513 1438 552 pro
1470 501 1591 549 tueri,

148 570 372 616 protegere,
400 560 602 612 defendere
624 560 799 612 ponitur.
854 570 931 597 nee
956 569 1063 595 nunc
1095 556 1264 608 primum
1290 555 1367 593 hoc
1383 555 1547 594 verbum
1567 568 1592 595 e

152 619 264 657 Latio
279 617 422 657 transit
441 617 483 654 in
501 616 718 655 Helladem.
773 614 934 653 Glossae
953 611 1207 651 Basilioomm
1226 607 1500 660 δεφενδεόεται
1520 625 1591 650 ex-

150 674 303 727 plicant
323 669 613 722 ἐξκουσεῦεται,
642 671 861 712 emensum.
916 668 985 707 sed
1008 667 1108 706 baec
1131 667 1304 706 defensio
1318 666 1513 705 iudicialis
1531 672 1594 706 est

150 736 408 783 patronorum
429 734 498 766 aut
514 728 790 766 advocatorum
806 738 894 764 reos
912 723 1196 771 excusantium,
1214 729 1281 760 ant
1295 722 1343 759 ab
1363 722 1411 760 iis
1428 723 1595 761 crimina

154 784 306 824 obiecta
329 783 544 822 refellendo
564 782 857 835 depellentium.
912 779 1034 831 magis
1052 778 1133 818 buc
1152 778 1249 817 facit
1269 777 1508 816 declaratum
1521 778 1597 817 iis-

153 841 243 880 dem
260 841 398 891 glossis
418 839 651 878 vocabulum
670 837 911 889 δεφένσωρες
928 836 971 874 in
989 835 1096 874 hunc
1113 835 1295 873 modum:
1325 834 1367 874 ot
1382 831 1476 886 μετᾶ
1499 832 1598 883 τούς

153 898 385 948 κουρσοῖρας
397 893 489 947 ἤτοι
502 890 730 947 προμάχους
745 893 1108 939 ἐπακολουθοῦντες
1123 888 1224 943 πρός
1236 890 1436 941 ἐκδίκησιν
1450 886 1594 932 αὐταῖν.

153 952 279 991 utitur
294 957 334 989 et
352 951 445 989 alibi
466 957 602 989 noster
620 949 697 987 hoc
716 949 836 987 verbo
848 978 859 998 ,
889 961 1026 999 nempe
1051 947 1079 987 l.
1097 949 1124 989 8
1147 960 1182 984 c.
1206 949 1258 988 18
1274 945 1346 984 sub
1365 945 1482 984 finem
1494 975 1508 996 ,
1536 946 1595 985 sic

153 1006 344 1046 ata-ibent:
362 1005 430 1046 καὶ
442 1003 516 1059 γᾶρ
528 1005 595 1046 καὶ
609 1002 680 1052 τᾶς
692 1007 775 1044 ταῖν
787 1000 938 1044 Ἰταλόν
947 1002 1110 1052 (οἰκίας)
1117 1000 1240 1054 χρεών
1260 996 1315 1053 ἦν
1330 997 1596 1049 δεφενδεόειν.

154 1064 295 1102 cembr-
311 1069 350 1099 et
366 1060 504 1099 domos
518 1062 716 1100 Italorum
733 1059 935 1110 defendere
951 1061 1224 1110 imperatorem
1246 1057 1460 1108 oportebat.
1515 1057 1596 1095 hoc

154 1124 238 1168 est,
268 1118 316 1156 ab
334 1117 475 1156 iniuria
492 1123 598 1156 tutas
612 1122 831 1169 praestare,
858 1122 899 1154 et
920 1115 1121 1154 vindicare
1143 1113 1176 1151 si
1200 1113 1293 1163 quid
1314 1113 1452 1151 fuisset
1468 1113 1512 1150 in
1531 1120 1596 1151 eas'

155 1179 296 1214 eontra
314 1172 377 1212 ius
394 1174 556 1212 factum.
584 1172 663 1223 agit
680 1173 729 1211 de
748 1171 929 1210 domibus
950 1169 1214 1208 Genuensium
1230 1169 1388 1207 Galatae
1403 1169 1597 1220 permissu

154 1228 402 1281 imperatoris
425 1228 706 1277 habitantium3
736 1241 830 1279 quas
848 1240 936 1266 cnm
954 1225 1094 1264 Veneti
1110 1225 1267 1263 flamma
1289 1224 1432 1263 iniecta
1453 1238 1598 1263 corru-

154 1285 319 1338 pissent,
345 1284 472 1323 multa
487 1284 538 1323 iis
554 1297 627 1337 per
645 1285 918 1336 imperatorem
935 1282 1081 1320 indicta
1101 1280 1286 1319 damnum
1304 1293 1489 1333 reparare
1506 1286 1599 1320 sunt

155 1339 362 1392 compulsi.

269 1391 635 1445 διακινήσιμος
664 1406 706 1445 p.
731 1393 786 1435 50
813 1405 856 1433 V.
888 1395 951 1434 13.
1006 1394 1058 1446 τῇ
1082 1388 1158 1444 yolo
1185 1389 1347 1446 δευτέρᾳ
1377 1387 1599 1444 ἑβδομάδος

159 1447 257 1503 μετ-ἂ
279 1447 355 1502 τήν
380 1445 669 1501 ἄναστάσιμον,
698 1446 751 1500 ἢν
781 1446 831 1500 δή
859 1447 927 1488 καὶ
952 1446 1230 1499 διακινήσιμον
1250 1446 1440 1500 λέγουσιν.
1495 1447 1604 1497 lege-

156 1505 279 1544 batur
294 1506 337 1544 in
360 1519 420 1543 ms
440 1505 641 1554 mendose,
672 1505 824 1557 opinor,
851 1506 920 1554 τῆς
939 1500 1013 1557 γοῖρ
1028 1502 1229 1555 δευτέρας,
1258 1502 1368 1553 quasi
1388 1503 1603 1541 referretur

160 1561 211 1600 ad
237 1558 470 1614 ἑβδομάδος.
525 1560 631 1611 qnod
653 1574 675 1598 a
701 1566 809 1599 recto
832 1559 1002 1598 aberrat:
1029 1573 1111 1597 non
1138 1559 1240 1597 enim
1258 1558 1434 1596 meminit
1454 1571 1604 1596 secun-

159 1617 235 1656 dae
258 1616 476 1668 cuiuspiam
496 1615 772 1664 hebdomadis,
801 1616 871 1654 sed
895 1615 1013 1652 seriae
1040 1614 1230 1653 secundae
1255 1613 1509 1652 hebdomadis
1528 1615 1603 1652 Pa-

160 1671 326 1722 achalis,
354 1685 454 1723 quae
479 1673 575 1710 feria
603 1672 714 1710 diem·
734 1669 1032 1710 resurrectionis
1054 1670 1204 1709 domini
1230 1665 1384 1721 οἷμέσως
1410 1669 1605 1719 sequitur,

159 1727 218 1766 ita
240 1734 287 1766 ut
305 1729 350 1766 in
369 1726 529 1782 δευτέρᾳ
551 1728 792 1777 intelligatur
808 1726 956 1782 ἡμέρᾳ,
986 1732 1025 1764 et
1043 1727 1138 1764 dum
1158 1723 1232 1776 τὴν
1252 1721 1517 1775 α’ναοτᾶσιμον
1532 1738 1608 1775 ap·-

160 1783 299 1835 pellat‚
326 1796 408 1822 non
423 1779 625 1835 ἑβδομάδα
642 1783 907 1833 subintelligat
924 1781 991 1820 sed
1006 1780 1159 1834 »ἡμέραν
1177 1786 1243 1818 aut
1259 1776 1400 1830 ἑορτήν
1411 1808 1423 1828 ,
1452 1778 1529 1816 hoc
1546 1784 1606 1817 est

164 1838 399 1876 dominicam
430 1839 556 1889 ipsam
585 1838 779 1890 Paschae,
804 1851 921 1888 quam
949 1837 1158 1874 Vaticanus
1189 1835 1461 1887 paraphrastes
1486 1840 1604 1872 vocat

163 1891 242 1931 hoc
275 1893 365 1931 loco
401 1892 597 1944 κυριακήν
633 1894 747 1943 νέαν,
785 1894 887 1931 diem
922 1893 1109 1931 nimirum
1140 1904 1257 1941 quam
1284 1890 1376 1927 feeit
1406 1889 1603 1929 dominus.

166 1947 307 1985 Graeci
327 1947 431 1985 enim
445 1947 727 1986 hebdomadem
747 1961 845 1999 quae
862 1947 1003 1998 incipit
1022 1961 1043 1984 a
1062 1947 1125 1985 die
1143 1946 1273 1983 statim
1293 1951 1479 1995 sequente
1497 1944 1603 1982 diem

165 2002 348 2053 Paschae,
374 1999 450 2053 τὴν
468 1999 744 2054 διακινήσιμον
764 2007 1008 2053 nuncupant,
1035 2002 1096 2039 uti
1120 2007 1159 2038 et
1177 2013 1258 2038 eam
1275 2013 1373 2050 quae
1392 1999 1603 2038 inchoatur

166 2058 357 2110 postridie
382 2063 542 2095 octavae
568 2058 735 2096 Paschae
762 2058 967 2095 nominant
993 2052 1194 2108 ἑβδομάδα
1219 2058 1292 2096 τοῦ
1313 2057 1457 2107 Θωμᾶ,
1493 2055 1604 2107 quod

167 2113 230 2152 illi
246 2125 416 2164 quoque,
443 2119 491 2150 ut
508 2113 648 2162 Latini,
677 2113 719 2150 in
743 2112 859 2150 missa
877 2118 1037 2150 octavae
1062 2111 1228 2150 Paschae
1250 2111 1414 2149 recitent
1431 2124 1605 2162 evange-

166 2169 268 2207 lium
295 2169 338 2206 in
368 2181 447 2218 quo
477 2173 661 2206 narratur
687 2167 858 2206 Thomae
887 2167 1054 2218 apostoli
1087 2166 1276 2204 correctio
1312 2173 1351 2205 et
1388 2167 1603 2218 confessi03

168 2224 282 2262 cuius
296 2223 559 2262 hebdomadae
577 2223 747 2261 Thomae
767 2223 809 2260 in
826 2222 903 2259 hac
920 2235 1078 2272 quoque
1097 2229 1229 2260 nostra
1245 2221 1407 2261 historia
1425 2222 1474 2260 fit
1494 2227 1606 2261 men*-

169 2279 228 2318 tio
254 2279 282 2318 l.
301 2283 329 2322 6
358 2292 392 2317 c.
415 2282 488 2324 13,
515 2285 619 2317 recte
646 2278 840 2329 siquidem
862 2277 1022 2316 lacobus
1040 2278 1146 2316 Goar
1164 2278 1211 2316 O.
1232 2278 1274 2318 P.
1299 2278 1343 2316 in
1363 2277 1605 2329 Eucbologio

168 2348 211 2387 p.
230 2337 311 2377 938
330 2333 426 2372 haec
444 2334 562 2374 verba
578 2337 629 2388 τῇ
648 2335 802 2388 πέμπτῃ
820 2336 890 2385 τῆς
910 2334 1184 2385 διακινησίμου
1203 2333 1319 2372 vertit
1326 2335 1443 2384 feria
1462 2336 1608 2385 quinta

166 2397 261 2442 post
280 2389 456 2429 Pascha.
509 2396 556 2428 ut
571 2396 700 2428 autem
717 2390 799 2427 illic
817 2386 973 2441 πεμπτή
993 2389 1150 2438 feriam,
1180 2389 1234 2426 sic
1254 2388 1431 2428 hocloco
1448 2387 1610 2440 δευτέρα

171 2458 254 2483 non
273 2444 578 2495 hebdomadem,
604 2451 651 2483 ut
673 2444 829 2494 monui,
857 2445 925 2483 sed
949 2443 1201 2482 hebdomadis
1225 2444 1328 2483 diem
1355 2445 1521 2493 indicat,
1550 2445 1611 2482 fe-

172 2500 272 2539 riam
291 2501 472 2540 videlicet
501 2501 708 2539 secundam
721 2530 733 2550 ,
762 2514 836 2550 qua
854 2500 974 2538 fuerit
1001 2500 1169 2537 edictum
1180 2528 1192 2549 ,
1221 2499 1269 2538 de
1285 2514 1362 2552 qno
1381 2501 1447 2539 hic
1470 2500 1612 2550 agitur,

173 2556 481 2606 promulgatum.
537 2569 587 2595 ex
604 2557 666 2594 his
687 2556 842 2595 confido
862 2555 1128 2607 apparituram
1143 2556 1409 2595 necessitatem
1427 2554 1614 2593 emenda-

175 2609 294 2648 tionis
308 2611 385 2649 loci
401 2610 520 2650 huius
543 2625 566 2649 a
584 2626 646 2650 me
662 2613 798 2651 factae.
851 2617 1015 2650 restaret
1036 2610 1264 2650 excutienda
1287 2612 1493 2650 diversitas
1513 2609 1615 2647 scri-

177 2670 318 2714 pturae
338 2666 382 2703 in
402 2679 499 2704 voce
520 2663 813 2718 διακινήσιμος,
842 2680 957 2718 quam
986 2666 1052 2703 alii
1077 2664 1398 2719 διακαινήσιμος,
1430 2664 1616 2704 nonnulli

180 2718 298 2756 etiam
328 2717 606 2774 διααενήσιμος
628 2723 816 2762 scribunt.
869 2735 942 2760 nos
968 2721 1165 2759 codicibus
1187 2721 1439 2760 adhaeremus
1468 2719 1616 2758 nostris

181 2773 490 2827 sie-constanter,
518 2778 575 2816 uti
594 2784 950 2831 repraesentamus,
978 2776 1244 2816 scribentibus.
1299 2777 1417 2828 idque
1436 2776 1614 2815 sufficere

1619 1391 1737 1428 [¹468
