1858 3126
273 145 370 194 714
671 145 986 189 OBSERVAT.
1020 146 1333 191 PACHYMER.

270 258 377 298 viam
394 255 555 296 liberam
573 266 731 294 servare
752 255 803 294 ad
829 268 1046 307 regressum
1066 257 1250 304 suadeat,
1279 270 1378 309 opus
1394 258 1516 299 fuerit
1533 260 1660 299 solida
1677 259 1729 298 il-

269 315 354 354 lum
384 313 486 350 mole
514 318 765 351 consternere
794 326 912 363 quam
936 313 1239 367 ποντογέφυραν
1262 314 1392 365 potius
1411 328 1528 365 quam
1550 316 1730 370 γέφυραν

270 369 393 425 (quae
415 369 466 407 sit
495 376 841 421 extemporaneum
877 370 1094 422 quidpiam)
1122 372 1255 410 vocari
1277 371 1352 420 ait,
1381 370 1567 410 inchoare
1591 379 1632 412 et
1657 386 1731 425 ap·-

260 432 446 479 paratum
470 426 598 478 operis
625 433 664 465 et
692 440 791 479 opus
810 427 938 478 ipsum
966 441 988 464 a
1015 427 1102 478 ripa
1124 441 1242 478 quam
1270 427 1482 479 imperator
1502 441 1591 466 cum
1612 442 1728 468 exer-

263 484 346 522 citu
371 483 544 532 obtinet,
575 497 655 521 non
677 490 808 522 autem
840 483 889 521 ab
912 484 1090 524 adversa.
1148 497 1222 522 nec
1240 497 1398 522 movere
1418 497 1641 536 quenquam
1659 485 1733 536 ‹le-7

261 540 330 578 bet
354 540 543 578 adversus
569 539 667 578 haec
691 540 799 591 quod
821 543 943 592 ponti
963 554 1106 579 nomen
1135 541 1236 579 male
1255 540 1501 590 fluminibus,
1531 554 1631 592 quae
1650 541 1732 579 sola

263 597 346 636 fere
382 602 523 648 pontes
556 597 785 648 patiuntur,
825 598 1035 635 convenire
1073 597 1269 636 videatur.
1331 611 1424 635 nam
1457 603 1733 649 praeterquam

263 653 373 705 quod
400 659 493 691 sunt
520 653 680 703 quidam
702 654 836 703 fluvii,
865 660 913 692 ut
943 654 991 692 de
1018 654 1138 692 modo
1163 659 1379 692 memorato
1403 654 1566 705 Sangari
1585 655 1734 693 Proco-

269 711 358 763 pius
381 710 579 760 loquitur,
609 706 871 763 εὔρυνόμενοι
897 706 1085 765 θαλάσσῃ
1116 711 1205 758 ἴσα,
1236 710 1457 748 latitudine
1480 712 1668 762 aequorei
1688 723 1735 748 ac

268 773 394 819 ponto
419 766 581 817 similes,
611 768 725 805 etiam
755 780 805 805 ex
833 767 979 818 origine
1002 767 1050 805 ab
1077 767 1258 805 omnibus
1285 767 1503 817 quibusque
1532 767 1735 806 latioribus

271 823 518 874 designandis
543 837 622 861 non
646 823 807 862 videtur
830 823 1044 862 abhorrere
1069 820 1220 865 πόντου
1241 824 1501 872 vocabulum,
1529 824 1734 874 siquidem,

268 886 318 918 ut
335 879 564 918 Eustathius
583 880 770 918 admonet
794 880 845 918 ad
866 880 974 919 Iliad.
997 882 1039 930 δ,
1069 877 1216 929 πόντος
1231 880 1380 933 λέγεται
1401 879 1455 929 ὥς
1473 876 1541 921 οἷά
1562 896 1621 927 τις
1637 876 1735 920 πνό-

270 952 358 986 τος,
389 936 432 977 ἐκ
460 939 534 976 τοῦ
561 941 857 979 παταπνεῖσθαι
890 934 1064 988 ἀνέμοις.
1123 951 1144 974 a
1175 937 1297 975 verbo
1326 936 1435 977 πνέω
1456 938 1565 988 spiro
1593 936 1735 975 deduci

271 989 420 1034 πόντου
447 1006 589 1031 nomen
617 993 693 1042 ait,
723 994 830 1044 quod
857 1007 975 1044 supra
995 1007 1141 1044 aequor
1165 1007 1261 1032 aura
1283 994 1417 1045 spiret.
1472 993 1515 1031 id
1543 999 1672 1031 autem
1695 998 1735 1030 et

271 1050 392 1101 paulo
421 1050 618 1101 amplioris
647 1050 748 1087 alvei
775 1051 954 1088 amnibus
983 1051 1194 1088 convenire
1221 1050 1306 1100 quis
1335 1064 1415 1087 non
1441 1049 1579 1087 videt?
1612 1062 1734 1099 quare

272 1120 356 1145 non
376 1107 653 1157 repugnaverit
669 1107 788 1157 etymi
808 1107 910 1144 ratio
930 1119 996 1144 eos
1019 1119 1174 1157 quoque
1192 1107 1303 1158 ponti
1319 1106 1578 1157 appellatione
1598 1118 1734 1157 asper-

272 1163 324 1214 gi,
351 1176 429 1212 quo
451 1162 538 1200 iure
556 1176 671 1201 suum
689 1163 929 1201 Garumnam
952 1163 1148 1201 Ausonius
1168 1163 1210 1201 in
1229 1163 1389 1201 Mosella
1404 1176 1644 1214 aequoreum
1661 1175 1734 1213 ap—

272 1219 405 1271 pellat.
473 1225 589 1270 atque
625 1219 730 1258 hanc
757 1219 1059 1274 ποντογεφύρας
1089 1220 1290 1257 notionem
1325 1220 1438 1270 longe
1473 1218 1735 1269 antiquiorem

272 1276 454 1315 Mam-ficii
474 1282 512 1313 et
532 1275 781 1328 Pachymeris
806 1283 933 1314 aetate
958 1291 1039 1315 non
1062 1276 1162 1314 male
1186 1276 1351 1315 forsitan
1369 1276 1456 1326 quis
1473 1275 1737 1315 autumaverit

273 1346 325 1370 ex
348 1333 615 1383 antiquissimo
644 1333 749 1385 apud
769 1333 927 1371 Latinos
957 1347 1033 1371 usu
1058 1333 1167 1371 vocis
1187 1347 1294 1384 pons·
1323 1346 1397 1385 pro
1423 1330 1603 1386 γέφυρας
1635 1344 1736 1381 quae

271 1403 356 1429 vox
383 1389 515 1427 videri
546 1397 678 1440 potest
710 1403 760 1428 ex
790 1389 1070 1442 ποντογέφυρα
1100 1389 1283 1428 deducta.
1348 1389 1446 1431 haec
1474 1402 1574 1440 quae
1596 1388 1735 1439 timida

271 1446 492 1496 suspicione
522 1447 693 1498 protuli,
723 1447 933 1485 audentius
959 1447 1236 1498 amplecterer,
1266 1446 1297 1484 si
1322 1445 1444 1496 (quod
1474 1458 1547 1484 nec
1572 1444 1754 1496 contigit¹

271 1515 346 1541 nec
362 1503 495 1553 spero)
523 1509 664 1540 nactus
684 1516 802 1541 essem
823 1503 964 1541 idonea
987 1503 1209 1541 testimonia
1234 1508 1442 1541 auctorum
1461 1501 1631 1540 Graecae
1654 1501 1735 1538 lin-

269 1570 370 1609 guae
394 1564 597 1607 veterum,
628 1573 677 1596 ex
702 1561 843 1609 quibus
873 1565 1074 1597 constaret
1102 1559 1180 1596 iam
1209 1565 1317 1607 tum,
1347 1565 1558 1608 antequam
1572 1557 1733 1594 Latinus

271 1628 400 1653 sermo
420 1627 442 1651 e
459 1615 616 1652 Graecis
631 1622 731 1653 esset
747 1616 961 1666 originibus
978 1615 1209 1667 productus,
1239 1611 1542 1667 ποντογεφύρας
1556 1613 1733 1652 vocabu-

269 1671 355 1710 lum
371 1671 414 1709 in
432 1685 508 1709 usu
527 1671 711 1709 Graeciae
730 1672 865 1720 fuisse,
895 1679 942 1710 ut
962 1684 1011 1708 ex
1029 1684 1075 1709 eo
1098 1671 1218 1709 ducta
1236 1671 1450 1708 existimari
1470 1675 1600 1721 posset
1613 1675 1733 1708 vetu-

271 1728 437 1766 stissima
456 1728 498 1765 in
519 1728 629 1766 Latio
646 1742 728 1766 vox
749 1730 899 1780 pontis.
955 1728 1113 1765 interim
1140 1728 1260 1778 igitur
1280 1727 1506 1778 vulgaribus
1524 1725 1733 1764 inhaerens

271 1785 501 1834 veriloquiis
521 1785 809 1823 autumantium
831 1799 935 1834 pons
960 1784 1108 1822 dictum
1122 1785 1231 1834 quasi
1252 1798 1354 1834 pen-s·
1373 1782 1605 1834 compendio
1620 1782 1733 1821 verbi

265 1840 462 1893 penalem,
491 1841 600 1892 quod
627 1842 754 1893 spatio
783 1842 922 1879 subtus
940 1854 1068 1879 vacuo
1089 1852 1255 1892 superne
1284 1839 1524 1890 impendeat,
1555 1839 1733 1877 existimo

271 1911 412 1937 vocem
430 1897 709 1951 ποντογὲφυρα
725 1898 882 1936 Graecis
900 1903 1058 1935 tantum
1076 1898 1162 1934 aevi
1180 1897 1370 1934 citerioris
1384 1902 1626 1947 usurpatam,
1644 1895 1734 1946 qui-

273 1955 349 1993 bus
370 1955 542 1992 solemne
563 1955 640 1993 fuit
665 1955 851 2006 pleraque
867 1955 1023 1992 tritiora
1046 1967 1123 1992 usu
1139 1953 1306 1991 Romani
1326 1953 1426 1991 Latii
1443 1952 1634 1991 vocabula
1653 1951 1733 1990 suis

274 2012 496 2062 exprimere
514 2011 652 2060 literis,
680 2011 956 2063 scriptionibus
976 2011 1158 2049 inserere.
1216 2010 1325 2048 cuius
1343 2008 1634 2047 consuetudinis
1652 2020 1733 2045 non

273 2081 401 2120 pauca
418 2068 460 2105 in
476 2068 554 2106 hoc
577 2069 662 2120 ipso
682 2069 870 2120 scriptore
887 2074 1022 2105 nostro
1038 2067 1216 2118 exempla
1232 2067 1413 2115 vidimus,
1441 2064 1627 2115 loquendi
1643 2077 1733 2101 mo-

273 2137 374 2172 rem,
404 2124 472 2173 qui
487 2131 583 2162 tunc
607 2132 703 2174 erat,
731 2130 1055 2176 repraesentante,
1084 2130 1130 2162 ut
1144 2129 1205 2160 tot
1223 2123 1318 2160 alios
1340 2122 1532 2169 omittam,
1562 2133 1731 2170 quorum

275 2181 470 2219 vocabula
487 2181 601 2220 istius
621 2182 770 2233 generis
796 2188 858 2219 tot
885 2187 980 2219 sunt
1005 2180 1140 2218 lexicis
1158 2178 1486 2217 Graecobarbaris
1505 2175 1738 2215 Glossariis—⁴

275 2250 352 2287 que
371 2239 573 2278 recensita.
631 2240 763 2288 itaque
779 2237 1080 2290 ποντογέφυραν
1095 2242 1135 2273 et
1152 2235 1362 2273 Mauricius
1386 2240 1524 2272 auctor
1543 2231 1731 2281 Strategi-

273 2307 414 2330 corum
443 2299 482 2330 et
517 2300 651 2332 noster
684 2295 749 2332 hic
779 2308 828 2332 ex
861 2308 936 2332 usu
970 2293 1157 2330 sermonis
1188 2298 1286 2330 tunc
1310 2290 1510 2343 popularis
1543 2287 1730 2336 dixerint,

273 2350 401 2387 mixta
419 2351 614 2387 mentione
631 2353 782 2401 pontis,
802 2351 961 2387 Latinae
979 2351 1095 2397 vocis,
1118 2362 1207 2386 cum
1225 2348 1385 2397 antiqua
1401 2347 1549 2383 Graeca
1563 2343 1729 2396 γέφυρα,

274 2411 324 2444 ut
347 2405 495 2443 facilius
523 2406 805 2459 intelligeretur
826 2407 921 2456 quid
943 2406 1208 2456 exprimerent
1232 2418 1254 2441 a
1271 2404 1389 2453 vulgo
1410 2402 1489 2439 iam
1505 2400 1668 2450 bilingui
1685 2413 1731 2437 ac

274 2462 401 2500 multa
418 2461 606 2499 mixtione
628 2463 814 2500 Italorum
838 2468 990 2500 assueto
1008 2461 1175 2512 patriam
1196 2460 1396 2509 antiquam
1411 2458 1583 2507 linguam
1598 2456 1732 2494 inser-

274 2519 327 2556 tis
344 2518 544 2569 variegare
563 2518 708 2556 Latinis
727 2518 900 2557 vocibus.
958 2517 1008 2555 ad
1026 2523 1246 2555 extremum
1260 2515 1326 2553 hic
1343 2526 1537 2565 opponam
1555 2525 1605 2550 ex
1619 2512 1729 2550 Livio

275 2575 467 2626 quaedam
492 2588 513 2611 a
534 2574 680 2612 lectore
700 2588 781 2611 non
800 2573 993 2611 inutiliter
1013 2571 1247 2610 conferenda
1266 2571 1313 2608 iis
1335 2582 1433 2620 quae
1452 2569 1500 2606 de
1523 2568 1600 2606 situ
1618 2569 1729 2606 loco-

274 2646 366 2671 rum
393 2632 580 2679 istorum‚
616 2636 757 2668 natura
781 2630 954 2680 Sangarii
978 2629 1102 2666 amnis
1132 2634 1171 2665 et
1195 2626 1423 2664 necessitate
1446 2625 1674 2676 imponendi
1695 2624 1731 2661 ei

274 2688 408 2741 pontis
429 2694 562 2726 noster
578 2687 665 2735 hoc,
691 2699 807 2736 quem
826 2686 1068 2723 illustratum
1087 2684 1153 2722 hic
1172 2684 1285 2732 imus,
1315 2683 1402 2720 loco
1421 2682 1555 2720 scribit
1568 2681 1634 2723 lib.
1656 2682 1682 2721 8
1700 2679 1729 2720 4

277 2745 453 2794 decadis,
481 2743 552 2783 ubi
581 2743 866 2794 expeditionem
889 2742 996 2779 Cneii
1020 2741 1153 2779 Manlii
1176 2739 1343 2778 consulis
1366 2740 1408 2777 in
1426 2738 1731 2776 Gallo-Graecos

277 2801 476 2840 describit.
532 2800 589 2839 sic
605 2800 738 2840 Livius
750 2799 889 2839 habet:
917 2812 1006 2837 cum
1026 2797 1086 2836 ad
1102 2798 1349 2850 Sangarium
1357 2797 1517 2849 flumen
1529 2794 1733 2847 perveni-54
