1820 3112
166 128 174 143 ‘
207 177 274 223 32
593 170 828 217 GEORGII
861 167 1214 214 PACHYMERIS

206 305 291 348 yemv
316 290 392 333 τοῦ
418 282 669 341 πνεῦματος,
709 280 852 342 χώραν
889 283 1023 334 αῗτίας
1051 277 1218 326 δεδώκει
1247 278 1317 324 καὶ
1345 277 1397 325 οὕ
1419 276 1674 338 παροπτέας,

209 357 311 403 οὐδέ
327 374 370 414 γε
388 356 469 412 μὴν
490 360 564 410 τῆς
585 351 813 410 τυχούσης,
847 350 1106 404 συνδοξάζειν
1125 349 1259 394 αἴτιον
1274 349 1349 394 τὸν
1366 347 1458 393 υἱὸν
1474 349 1539 392 ἐπὶ
1558 351 1611 407 τῇ
1628 347 1674 391 ἐκ

210 426 368 483 πατρὸς
394 425 506 485 αἰτίᾳ
534 428 609 466 τοῦ
644 421 888 478 πνεύματος.
957 422 1089 465 καίτοι
1114 436 1158 477 γε
1180 412 1232 463 τὰ
1258 414 1404 476 μέτριά
1424 433 1469 472 γε
1491 423 1578 467 τοῖς
1599 413 1675 460 λό-

208 512 296 552 γοις
328 493 458 537 αὐτοῦ
488 489 823 549 προσαρχόμενος
836 524 848 543 ,
885 489 951 534 ὅτε
971 506 1033 540 τις
1053 491 1120 533 καὶ
1139 488 1359 544 ἀντεπῆγεν
1379 486 1494 544 αὐτῷ
1511 485 1588 540 τὴν
1605 486 1675 528 αἲ·-

205 564 299 606 τίαν
311 595 324 616 ,
361 560 417 613 ὥς
433 566 594 604 πολλῶν
615 562 677 603 εἠὶ
696 565 799 603 θεοῦ
815 559 1037 616 λεγομένων
1056 559 1124 601 καὶ
1142 556 1193 612 δὴ
1211 558 1279 599 καὶ
1299 555 1443 606 κακίας
1461 551 1707 612 {namegast-5

207 649 291 675 των
313 630 490 687 ἔμφασιν
510 629 562 672 τὰ
583 629 656 683 μὲν
677 627 869 685 λεγόμενα
891 626 946 678 ὥς
965 626 1089 684 ἁγίων
1114 623 1280 684 ῥήματα
1304 623 1561 681 προσιέμεθα
1574 654 1588 676 ,
1624 620 1674 666 τὸ

207 699 255 742 δ’
278 697 534 755 ὖπεμφαΐνον
562 697 610 741 οὐ
637 695 977 753 προσδεχόμεθα,
1018 693 1220 751 ’(λέγετέ”
1256 710 1405 751 φησιν,
1445 687 1520 736 “ὦ
1544 685 1675 743 οὗτοι,

209 768 311 817 θεὸς
330 768 479 817 τέλειος
498 765 518 810 ὁ
539 763 676 821 πατήρ
689 798 701 818 ,
738 768 804 808 καὶ
824 765 924 815 θεὸς
943 764 1091 814 τέλειος
1111 761 1133 807 ὃ
1153 759 1267 814 υἱός,
1301 763 1369 804 καὶ
1398 761 1498 811 θεὸς
1525 761 1677 809 τέλειος
1703 784 1709 792 ι

159 844 194 879 Ε
218 835 239 879 ὅ
274 833 547 891 παράκλητος.
618 829 690 891 ἆρ’
717 829 789 877 οὖν
809 834 877 877 διὰ
898 833 945 877 τὸ
966 838 1072 891 τρεῖς
1093 831 1219 882 θεοὺς
1238 829 1572 888 ὗπεμφαίνεσθαι
1599 846 1678 872 κα-

211 908 555 962 ταρρυπαροῦμεν
583 903 657 958 τὴν
682 903 921 959 θεολογιάνς
936 902 962 923 ”
996 901 1097 952 τέως
1118 902 1173 951 εἰς
1195 899 1415 957 ἀποφυγὴν
1436 902 1511 942 τοῦ
1534 893 1677 955 ἐγκλῆ-
1688 907 1733 943 10

211 990 344 1030 ματος
364 974 430 1015 καὶ
449 973 554 1029 τρισὶ
573 972 808 1028 κεφαλαίοις
826 970 896 1014 τὸν
916 971 979 1013 ἐπὶ
997 975 1049 1027 τῇ
1065 973 1137 1025 τῆς
1156 968 1404 1026 ὄρθοδοξίας
1422 966 1555 1028 ἡμέρα
1573 965 1677 1010 ἅνα-

213 1039 507 1099 γινωσκόμενον
526 1039 622 1098 ὅρον
642 1040 711 1082 ἔπ’
738 1041 950 1095 ἐκκλησίας
967 1037 1164 1094 ἒπηύξανε
1182 1037 1443 1094 προστιθείς,
1481 1032 1678 1090 ποιούμε-

214 1127 286 1159 νος
308 1108 383 1152 ὑπ’
408 1108 599 1164 ἀνάθεμα
618 1109 755 1165 τρίτον
775 1108 847 1152 τὸν
873 1108 963 1163 ἢτοι
985 1105 1207 1159 ὃοξάζοντα
1226 1104 1254 1162 ἢ
1278 1105 1410 1148 αἴτιον
1431 1103 1457 1160 ἢ
1480 1103 1585 1160 μετὰ
1600 1106 1676 1147 τοῦ

215 1180 372 1235 πατρὸς
400 1179 607 1221 συναίτιον
639 1177 711 1220 τὸν
737 1177 827 1220 υἱὸν
857 1181 932 1220 τοῦ
965 1173 1219 1230 πνεύματος,
1266 1172 1294 1230 ἢ
1327 1179 1606 1230 συγκοινωνεΐν
1634 1171 1678 1215 ἓν

215 1245 360 1303 γνώσει
391 1244 714 1301 καταδεχόμενον
745 1253 830 1296 τοῖς
856 1244 963 1288 οὕτω
981 1245 1141 1301 λέγουσι
1161 1245 1228 1287 καὶ
1247 1239 1475 1295 δοξάζουσι.
1541 1245 1676 1284 ταῦτα
1688 1249 1733 1306 15

214 1314 344 1372 ἔλεγε,
381 1315 504 1359 ταῦτ’
530 1315 717 1373 ἔγραφεν.
787 1314 862 1358 “ei
892 1313 936 1357 δ’
960 1312 1096 1370 ἀνήκει
1114 1313 1211 1367 τι”,
1249 1313 1355 1371 φησί
1359 1343 1374 1366 ,
1413 1313 1510 1368 “τῇ
1530 1308 1600 1354 διά
1619 1311 1677 1360 εἰς

214 1457 352 1481 causam
385 1445 524 1492 spiritus
550 1458 647 1490 esse,
678 1447 788 1482 locum
819 1446 1030 1482 accusationi
1053 1445 1106 1481 sui
1128 1444 1222 1480 dedit
1243 1443 1335 1480 haud
1356 1456 1440 1481 sane
1461 1445 1677 1499 coptefnppn-

214 1491 300 1535 dae,
333 1504 407 1526 cum
433 1504 501 1526 non
523 1493 606 1527 levis
628 1506 690 1528 nec
712 1494 862 1538 vulgaris
885 1504 981 1527 error
1002 1493 1178 1537 videatur,
1209 1497 1347 1538 praeter
1370 1492 1439 1526 vim
1458 1501 1620 1536 pnnclpn
1641 1493 1678 1524 et

214 1549 340 1572 causae
370 1549 459 1583 quae
493 1538 526 1572 in
560 1545 657 1584 patre
681 1551 702 1574 a
726 1540 857 1574 cunctis
886 1539 1083 1584 agnoscitur
1103 1542 1263 1584 respectu
1285 1536 1444 1585 spiritus,
1480 1536 1583 1571 etiam
1605 1534 1677 1590 (ilio

213 1583 401 1619 attribuere
434 1584 598 1619 rationem
630 1586 786 1631 principii
815 1590 852 1620 et
880 1597 1004 1620 causae
1032 1596 1116 1629 erga
1144 1585 1298 1630 spiritum
1327 1585 1482 1619 eundem.
1528 1593 1592 1616 nec
1618 1581 1678 1616 xlle

213 1640 282 1664 non
316 1629 488 1664 sentiebat
520 1630 680 1665 invidiam
710 1631 815 1674 dicti,
847 1643 947 1677 quam
971 1634 1011 1665 ut
1030 1630 1217 1672 emolliret,
1250 1630 1487 1665 moderationis
1508 1627 1677 1675 quandam

213 1675 362 1729 speciem
397 1675 571 1710 inserebat
603 1688 643 1710 ac
673 1678 767 1712 velut
797 1677 842 1712 ad
874 1677 1000 1712 flexum
1029 1676 1235 1711 commodum
1263 1677 1502 1711 inarticulabat
1523 1674 1679 1728 disputa-

214 1721 302 1755 ttoni
325 1721 451 1766 alioqui
474 1721 732 1766 rigidiusculae,
764 1724 971 1758 occurrendo
994 1723 1083 1757 ultro
1106 1722 1242 1767 ingenio
1269 1723 1422 1764 lectoris,
1454 1734 1498 1756 ex
1521 1720 1679 1774 allegatis

215 1771 351 1813 patrum
385 1768 586 1811 sententiis,
622 1773 661 1803 ut
691 1781 831 1815 pronum
865 1774 958 1810 erat,
992 1769 1167 1803 collecturi
1195 1768 1315 1804 falsam
1345 1781 1383 1803 re
1405 1779 1489 1803 vera
1509 1770 1546 1801 et
1567 1770 1679 1800 veter!

215 1812 382 1847 ecclesiae
403 1812 583 1848 doctrinae
606 1815 809 1850 contrariam
833 1827 908 1850 esse
932 1817 1142 1850 Graecorum
1165 1813 1263 1849 hodie
1286 1815 1455 1860 vigentem
1477 1812 1679 1858 opinionem,

214 1870 285 1904 qua
321 1859 468 1893 Sanctus
497 1860 648 1905 Spiritus
679 1871 722 1896 ex
755 1866 854 1907 patre
884 1862 1060 1896 dumtaxat
1097 1860 1141 1895 ab
1178 1860 1224 1895 iis
1254 1860 1449 1907 agnoscitur
1479 1857 1680 1904 procedens,

214 1915 291 1938 cum
323 1904 412 1938 ratio
447 1905 606 1950 principii
638 1910 674 1941 et
705 1918 848 1951 causae,
883 1911 1044 1954 respectu
1078 1905 1221 1952 spiritus
1251 1907 1416 1942 attributa
1449 1916 1512 1952 per
1541 1907 1680 1940 sanctos

215 1949 365 1996 ipsorum
391 1954 507 1995 patres
530 1951 633 1986 etiam
655 1953 726 1988 filio
739 1979 750 1996 ‚
782 1965 825 1988 ex
855 1953 930 2000 ipso
963 1963 1100 1999 quoque
1120 1952 1309 1998 procedere
1329 1952 1439 1998 ipsum
1461 1951 1559 1986 iuxta
1581 1949 1682 1984 Lati-

215 2006 334 2030 norum
367 2001 511 2031 mentem
538 1997 768 2034 demonstrare
789 1999 956 2034 videatur.
1003 2002 1123 2033 contra
1146 1999 1211 2033 hoc
1233 1999 1320 2033 enim
1341 1999 1399 2033 ille
1420 1996 1682 2045 praescribebat

217 2041 323 2074 multa
345 2041 388 2075 de
410 2042 473 2076 deo
496 2044 690 2078 necessario
712 2044 895 2088 affirmari,
925 2044 976 2079 sic
1006 2044 1236 2089 irrefragabili
1262 2045 1468 2080 auctoritate
1489 2043 1681 2088 subigente,

216 2097 262 2120 ex
284 2086 406 2131 quibus
429 2090 517 2122 mala
539 2090 583 2124 de
603 2089 678 2136 ipso
703 2096 738 2126 et
760 2091 953 2137 neutiquam
975 2090 1183 2126 admittenda
1204 2091 1296 2127 clare
1311 2090 1471 2137 consequi
1492 2093 1680 2136 appareatg

218 2142 321 2177 quam
343 2131 423 2166 ideo
446 2136 714 2171 consecutionem
738 2137 918 2172 orthodoxi
940 2148 1007 2172 non
1031 2136 1231 2180 admittunt,
1255 2149 1331 2172 cum
1353 2135 1608 2179 antecedentia,
1635 2147 1679 2171 ex

218 2176 345 2222 quibus
367 2177 535 2221 infertur,
554 2181 731 2227 recipiant.
779 2183 883 2229 igitur
905 2185 940 2218 et
961 2193 1044 2225 uos,
1068 2183 1202 2218 Veccus
1223 2184 1360 2229 aiebat,
1382 2183 1438 2217 hic
1459 2193 1594 2228 quoque
1615 2193 1681 2228 pa-

218 2226 310 2256 trum
341 2222 471 2258 diserta
501 2226 696 2262 testimonia
727 2229 925 2274 recipimus:
964 2229 1025 2263 sed
1057 2229 1148 2275 quod
1179 2241 1222 2264 ex
1252 2230 1304 2264 his
1338 2234 1483 2275 apparet
1505 2226 1680 2272 consequi,

219 2279 287 2302 non
323 2269 515 2315 recipimus.
559 2271 775 2319 instabatque
807 2278 1003 2320 argumento
1036 2287 1056 2309 e
1092 2275 1239 2310 Graecis
1269 2276 1373 2310 ducto
1395 2275 1500 2320 ipsis,
1534 2283 1578 2307 an
1599 2284 1679 2315 non,

218 2313 398 2359 inquiens,
429 2327 491 2350 vos
515 2327 648 2362 quoque
671 2322 707 2352 et
733 2319 848 2354 dicitis
870 2326 904 2354 et
924 2325 1020 2354 recte
1042 2320 1110 2355 dici
1133 2321 1286 2356 fatemini
1308 2326 1439 2366 patrem
1463 2330 1538 2353 esse
1561 2319 1679 2364 perfe-

218 2363 312 2393 ctum
334 2360 453 2402 deum,
484 2364 671 2406 perfectum
697 2363 779 2399 item
802 2365 900 2400 deum
923 2378 999 2400 esse
1020 2367 1143 2409 filium,
1170 2367 1313 2413 denique
1334 2366 1540 2411 paracletum
1563 2366 1681 2411 perfe-

219 2410 311 2440 ctum
334 2409 371 2440 et
392 2406 502 2451 ipsum
526 2408 622 2442 deum
645 2410 749 2444 esse?
794 2414 905 2445 utrum
934 2411 1038 2455 igitur
1068 2413 1148 2458 quia
1169 2413 1248 2447 inde
1278 2418 1350 2447 tres
1378 2423 1454 2446 esse
1474 2412 1557 2446 deos
1579 2411 1680 2446 vide-

217 2455 279 2485 tur
307 2451 450 2495 inferri,
484 2453 570 2488 salso
603 2454 669 2489 isto
702 2458 739 2489 et
770 2457 957 2500 respuendo
981 2458 1157 2492 corollario
1177 2458 1380 2502 theologiam
1402 2456 1680 2503 inquinabimus?

217 2496 306 2531 haec
335 2496 415 2539 ille,
449 2509 538 2544 quae
570 2500 612 2534 ad
644 2501 890 2545 subterfugium
926 2502 1074 2536 criminis
1107 2507 1221 2537 astute
1252 2504 1361 2546 ipsum
1387 2514 1594 2548 praeparare
1617 2503 1680 2537 sibi

216 2542 330 2588 palam
349 2546 434 2577 erat.
480 2556 579 2589 quem
603 2546 707 2581 etiam
727 2546 771 2581 ad
792 2547 893 2581 finem
914 2547 1086 2582 decretum
1108 2548 1151 2582 de
1173 2549 1242 2583 fide
1264 2549 1333 2593 legi
1353 2549 1489 2583 solitum
1511 2549 1547 2584 in
1570 2549 1681 2584 eccle-

217 2588 271 2622 sia
292 2587 348 2623 die
370 2600 458 2635 quae
479 2596 622 2625 vocatur
644 2592 883 2636 orthodoxiae,
908 2593 1019 2627 tribus
1043 2597 1138 2628 auxit
1160 2595 1336 2641 capitulis,
1359 2595 1391 2629 ei
1414 2595 1600 2640 adiungens
1614 2595 1681 2630 tri-

215 2633 298 2680 plex
330 2635 528 2678 anathema,
561 2637 595 2671 in
628 2649 703 2672 eum
727 2638 786 2683 qui
808 2642 847 2673 ut
869 2639 990 2683 dogma
1012 2639 1093 2674 fidei
1116 2644 1288 2675 assereret
1316 2640 1420 2674 filium
1444 2653 1520 2676 esse
1542 2652 1679 2676 causam

215 2679 378 2725 spiritus,
410 2681 468 2728 qui
499 2682 628 2717 diceret
651 2684 754 2718 filium
778 2695 854 2718 esse
877 2695 951 2719 cum
974 2689 1073 2730 patre
1096 2697 1296 2721 concausam
1318 2686 1479 2732 spiritus,
1507 2692 1679 2733 postremo

219 2725 281 2770 qui
303 2725 416 2761 sciens
439 2728 698 2763 communicaret
719 2742 782 2764 nec
805 2729 939 2776 adiungi
961 2736 1122 2765 renueret
1143 2732 1318 2778 quibusvis
1339 2733 1390 2767 ita
1412 2733 1625 2778 loquentibus
1644 2738 1682 2770 et

219 2770 449 2807 credentibus.
494 2773 579 2808 haec
602 2775 757 2818 dicebat,
782 2775 867 2810 haec
890 2775 1080 2819 scribebat,
1104 2777 1187 2811 illud
1210 2789 1344 2824 quoque
1367 2778 1514 2814 addens:
1551 2780 1579 2814 si
1602 2780 1681 2826 quis

217 2815 332 2854 inesse
355 2818 566 2856 contenderit
587 2820 830 2868 praepositioni
862 2820 928 2860 διά
948 2834 1014 2869 per
1037 2822 1206 2860 notionem
1229 2835 1374 2871 causae,
1398 2826 1509 2862 audax
1527 2826 1563 2862 id
1586 2827 1681 2862 dictu
