1820 3112
182 131 278 177 168
596 129 831 174 GEORGII
863 127 1219 172 PACHYMERIS

181 245 318 303 ἐκείνῳ
354 239 589 300 ἐθορύβουν
619 244 685 285 καὶ
721 239 947 300 γράφοντες
987 241 1234 298 κατηγορίας
1263 237 1443 291 ἀτόπους
1469 239 1650 298 ἐδίδουν,

40 322 70 356 Ρ
95 323 162 358 112
185 316 252 357 καὶ
272 313 417 366 ἀνέδην
435 312 658 367 λοιδορίαις
677 311 923 365 μονωθέντα
943 315 1025 354 τῶν
1045 314 1206 353 πολλῶν
1227 310 1514 366 περιέβαλλον,
1546 308 1651 353 ὥστε

183 384 250 426 καὶ
271 386 346 440 μιᾷ
368 380 585 433 ἱσταμένου
606 379 691 424 ἄνω
713 398 817 432 που,
854 381 919 422 καὶ
941 384 1022 423 τῶν
1045 378 1186 433 ὕμνων
1207 378 1514 430 ἓξανυσθέντων
1531 379 1650 422 ἕπευ-

182 454 400 506 λογοῦντος
433 448 537 491 κατὰ
569 449 615 492 τὸ
640 447 843 504 σύνηθες,
873 448 985 498 τινὰς
1014 449 1164 491 ἐκείνου
1193 445 1381 490 κάτωθεν
1410 447 1650 501 ἱσταμένους

1178 514 1191 529 t

185 516 342 574 κράζειν
362 519 428 560 καὶ
451 515 653 573 ἀπόφημα
683 517 777 560 κατ’
803 518 954 560 ἐκείνου
976 518 1122 574 λέγειν,
1161 533 1217 566 ως
1238 515 1289 559 ἂν
1309 515 1431 558 πλέον
1450 521 1523 559 τοῦ
1545 513 1682 559 simi-5

186 605 258 638 τος
278 586 345 628 διὰ
366 586 412 629 τὸ
432 593 552 641 μῖσος
570 586 1012 639 καταυθαδιζομένους.

134 666 166 701 Β
325 656 404 699 22.
470 655 578 696 Ἐπεὶ
603 659 699 711 γοῦν
717 653 965 705 Ἀθανάσιος
994 654 1093 710 ἔγνω
1112 653 1316 706 μονωθεὶς
1336 653 1401 695 καὶ
1422 651 1498 698 τὰς
1519 652 1654 702 αἰτίας

185 724 230 774 ἐξ
259 722 387 766 αὐτοῦ
413 741 456 766 τε
481 724 547 765 καὶ
573 728 655 766 τῶν
681 725 771 779 περὶ
791 721 927 766 ἀὐτὸν
963 721 1232 778 ὡρμημένας,
1271 721 1345 771 τὰς
1373 722 1418 764 δὲ
1448 722 1654 778 λοιδορίας

186 791 266 834 ἀπὸ
302 796 463 834 πολλῶν
491 790 800 846 συμβαινούσας
810 825 823 845 ,
863 790 917 841 ὥς
936 795 1003 834 καὶ
1026 793 1155 846 κρίσιν
1174 790 1308 832 θέλειν
1328 789 1458 846 ἄγειν,
1493 792 1561 832 καὶ
1581 789 1654 833 οὐκ

186 859 345 903 ἀνυστά
365 861 402 902 οἶ
421 860 572 916 γένοιτο
600 863 634 903 εἲ
657 859 848 914 βούλοιτο
869 860 942 915 τὴν
965 861 1085 916 τιμὴν
1107 859 1284 913 κατέχειν
1319 857 1455 916 (μηδὲ
1483 859 1560 915 γὰρ
1589 859 1653 900 ἔν-
1666 866 1710 901 10

186 933 332 972 τεῦθεν
357 928 456 971 εἶναι
477 931 548 973 τόν
577 927 860 985 εἴρηνεύσοντα
885 929 910 983 ἢ
935 931 1000 972 καὶ
1023 927 1299 984 προσέξοντα)
1315 960 1326 979 ,
1365 929 1560 984 καθυφιέι
1587 929 1656 970 καὶ

139 1001 170 1034 C
194 997 304 1040 ἄκων
323 1002 399 1052 τῆς
420 1001 687 1053 προστασίας.
730 998 804 1041 οὐκ
825 998 951 1053 ὀλίγοι
972 997 1049 1054 γὰρ
1072 999 1138 1039 καὶ
1160 1001 1241 1039 τῶν
1258 996 1363 1051 χθές
1384 998 1450 1038 καὶ
1471 996 1548 1052 πρὸ
1568 995 1658 1052 τρί-

190 1083 266 1121 της
294 1070 376 1109 τῶν
409 1068 522 1110 ῗδίων
545 1067 656 1124 παρὰ
680 1072 763 1110 τῶν
785 1068 935 1110 ἐκείνου
953 1066 1236 1122 στερηθέντων
1259 1063 1363 1118 ὃμοῦ
1385 1063 1658 1121 συμᾳρήσαν-

190 1152 257 1184 τες
287 1132 504 1191 διεφόρουν
525 1135 655 1191 ἄρδην
674 1136 725 1177 τὰ
748 1136 846 1177 ἴδια.
917 1135 955 1176 οἶ
982 1136 1025 1176 δὲ
1047 1137 1112 1176 καὶ
1135 1141 1220 1183 τοῖς
1244 1138 1408 1175 σιτῶσιν
1430 1135 1658 1188 ἐπεχείρουν

193 1205 259 1246 καὶ
291 1204 512 1259 κατεγέλων
540 1206 607 1246 καὶ
638 1202 899 1256 &nezab-‘hazon‘
919 1203 1065 1258 ἀνέδην
1083 1220 1126 1245 τε
1148 1207 1384 1258 κατηρῶντο
1410 1203 1476 1244 καὶ
1497 1199 1656 1258 ἀπεφή-
1670 1209 1712 1246 15

193 1273 324 1326 μιζον.
396 1272 511 1315 ἄλλοι
547 1273 591 1316 δὲ
625 1274 692 1316 καὶ
719 1274 866 1323 λίθους
899 1271 1048 1327 ἔβαλον
1077 1270 1274 1329 φανέντος
1301 1271 1466 1314 ἐκείνου.
1535 1269 1659 1314 τόσον

286 1394 321 1428 9.
343 1393 428 1439 καὶ]
451 1393 512 1430 καὶ
538 1393 616 1436 sig?
755 1394 809 1445 15?
833 1393 1058 1442 ἐπεφήμιζον
1081 1394 1122 1431 P.

195 1508 268 1530 sum
291 1496 463 1531 habebant
485 1496 735 1542 patriarcham,
755 1498 896 1531 turbare
917 1498 1054 1532 liberius
1074 1499 1277 1543 coeperunt,
1300 1494 1390 1530 datis
1409 1494 1661 1531 accusationum

196 1554 332 1576 errores
355 1544 421 1587 ipsi
447 1543 707 1577 absurdissimos
734 1543 970 1589 imputantium
994 1544 1138 1587 libellis,
1172 1546 1241 1576 turn
1265 1543 1405 1576 eundem
1429 1542 1513 1576 locis
1536 1553 1557 1575 a
1581 1553 1662 1576 con-

197 1600 299 1622 cursu
322 1590 471 1622 seductis
494 1594 725 1623 occurrentem
748 1590 884 1634 probris
909 1591 1018 1635 palam
1043 1589 1270 1633 conviciisque
1289 1587 1556 1632 proscindentes.
1603 1599 1663 1621 eo-

199 1646 266 1678 que
298 1645 355 1668 res
387 1635 577 1680 processit,
609 1642 648 1668 ut
682 1635 756 1680 ipso
789 1637 934 1681 quadam
965 1637 1021 1670 die
1045 1637 1160 1670 eloco
1192 1634 1323 1668 sublimi
1345 1633 1510 1679 perfectis
1533 1633 1664 1678 hymnis

198 1680 323 1724 populo
354 1680 397 1714 de
428 1692 521 1714 more
553 1682 802 1726 beneprecante
831 1683 1076 1716 succlamantes
1100 1681 1202 1726 aliqui
1224 1679 1413 1714 maledictis
1435 1690 1511 1713 eum
1534 1679 1664 1713 lacera-

197 1730 275 1759 rent
298 1727 525 1768 foedissimis,
554 1727 653 1766 odio,
687 1733 866 1772 postquam
889 1728 979 1763 ultra
1000 1728 1134 1762 modum
1157 1730 1353 1768 exarserat,
1383 1725 1420 1759 in
1442 1725 1532 1759 iusto
1556 1725 1665 1759 auda-

201 1771 325 1806 ciorem
349 1772 590 1818 impudentiam
614 1779 863 1818 prorumpente.

295 1819 351 1852 22.
401 1819 582 1864 Postquam
615 1830 695 1864 ergo
733 1830 770 1852 se
803 1818 1008 1853 Athanasius
1030 1818 1228 1853 destitutum
1250 1830 1271 1852 a
1292 1816 1464 1863 plerisque
1485 1815 1666 1857 intellexit,
1704 1837 1708 1840 -

203 1864 389 1898 aversionis
422 1877 543 1899 causas
575 1876 618 1898 ex
646 1877 683 1899 se
716 1865 855 1910 suisque
886 1871 1002 1907 ortas,
1034 1865 1113 1900 odia
1136 1876 1219 1898 vero
1241 1864 1448 1898 infensorum
1472 1863 1535 1898 sibi
1558 1861 1668 1908 pluri·-

202 1921 327 1944 morum
350 1921 458 1956 usque
482 1911 524 1944 ad
549 1911 768 1945 contumelias
791 1916 827 1945 et
850 1911 1002 1946 convicia
1019 1922 1259 1958 prorumpere,
1282 1921 1422 1955 remque
1443 1909 1486 1943 ad
1508 1908 1667 1942 iudicium

202 1960 379 2001 spectare,
394 1996 403 2010 ὂ
417 1968 484 2002 quo
519 1957 608 1991 haud
641 1958 741 1990 dubie
764 1958 952 1992 coorientes
975 1957 1124 2002 undique
1146 1956 1377 1992 accusationes
1402 1959 1537 1989 vocent.
1583 1953 1667 1988 satis

202 2006 346 2046 patere,
376 2013 404 2035 si
437 2002 492 2036 vel
523 2014 649 2036 summo
679 2008 799 2037 conatu
830 2003 1022 2037 connitatur
1051 2003 1200 2038 retinere
1231 2002 1518 2048 patriarchatum,
1551 2000 1585 2034 in
1605 1999 1670 2034 tali

205 2047 388 2081 offensione
420 2049 604 2083 animorum
628 2060 669 2082 ac
691 2060 802 2083 rerum
827 2049 1082 2094 perturbatione
1109 2049 1237 2082 frustra
1267 2050 1358 2082 fore:
1393 2059 1471 2082 nam
1493 2050 1569 2081 orto
1591 2057 1669 2080 cer-

204 2093 331 2126 tamine
354 2105 468 2127 omnes
491 2094 525 2127 in
547 2106 647 2129 unum
671 2095 906 2136 dimicaturos,
931 2107 973 2128 ne
998 2095 1194 2129 attendente
1215 2094 1350 2140 quidem
1374 2094 1442 2127 ullo
1466 2097 1527 2127 aut
1548 2094 1668 2126 saltam

206 2139 324 2172 audire
357 2139 569 2182 sustinente,
614 2141 736 2174 nedum
766 2141 801 2174 in
832 2141 992 2186 pristinae
1021 2140 1250 2174 communione
1280 2141 1375 2186 pacis
1407 2144 1668 2184 perseveraturo

206 2195 385 2229 quoquam.
425 2185 476 2218 his
501 2197 681 2230 persuasus
705 2186 890 2221 rationibus
911 2188 968 2220 diu
990 2187 1190 2220 reluctatum
1214 2186 1347 2232 appulit
1369 2185 1503 2225 tandem
1525 2184 1670 2218 animum

208 2229 252 2264 ad
285 2230 520 2274 cogitationem
552 2232 779 2277 abdicandae,
815 2244 917 2278 quam
939 2238 1058 2267 tenere
1080 2232 1239 2278 nequiret
1261 2232 1327 2267 etsi
1349 2230 1492 2266 maxime
1515 2232 1669 2274 cuperet,

207 2287 327 2310 sacrae
351 2277 596 2320 praefecturae.
644 2289 764 2322 nempe
795 2279 862 2312 iam
893 2290 959 2313 non
992 2278 1094 2324 pauci
1128 2290 1243 2312 eorum
1267 2289 1351 2323 quos
1373 2286 1482 2320 nuper
1504 2285 1546 2308 ac
1568 2274 1668 2318 paulo

208 2324 290 2355 ante
321 2321 544 2355 ministrorum
575 2323 680 2367 ipsius
711 2324 878 2359 violentae
909 2325 1142 2369 grassationes
1165 2324 1379 2368 pensionibus
1402 2325 1439 2355 et
1460 2320 1672 2354 sacerdotio-

208 2378 282 2401 rum
306 2367 472 2401 fructibus
495 2368 740 2412 multaverunt,
775 2371 885 2415 palam
909 2370 1025 2404 ablata
1047 2371 1273 2415 repetebant,
1305 2380 1346 2402 ac
1369 2367 1464 2401 facta
1486 2377 1584 2399 manu
1608 2376 1672 2411 pa-

209 2412 305 2447 ribus
328 2412 457 2447 iniuriis
482 2414 718 2456 irascentium,
750 2416 817 2448 vim
841 2422 994 2460 apertam
1015 2415 1241 2457 intentantes,
1277 2413 1476 2448 auferebant
1498 2423 1587 2456 quae
1609 2422 1672 2446 sua

209 2458 376 2493 dicerent.
424 2459 558 2504 quidam
594 2460 695 2493 etiam
730 2461 871 2504 praedia
900 2461 1208 2505 frumentariosque
1238 2470 1340 2504 agros
1371 2469 1512 2503 quorum
1534 2458 1672 2491 fuerant

209 2505 421 2550 possessione
445 2505 553 2550 pulsi,
586 2517 750 2539 concursu
775 2511 811 2539 et
833 2506 981 2540 factione
1003 2506 1230 2546 invadebant,
1259 2506 1349 2539 inter
1372 2505 1456 2538 haec
1479 2503 1673 2544 irridentes,

212 2550 367 2584 dicteriis
399 2551 634 2594 traducentes,
670 2551 860 2585 maledictis
889 2563 1023 2596 quoque
1045 2552 1274 2595 incessentes,
1309 2550 1392 2584 diris
1415 2549 1559 2593 denique
1581 2548 1672 2582 nullo

210 2601 303 2631 metu
336 2601 396 2630 aut
428 2602 584 2642 respectu
619 2597 827 2630 devoventes
850 2597 1076 2642 patriarcham
1101 2600 1135 2630 et
1157 2607 1246 2630 suos.
1292 2596 1327 2630 in
1349 2599 1476 2630 tantam
1502 2594 1673 2629 licentiam

212 2647 407 2677 excesserat
430 2645 592 2689 populare
618 2642 750 2684 odium,
780 2643 907 2676 lassata
937 2642 1103 2676 diuturnis
1125 2642 1256 2676 iniuriis
1278 2642 1514 2687 plerorumque
1539 2640 1674 2686 patien-

212 2689 287 2732 tia,
309 2688 343 2722 in
366 2690 514 2723 furorem
537 2689 790 2735 conspiratione
814 2687 1035 2722 multitudinis
1058 2687 1322 2722 ineluctabiliter
1345 2687 1551 2722 saevientem
1574 2697 1676 2720 exar-

212 2735 377 2776 descens,
418 2734 619 2780 impunitate
650 2733 866 2775 necessaria,
909 2734 1094 2768 securitate
1129 2745 1266 2768 summa.
1323 2733 1440 2779 itaque
1470 2731 1676 2767 Athanasius

212 2781 364 2816 sentiens
396 2781 488 2816 haud
522 2781 642 2827 procul
670 2781 790 2816 abfore
822 2779 905 2826 quin
937 2779 1167 2826 corriperetur
1188 2779 1359 2815 sistendus
1380 2778 1541 2814 tribunali
1572 2779 1676 2824 (uam
