1820 3112
162 136 259 180 236
584 131 819 176 GEORGII
854 132 1204 179 PACHYMERIS

160 253 264 292 σθαι
294 246 491 304 πέφυκεν·
530 244 656 295 αὐτὸς
687 245 733 288 δὲ
762 242 981 300 σχεδιάσας
1009 247 1264 303 δημηγορίαν
1294 249 1529 307 πρέπουσαν
1563 255 1621 310 τῷ

108 322 137 356 Β
161 320 313 374 καιρῷ,
357 313 653 372 παρακατέχειν
683 312 936 368 βουλόμενος
963 316 1006 357 ἐκ
1033 320 1108 359 τοῦ
1135 314 1326 372 σύνεγγυς
1363 319 1461 370 τοὺς
1490 337 1624 363 συνει-

158 384 393 440 λεγμένους,
425 382 544 438 μέχρι
567 385 635 426 καὶ
659 387 734 426 τοῦ
753 381 1044 439 Ἱπποδρομίου
1067 383 1142 440 τὴν
1163 387 1365 430 λιτανείαν
1389 390 1623 446 περιορίσας

159 452 214 504 ὥς
227 450 490 508 χωρήσοντος
511 450 722 504 ἅπαντας,
755 453 1015 496 κατεναντίον
1042 453 1262 509 ἱσταμένης
1282 458 1357 510 τῆς
1376 453 1527 507 εἰκόνος
1547 462 1625 513 τῆς

157 519 440 578 θεομήτορος,
475 521 640 576 μακρὰν
667 522 735 564 καὶ
764 518 978 577 διωλύγιον
1002 526 1061 580 τῷ
1080 526 1168 580 λαῷ
1189 524 1432 569 κατετείνετο
1453 524 1655 580 ‘nium-5

157 591 374 648 μηγορίαν,
401 587 621 645 ὖποδηλῶν
642 590 716 644 μὲν
738 591 805 632 καὶ
821 587 978 645 μήνιμα
996 595 1112 634 θεῖον
1127 591 1174 634 τὸ
1194 589 1370 647 γεγονός,
1407 591 1626 651 παραπτό-

157 677 279 714 μενος
298 660 343 703 δὲ
359 661 425 702 καὶ
449 657 587 702 αὐτῶν
606 656 662 708 ὥς
678 658 840 713 ἀμελῶς
858 657 1082 715 διαγόντων
1101 661 1168 703 καὶ
1186 659 1492 718 ἀνεπιστρόφως
1510 659 1625 718 ἐχόν-

158 746 242 772 των
265 728 369 785 πρὸς
395 725 547 782 νόμους
576 728 720 778 θείους
746 729 814 770 καὶ
842 726 1120 782 δικαιώματα,
1158 728 1207 771 τὸ
1239 733 1323 773 πᾶν
1351 729 1491 784 μέντοι
1507 747 1551 786 γε
1570 733 1626 781 εἷς

110 797 141 831 0
163 797 324 842 ἀδικίαν
344 798 563 853 συγκλείων
592 794 648 846 ὥς
675 796 735 852 μὴ
758 795 885 852 οἴσης
913 797 1017 840 κατὰ
1034 798 1081 840 τὸ
1102 801 1311 854 προσῆκον
1333 802 1408 854 τῆς
1431 798 1503 855 ἐφ’
1529 797 1625 841 ἑκά-

160 882 247 925 στῳ
277 866 470 924 κρίσεως,
507 859 558 921 ἧς
590 865 641 920 δὴ
668 867 735 908 καὶ
761 865 875 925 αὐτῷ
900 867 1034 919 μέλειν
1062 870 1230 920 βασιλεῖ
1251 883 1293 923 γε
1331 866 1418 911 ὄντι
1445 865 1502 918 ὥς
1520 867 1624 918 εἰκὸς
1637 881 1681 916 10

160 933 324 991 ἔκρινεν.
393 933 513 978 ἔνθεν
541 951 604 978 τοι
645 935 713 977 καὶ
742 934 989 979 τούντεῦθεν
1029 940 1348 990 καθυπισχνεῖτο
1389 933 1625 980 συντάττειν

161 1001 279 1059 λόγον
295 1000 640 1061 χρυσοβούλλειον
661 1006 751 1060 περὶ
769 1004 959 1061 κρίσεως,
996 1006 1062 1047 καὶ
1086 1004 1282 1054 δικαστὰς
1313 1005 1559 1056 ἐκλέξασθαι
1582 1004 1626 1048 ἴκ

159 1072 201 1115 τ’
225 1072 442 1130 ἀρχιερέων
460 1072 504 1116 ἕκ
523 1072 572 1116 τ’
589 1071 724 1123 ἄλλως
745 1073 971 1130 ἱερωμένων
994 1075 1060 1116 καὶ
1078 1074 1122 1116 ἐκ
1141 1078 1224 1117 τῶν
1245 1077 1536 1130 συγκλητικῶν,
1570 1072 1626 1124 ὥς

161 1146 484 1197 συμποσοῧσθαι
503 1141 600 1191 τοὺς
621 1140 781 1192 πάντας
800 1144 855 1192 εἲς
877 1140 1049 1196 δώδεκα,
1087 1140 1148 1192 οἷς
1168 1142 1221 1198 δὴ
1244 1143 1310 1185 καὶ
1329 1140 1626 1198 ὁρκωμοτήσα-

107 1214 139 1249 Ῑ)
164 1228 228 1254 σιν
246 1206 273 1266 ἦ
291 1211 375 1266 μὴν
395 1208 722 1268 ἀδωροδοκήτως
742 1213 808 1254 καὶ
828 1209 1218 1269 ἀπροσωπολήπτως
1238 1210 1314 1260 τὰς
1338 1213 1486 1268 κρίσεις
1506 1211 1624 1270 ἐκφέ-
1637 1225 1679 1259 15

159 1297 240 1334 ρειν
260 1278 338 1322 ἀπ’
362 1280 491 1335 αὐτῆς
508 1284 580 1336 τῆς
602 1279 730 1323 αὐτοῦ
745 1281 904 1338 μητρὸς
929 1283 997 1324 καὶ
1028 1274 1242 1335 δεσποίνης
1265 1278 1359 1336 ἄχρι
1383 1282 1450 1323 καὶ
1471 1282 1527 1330 εἲς
1545 1279 1625 1323 αὗ-

156 1348 229 1391 τὸν
246 1348 318 1391 τὸν
336 1347 528 1404 τυχόντα,
565 1356 728 1400 πιστοῖς
739 1347 936 1407 χρήσαιτ’
959 1349 1010 1393 ἂν
1031 1357 1188 1406 κριταῖς
1202 1348 1308 1392 κατὰ
1327 1348 1379 1392 τὰ
1399 1346 1623 1406 ἀνάκτορα.

106 1414 138 1449 Ε
162 1419 228 1460 καὶ
259 1417 418 1461 πλεῖστ’
452 1418 559 1460 ἄλλα
582 1419 833 1474 παραινέσας
861 1419 1007 1462 ἀπέλυε
1036 1418 1109 1461 τὸν
1131 1414 1245 1461 λαόν.
1318 1417 1442 1476 (17)
1472 1417 1626 1475 ὀλίγαις

156 1487 182 1528 δ
188 1485 200 1501 '
226 1484 399 1542 ὕστερον
419 1484 590 1543 ἧμέραις
609 1489 676 1529 καὶ
698 1485 719 1530 ὅ
741 1486 1082 1544 χρυσοβούλλειος
1099 1487 1173 1541 μὲν
1195 1483 1461 1530 συντάττεται
1489 1485 1622 1543 λόγος,

159 1554 199 1597 οἱ
227 1553 268 1597 δ’
302 1554 530 1610 ἐκλέγονται
557 1553 811 1614 πρόσφοροι,
861 1558 928 1599 καὶ
957 1554 1124 1607 σύναξις
1154 1553 1274 1598 πάλιν
1303 1550 1428 1606 αὖθις
1449 1555 1556 1600 κατὰ
1571 1555 1681 1605 wizo

160 1698 281 1732 adesse
303 1701 503 1743 peroraturo
528 1699 720 1735 concionem
748 1699 886 1743 volens,
920 1700 963 1735 de
984 1700 1151 1736 industria
1178 1699 1398 1746 praescripsit
1426 1708 1625 1742 processuro

159 1744 372 1789 supplicandi
396 1757 498 1780 causa.
523 1746 612 1780 clero
637 1750 673 1780 et
696 1746 819 1792 populo
842 1747 1021 1781 terminum
1044 1747 1340 1792 Hippodromium,
1375 1745 1483 1778 locum
1507 1750 1545 1778 et
1567 1755 1625 1779 sa-

159 1789 206 1824 tis
229 1794 400 1836 patentem
425 1792 608 1837 capiendae
632 1792 850 1834 multitudini,
879 1798 915 1827 et
937 1793 1027 1838 quod
1052 1798 1144 1827 esset
1166 1804 1208 1826 ex
1231 1793 1375 1826 adverso
1398 1790 1468 1824 alte
1491 1789 1626 1835 conspi-

160 1847 244 1871 cuae
265 1836 423 1882 imaginis
444 1838 618 1893 deiparae,
642 1839 685 1873 ad
707 1839 893 1885 periculum
918 1839 1081 1885 temporis
1105 1843 1140 1873 et
1160 1849 1306 1884 pompae
1327 1835 1406 1872 talis
1428 1835 1626 1880 religionem

159 1885 454 1919 accommodatum.
500 1884 549 1919 ibi
565 1885 698 1930 longam
722 1889 758 1919 et
785 1886 963 1920 verbosam
987 1885 1030 1920 ad
1056 1887 1215 1931 populum
1241 1883 1404 1930 explicuit
1425 1882 1626 1924 orationem,

160 1929 395 1964 demonstrans
415 1930 502 1965 iram
525 1931 580 1965 dei
601 1943 678 1966 sese
700 1931 798 1966 minis
820 1931 1000 1977 plagisque
1022 1931 1268 1973 declarantem,
1291 1927 1542 1976 reprehendens
1565 1939 1627 1962 au·

162 1978 228 2008 tem
251 1975 344 2021 ipsos
365 1980 404 2010 ut
426 1977 636 2023 negligenter
665 1978 818 2012 viventes
849 1981 886 2012 et
915 1978 1005 2012 nullo
1036 1983 1194 2023 respectu
1215 1977 1327 2021 legum
1349 1975 1626 2020 sanctionumque

161 2020 345 2056 divinarum
370 2022 605 2058 administrare
626 2035 688 2070 pro
711 2024 809 2058 libitu
830 2024 995 2070 quidlibet
1015 2025 1144 2059 solitos.
1182 2023 1332 2058 ultimam
1354 2020 1524 2056 concionis
1541 2031 1627 2075 par-

161 2072 230 2100 tem
254 2068 297 2101 ad
321 2070 592 2114 conquestionem
609 2071 652 2105 de
675 2082 741 2104 non
764 2076 884 2105 exacta
905 2082 1149 2117 usquequaque
1172 2070 1216 2104 ad
1238 2079 1388 2104 normam
1409 2068 1519 2112 legum
1540 2065 1626 2100 iuris

161 2112 299 2147 dicundi
321 2115 451 2150 ratione
474 2117 626 2159 contulit,
651 2128 792 2151 causans
813 2117 903 2151 haud
927 2122 1085 2151 constare
1107 2116 1256 2158 iudiciis,
1288 2125 1356 2169 quo
1378 2113 1504 2160 passim
1525 2111 1624 2146 modo

160 2165 418 2203 exercerentur,
453 2174 566 2197 omnes
589 2175 745 2197 numeros
767 2163 1000 2198 convenientis
1022 2163 1204 2209 unicuique
1225 2159 1440 2196 rectitudinis
1462 2169 1504 2206 ac
1525 2168 1625 2211 seve-

158 2215 219 2238 rae
241 2206 442 2250 gravitatis‚
473 2221 560 2254 quae
583 2209 665 2243 nihil
687 2209 946 2244 desiderandum
978 2210 1058 2244 nihil
1079 2209 1260 2244 notandum
1282 2204 1625 2242 animadversionibus

159 2261 289 2295 aequae
323 2264 486 2288 censurae
519 2255 736 2301 relinqueret.
792 2255 981 2291 istiusmodi
1012 2257 1176 2290 abusuum
1210 2258 1272 2289 aut
1310 2248 1624 2297 reprehensibilium

157 2297 369 2332 omissionum
393 2301 657 2336 emendationem
679 2302 723 2336 ad
746 2314 839 2337 suam
860 2303 1008 2349 proprie,
1026 2302 1152 2348 quippe
1167 2299 1391 2346 imperatoris.
1406 2306 1523 2330 curam
1543 2305 1626 2340 per-

158 2341 269 2376 tinere
291 2346 410 2380 merito
433 2346 616 2383 iudicabat.
663 2359 771 2394 quare
792 2349 857 2383 iam
880 2349 960 2382 inde
984 2360 1022 2383 se
1045 2351 1162 2382 sancte
1179 2343 1329 2392 polliceri
1351 2341 1438 2376 dixit
1459 2342 1625 2395 formatu-

159 2399 232 2422 rum
255 2389 388 2436 riteque
411 2394 697 2438 promulgaturum
728 2395 1003 2429 constitutionem
1032 2393 1237 2439 imperialem
1267 2399 1372 2424 aurea
1392 2387 1625 2442 Bullmmuni-

160 2438 241 2476 tam,
265 2447 334 2482 qua
356 2439 495 2473 formam
519 2440 716 2475 iudiciorum
739 2440 925 2476 ordinaret.
972 2441 1158 2474 electurum
1180 2449 1218 2472 se
1238 2436 1368 2470 iudices
1390 2445 1433 2467 ex
1455 2443 1624 2479 episcopis

161 2483 197 2514 et
218 2480 294 2516 aliis
317 2485 562 2527 sacerdotibus,
578 2490 825 2533 praetereaque
840 2498 883 2520 ex
906 2486 1129 2526 senatoribus,
1148 2494 1289 2529 quorum
1305 2490 1463 2515 numerus
1481 2479 1623 2531 omnium

159 2526 204 2560 ad
237 2526 412 2563 duodecim
444 2531 671 2576 redigeretur.
718 2533 769 2567 his
800 2532 1015 2567 iureiurando
1053 2529 1255 2575 interposito
1290 2525 1450 2572 pollicitis
1479 2535 1518 2559 se
1549 2535 1624 2577 sine

158 2583 330 2608 munerum
352 2577 565 2623 admissione,
589 2579 661 2614 sine
683 2590 902 2624 personarum
925 2577 1132 2623 acceptione,
1155 2586 1265 2620 aeque
1285 2574 1330 2607 de
1352 2570 1491 2606 summis
1513 2574 1550 2605 et
1571 2581 1626 2604 in·-

163 2618 252 2653 fimis
274 2619 398 2656 iudicia
421 2623 571 2667 laturos,
607 2636 628 2658 a
657 2625 792 2660 domina
823 2635 885 2660 sua
916 2628 1025 2659 matre
1057 2633 1164 2667 usque
1185 2621 1229 2655 ad
1251 2618 1435 2666 quemlibet
1459 2617 1502 2651 de
1523 2616 1624 2661 vulgo

163 2664 372 2712 vilissimum,
394 2669 471 2703 fidis
494 2669 703 2716 integrisque
725 2672 759 2706 in
781 2671 908 2717 palatio
928 2669 1095 2704 iudicibus
1117 2677 1266 2701 usurum.
1312 2665 1396 2699 haec
1423 2675 1494 2698 cnm
1514 2662 1626 2717 disse-

166 2711 312 2756 ruisset,
359 2714 652 2762 admonuissetque
695 2718 834 2762 insuper
869 2717 912 2751 de
949 2715 1027 2750 aliis
1068 2712 1240 2759 plurimis,
1284 2710 1442 2757 populum
1486 2708 1626 2743 dimisit·

167 2757 249 2800 (¹7)
282 2760 400 2804 paucis
429 2766 510 2806 post
531 2762 651 2796 diebus
673 2764 840 2808 promissa
858 2761 1012 2809 superius
1035 2758 1228 2794 constitutio
1250 2756 1441 2802 conscripta
1463 2758 1500 2789 et
1521 2765 1628 2789 aurea

166 2802 258 2837 bulla
280 2805 407 2842 munita
428 2811 493 2843 est.
537 2807 648 2843 idonei
678 2820 814 2856 quoque
845 2807 968 2844 delecti
1003 2810 1082 2842 sunt
1103 2805 1241 2840 iudices.
1288 2808 1359 2838 tum
1382 2813 1488 2837 novus
1510 2810 1627 2836 rursus
