1858 3126
242 167 338 214 306
660 157 898 204 GEORGII
932 151 1285 200 PACHYMERIS

242 286 378 325 πᾶσαν
398 269 685 331 ἕπιληψόντων
707 272 782 328 τὴν
802 270 910 316 καθ’
941 269 1051 326 ἡμᾶς
1070 269 1310 326 οἰκουμένην
1331 270 1375 313 ἐκ
1395 273 1471 327 τῆς
1492 275 1574 315 τῶν
1595 274 1711 330 Περ-

242 355 325 394 σῶν
345 344 579 392 ἐπιθέσεως.

105 426 129 458 Ρ
152 426 216 460 911
383 415 460 461 15.
532 414 622 454 Τοῦ
642 408 684 452 δ’
706 408 835 452 αὗτοῢ
855 407 969 458 ἔτους
984 441 996 460 ,
1034 407 1163 463 μηνὸς
1184 407 1404 457 ἐνεστῶτος
1419 405 1714 465 Ἰαννουαρίου,

245 487 290 531 ὃν
318 486 356 529 οἳ
388 484 459 526 τὸν
476 481 707 537 Ἄσκρηθεν
728 478 900 533 ποιητὴν
921 475 1182 533 ἐξηγούμενοι
1202 478 1436 531 Ληναιῶνα
1469 476 1565 519 κατ’
1583 476 1714 533 Ἀθη-

243 556 382 604 ναίους
402 552 558 607 ἔλεγον,
595 548 670 591 οὐκ
691 547 858 604 ὃρθῶς,
897 544 1034 600 οἶμαι,
1073 546 1188 588 εἶκαὶ
1206 543 1322 600 ἡμεῖς
1341 545 1381 586 ἐν
1402 551 1487 596 τοῖς
1506 545 1614 588 καθ’
1637 545 1747 589 ati-5

243 624 340 673 τοὺς
367 623 653 667 ἐποποιοῦντες
675 622 726 674 τῇ
745 617 905 659 ἐκείνων
921 612 1269 670 ἠκολουθήκειμεν
1295 611 1476 670 ἐξηγήσει
1509 614 1718 674 (ἀκριβῶς

245 693 323 751 γὰρ
349 691 562 746 Ἀθηναῖοι
592 687 665 730 τὸν
695 685 800 728 κατὰ
827 683 1055 739 Ῥωμαίους
1079 680 1356 740 Ἰαννουᾶριον
1378 681 1718 738 Ἑκατομβαιῶνα

194 772 224 806 Β
248 762 437 819 λέγουσι)
451 791 462 812 ,
497 756 603 800 κατὰ
634 759 782 798 τοῦτον
811 749 883 796 οἷν
911 754 1104 807 θεμέλιον
1126 756 1290 809 πρῶτον
1311 756 1386 808 τῆς
1405 750 1575 809 σελήνης
1598 751 1718 807 ἐχού-

243 849 319 887 σης
355 830 532 880 ἔκλειψις
566 821 721 878 ταύτης
760 823 995 878 ξυμπίπτει,
1041 826 1123 865 τῶν
1161 826 1237 876 τῆς
1278 819 1504 878 ἐπιστήμης
1544 825 1718 872 ξυνετῶν

244 905 303 960 τῷ
327 901 492 954 βασιλεῖ’
508 890 798 952 προειπόντων.
871 892 936 934 καὶ
958 889 1071 947 ἡμεῖς
1094 888 1202 934 οὕτω
1223 907 1309 941 πως
1332 892 1374 934 ἐν
1402 897 1488 941 τοῖς
1507 888 1717 949 ἡμετέροις
1731 897 1774 933 10

242 966 514 1027 γεγράφαμεν.

468 1033 566 1089 μηνὶ
586 1031 630 1074 δὲ
647 1032 827 1087 Ληναιῷ
847 1025 990 1085 πρώτη
1010 1025 1131 1083 βάσις
1150 1028 1297 1072 ἵστατο
1319 1025 1467 1085 μήνης,

466 1101 492 1158 ἣ
516 1098 735 1156 διχόμηνος
757 1097 846 1153 ἔήν,
883 1100 951 1140 καὶ
969 1098 1021 1152 δὴ
1043 1099 1167 1155 φθίνε
1187 1097 1292 1141 καλὰ
1314 1095 1530 1153 πρόσωπα,

192 1190 222 1223 c
467 1172 536 1215 καὶ
559 1166 651 1212 τότε
674 1167 819 1217 νυκτὸς
839 1167 894 1210 ἐνὶ
918 1164 1091 1224 τριτάτῃ
1112 1167 1257 1222 σχεδὸν
1279 1164 1522 1223 ἕσπερίηθεν

466 1237 599 1293 λάμπ’
623 1238 851 1294 ἐπιδίφριος
863 1268 876 1289 ,
910 1236 1059 1293 αἴφνης
1081 1237 1126 1278 δὲ
1149 1233 1376 1278 σκοτόεσσα
1393 1235 1575 1289 τέτυκτο,
1731 1248 1774 1283 15

467 1306 674 1363 ἄρξαμένη
697 1305 750 1349 τὰ
773 1304 906 1361 πρῶτ’
933 1304 1124 1348 ἔκλείπειν
1145 1304 1405 1359 ἄντολίηθεν,

467 1375 596 1433 μέσφ’
621 1374 694 1430 ὅλη
716 1372 992 1428 ἐξαπόλωλεν,
1024 1373 1094 1431 ἔφ’
1117 1372 1204 1432 ὥρῃ
1223 1374 1351 1429 μηδὲν
1373 1374 1514 1419 ἐοῦσα.

469 1444 580 1501 ὥρης
601 1445 646 1487 δὲ
664 1445 804 1500 τρίτον
825 1443 941 1498 ἔσβη.
997 1442 1104 1500 ἀτὰρ
1128 1440 1333 1500 ἀπήρχετο
1353 1441 1554 1500 φῶσκειν,,

196 1522 227 1555 D
473 1516 540 1557 καὶ
561 1511 682 1555 πάλιν
703 1512 947 1567 ἇντολίηθεν
968 1513 1009 1563 ἒς
1029 1511 1139 1568 ὥρην
1161 1511 1331 1567 ἴμπλεος
1353 1507 1478 1556 ὦπτο.

469 1580 600 1637 τόρρα
620 1583 688 1623 καὶ
707 1582 748 1630 ἐς
767 1570 952 1637 μετέωρα
972 1579 1110 1630 ἔειὸὥς
1127 1597 1187 1630 τις
1209 1581 1326 1632 Ξέιπε,
1395 1593 1397 1595 ’
1727 1598 1773 1632 20

467 1653 538 1694 καί
557 1668 598 1706 γε
618 1649 716 1692 ἰδὼν
739 1647 958 1704 θηήσατο,
996 1648 1043 1699 ὅς
1060 1666 1103 1706 γε
1120 1646 1389 1706 προμάνθαν’
1416 1646 1611 1700 ἀκούσας.

339 1738 373 1773 4.
397 1733 466 1773 τὸν
489 1737 621 1771 deerat.
761 1736 815 1770 12.
839 1737 940 1781 μῆνα
963 1735 1004 1770 Ρ.
1145 1736 1199 1771 18.
1225 1732 1324 1781 ἅτᾶρ
1347 1732 1430 1771 τότ’
1442 1734 1478 1769 ?'

248 1807 451 1847 universam,
473 1815 572 1850 quam
596 1803 666 1838 late
689 1803 902 1845 extenditur,
936 1802 1159 1838 continentem
1183 1805 1270 1838 hanc
1292 1807 1442 1839 nostram
1465 1809 1721 1852 oppresserunt,

247 1853 395 1898 undique
418 1850 631 1895 ingruentia,
654 1860 697 1883 ex
723 1849 904 1883 Persarum
926 1849 960 1882 in
983 1850 1046 1884 hoc
1069 1850 1245 1895 imperium
1266 1850 1467 1896 irruptione.

344 1898 398 1934 15.
449 1897 578 1932 Eodem
595 1907 693 1938 anno,
717 1906 832 1929 mense
855 1900 1014 1930 currente
1037 1896 1207 1939 Ianuario,
1230 1908 1331 1942 quem
1346 1891 1563 1933 enarufitores
1579 1898 1719 1934 Ascraei

249 1948 374 1991 poetae
397 1944 579 1978 Lenaeona
602 1941 729 1976 dictum
752 1941 1014 1976 Atheniensibus
1037 1943 1191 1986 tradunt,
1215 1954 1281 1976 non
1305 1946 1411 1986 recte,
1435 1947 1475 1978 ut
1497 1944 1630 1998 opinor,
1653 1945 1718 1980 etsi

251 2002 334 2033 nos,
358 2002 432 2024 cum
456 1989 546 2034 apud
568 1988 660 2034 ipsos
685 1999 822 2022 carmen
844 1999 1068 2034 pangeremus
1092 1989 1155 2033 ²⁶¹),
1188 2001 1304 2024 eorum
1327 1989 1530 2036 expositioni
1552 1990 1719 2026 adhaese—

251 2036 356 2070 rimus
390 2038 454 2080 (re
477 2046 562 2070 vera
584 2034 692 2076 enim,
723 2042 823 2080 quem
846 2035 990 2070 Romani
1012 2035 1204 2070 Ianuarium
1230 2039 1376 2078 vocant,
1400 2035 1623 2072 Athenienses
1645 2037 1719 2072 fle-

252 2082 525 2116 catombaeonem
550 2081 770 2126 appellant),
805 2091 879 2114 cum
907 2080 1014 2125 igitur
1044 2081 1170 2125 primus
1199 2082 1299 2116 lunae
1323 2094 1345 2116 a
1367 2082 1534 2118 novilunio
1557 2094 1718 2128 progres-

252 2139 310 2161 sus
335 2139 408 2161 cum
433 2128 495 2161 hoc
517 2138 633 2160 mense
654 2126 857 2172 incepisset,
891 2138 934 2160 ea
958 2126 1137 2172 plenilunio
1161 2128 1196 2162 in
1229 2127 1412 2174 deliquium
1443 2128 1584 2171 incidit,
1614 2134 1718 2174 prout

250 2172 449 2217 imperatori
473 2172 716 2218 praedixerant
738 2173 1037 2207 astronomicarum
1059 2173 1164 2219 periti
1186 2175 1366 2210 rationum.
1403 2173 1442 2209 id
1457 2185 1519 2210 nos
1532 2174 1716 2221 deliquium

251 2218 375 2253 nostris
398 2219 491 2254 hisce
513 2218 689 2252 versiculis
711 2219 960 2263 descripsimus.
1110 2223 1114 2225 “

471 2264 580 2308 prima
601 2264 688 2297 viam
711 2265 848 2309 signant
870 2265 976 2310 primo
999 2265 1148 2311 vestigia
1169 2277 1285 2301 mense

470 2310 571 2343 lunae
593 2309 732 2344 orientis
755 2310 864 2344 adhuc
885 2311 1043 2356 facieque
1066 2312 1214 2346 bicornis
1237 2311 1360 2347 hiulca,
1389 2342 1393 2345 s

472 2354 582 2388 crevit
605 2355 682 2395 ubi,
706 2360 742 2389 et
765 2356 875 2390 noctis
896 2358 970 2391 fere
991 2357 1096 2391 tertia
1117 2358 1265 2392 volvitur
1285 2358 1383 2400 hora,

472 2399 670 2444 splendente
692 2400 861 2436 invectam
883 2414 984 2436 curru
1007 2403 1117 2447 caligo
1138 2407 1280 2447 repente

471 2445 602 2487 inficit,
626 2445 735 2479 ortiva
757 2447 919 2490 paulatim
942 2459 963 2482 a
986 2453 1085 2494 parte
1109 2449 1315 2491 subintrans,

475 2491 688 2532 continuam,
711 2492 824 2536 quoad
846 2492 994 2536 interiit,
1018 2493 1141 2528 sensim
1163 2494 1306 2536 hausta,
1333 2504 1395 2539 per
1417 2493 1544 2529 horam.

474 2539 579 2581 atque
596 2537 723 2570 triente
745 2537 848 2571 horae
870 2538 968 2582 nigra
989 2539 1154 2584 perstitit.
1199 2539 1276 2574 inde
1297 2550 1472 2575 resumens

474 2582 550 2617 Eoo
575 2593 595 2616 a
615 2581 716 2616 limbo
740 2582 870 2624 lucem,
892 2586 965 2618 tota
988 2585 1071 2618 eluit
1093 2585 1178 2619 hora

474 2632 608 2662 noctem
630 2627 674 2662 de
695 2627 808 2671 vultu,
830 2632 867 2662 et
888 2630 989 2674 pleno
1011 2641 1144 2664 rursum
1167 2630 1291 2666 emieat
1312 2642 1385 2672 ore,

475 2678 570 2708 astra
592 2676 692 2718 prout
713 2674 892 2719 speculans
914 2675 1133 2720 praedixerat
1154 2682 1234 2711 ante
1255 2676 1430 2722 magister.

474 2719 716 2766 spectavitque
738 2719 856 2755 oculus
878 2721 970 2766 quod
993 2722 1037 2756 ab
1059 2721 1116 2756 illo
1138 2723 1316 2759 audiverat
1339 2726 1440 2759 auris.

351 2810 394 2854 *)
440 2809 560 2845 immo:
581 2821 643 2846 noe
666 2810 704 2845 ἰπ
724 2811 800 2847 vita
821 2816 950 2850 nostra.
