1858 3126
232 139 329 185 298
655 140 894 185 GEORGH
928 143 1282 191 PACHYMERIS

225 253 301 310 τὴν
332 250 465 308 λύπην
494 251 612 308 ἠξίου
639 255 707 297 καὶ
733 256 1016 313 μικροψυχίας
1055 253 1191 314 πάσης
1224 258 1509 318 ἀπαλλαγέντα
1538 268 1613 320 τῆς
1643 283 1706 308 τι·-
1738 271 1741 274 ’

226 326 309 378 μῆς
326 321 508 377 ἔχεσθαι.
578 322 706 366 ταῦτ’
742 319 817 368 οὖν
845 325 995 375 ἐκεῖνος
1026 330 1210 384 λιπαρῶς
1236 327 1377 384 ἠξίου,
1413 334 1482 375 καὶ
1509 333 1607 384 τοὺς
1628 333 1704 377 ἄλ-

177 395 209 429 Ι)
233 396 330 440 λους
357 389 434 445 εἶχε
460 389 752 443 ξυναξιοῦντάς
780 411 823 436 τε
854 396 922 438 καὶ
955 397 1275 450 συμπείθοντας.
1346 397 1570 446 κάντεῦθεν
1588 400 1609 446 ὅ
1628 420 1702 459 γη·-

226 460 341 516 ραιὸς
357 460 504 510 ἐκεῖνος
520 464 796 515 μαλακισθεὶς
818 458 887 522 (ἦν
903 463 981 521 γὰρ
1003 471 1094 516 ταῖς
1113 464 1329 521 ἀληθείαις
1350 469 1417 511 καὶ
1438 468 1515 525 τὴν
1535 468 1702 527 γνώμην

226 528 455 586 εὐένὸοτος)
469 562 482 583 ,
519 534 825 588 παροτρυνθεὶς
852 535 909 583 εἷς
941 537 1064 577 τοῦτο
1094 536 1162 577 καὶ
1187 535 1300 592 παρὰ
1333 541 1417 580 τῶν
1436 539 1551 581 ῗδίων
1569 552 1734 588 κατα-5

225 595 351 651 νεύει,
390 600 458 642 καὶ
477 603 646 654 βασιλεῖ
659 600 841 652 ἀξιοῦντι
859 603 1070 656 πείθεται,
1108 605 1178 646 καὶ
1193 609 1535 662 καθυπισχνεΐται
1556 607 1702 652 αὐτίκα

225 668 307 710 ἐκεῖ
323 664 452 722 μόνον
468 669 664 723 μείναντα
682 668 759 713 ὑπ’
785 670 916 728 αὐγὰς
941 672 1017 722 τὰς
1046 670 1215 730 πρώτας
1246 673 1294 716 τὸ
1318 683 1609 733 πατριαρχεΐον
1627 695 1704 720 κα·-

225 740 435 791 ταλαβεΐν.
505 737 639 795 γέγονε
665 743 815 793 τοῦτο,
854 742 922 783 καὶ
949 739 975 796 ἦ
1007 745 1082 796 τῆς
1102 739 1350 799 ὗπαπαντῆς
1379 742 1500 802 ἑορτὴ
1522 745 1596 790 τὸν
1620 764 1704 790 πα-

226 803 514 864 τριάρχηνέπὶ
539 812 615 863 τῆς
635 809 850 864 ἐκκλησίας
871 807 965 870 δρᾷ.
1432 855 1435 857 ,

359 875 476 918 Ἀλλ’
493 876 569 920 οὐκ
587 872 638 933 ἦν
659 879 727 920 καὶ
750 880 922 930 ἐσαῦθις
939 878 1011 923 τὸν
1030 883 1105 923 τοῦ
1128 884 1323 936 Τελχῖνος
1338 880 1501 939 ἠρεμεῖν
1520 879 1698 939 φθόνον,
1715 893 1759 928 10

86 941 113 975 Ρ
138 944 205 980 205
231 942 357 1003 (10)
395 944 495 988 ἀλλ’
520 944 643 1004 ἔαρος
669 945 888 999 ἐνστάντος
919 950 1108 992 ἐντεῦθεν
1137 952 1205 992 καὶ
1223 954 1306 994 τῶν
1331 951 1571 1006 πασχαλίων
1595 953 1704 996 διελ-

228 1018 400 1058 θουσῶν
423 1013 444 1058 ὅ
472 1017 563 1071 περὶ
590 1020 666 1059 τοῦ
691 1016 867 1073 Ἐφέσου
879 1014 1071 1061 Ἰωάννου
1102 1015 1223 1075 λόγος
1241 1025 1420 1066 κινεῖται.
1490 1022 1558 1064 καὶ
1579 1025 1703 1076 βασι-

227 1083 320 1134 λεὺς
337 1084 411 1139 μὲν
432 1082 559 1135 αὐτὸς
589 1083 799 1142 ὁμολογῶν
827 1088 885 1137 εἲς
903 1086 1030 1130 αὐτὸν
1059 1084 1281 1145 ἁμαρτεῖν,
1304 1115 1354 1120 —
1377 1088 1579 1146 μηδὲγὰρ
1601 1088 1703 1133 εἶναι

228 1152 355 1197 ἄλλον
386 1153 460 1197 τὸν
488 1152 828 1212 καθαιρήσοντα,
864 1155 970 1198 ἀλλὰ
997 1153 1125 1211 μόνον
1156 1156 1202 1200 τὸ
1225 1157 1421 1215 σφέτερον
1441 1158 1608 1213 θέλημα
1633 1159 1702 1202 διὰ

226 1222 274 1265 τὸ
297 1223 363 1266 ἐπὶ
383 1227 458 1265 τοῦ
477 1225 518 1265 Γ
516 1225 709 1280 ρηγορίου
730 1223 988 1278 σκάνδαλον,
1021 1225 1080 1281 μὴ
1112 1233 1198 1277 τοῖς
1229 1225 1370 1277 ἄλλοις
1387 1226 1572 1270 κάκείνου
1593 1243 1700 1282 συμ-
1714 1236 1756 1272 15

176 1292 204 1326 Β
228 1292 447 1345 βαίνοντος
470 1291 541 1349 ἐφ’
564 1287 675 1353 ᾧπερ
697 1292 908 1351 ὁμολογεῖν
922 1292 1023 1338 εἶναι
1042 1294 1190 1338 ἐκεῖνον
1208 1297 1418 1356 παρρησίᾳ
1438 1295 1578 1351 μηδὲν
1589 1311 1703 1354 σφα-

229 1360 348 1404 λέντα
375 1362 440 1404 ἐπὶ
471 1368 558 1412 τοῖς
591 1359 816 1420 δόγμασιν,
864 1362 1002 1407 ἔπειτα
1023 1364 1068 1406 δὲ
1098 1363 1172 1419 τὴν
1194 1365 1344 1408 ἐκείνου
1367 1365 1615 1422 παραίτησιν
1634 1364 1702 1408 δέ·

224 1434 390 1485 χεσθαι.
461 1432 530 1473 καὶ
553 1431 622 1474 διὰ
643 1437 767 1476 τοῦτο
786 1430 1025 1492 ὑψίθρονον
1050 1431 1151 1476 ὅντα
1167 1433 1362 1487 βασιλεὺς
1391 1434 1580 1490 ἐπίτηδες
1600 1432 1702 1477 ὖπε-

227 1497 339 1553 χᾶλα
358 1500 427 1543 καὶ
448 1504 500 1557 τῇ
525 1500 645 1559 κέλλῃ
667 1501 883 1559 παρέβυεν.
954 1501 1080 1552 αὐτὸς
1098 1505 1196 1558 γοῦν
1215 1500 1520 1559 ἀναλαμβάνων
1540 1502 1615 1559 τὴν
1639 1521 1702 1547 τι-

227 1677 308 1711 ceps
331 1677 370 1701 se
392 1666 524 1709 adiret,
551 1669 588 1701 et
610 1667 643 1701 ei
666 1667 857 1712 gratificari
879 1667 1058 1702 efficiendo
1081 1678 1170 1713 quae
1193 1667 1307 1702 vellet.
1353 1670 1485 1702 tantum
1507 1666 1638 1710 oravit,
1663 1670 1701 1702 ut

226 1713 344 1748 laxata
367 1713 600 1748 contractione
623 1715 747 1757 animi,
781 1718 817 1749 et
853 1715 942 1748 omni
969 1713 1174 1758 aegrimonia
1197 1713 1451 1759 suspiciosaque
1471 1713 1617 1749 tristitia
1638 1714 1701 1748 de-

227 1759 352 1804 posita,
375 1764 563 1794 resumeret
585 1760 786 1795 exercitium
811 1771 894 1796 suae
917 1760 1121 1806 potestatis,
1154 1764 1190 1794 et
1221 1759 1405 1794 honoribus
1428 1760 1488 1794 tali
1510 1759 1700 1806 sacerdotio

229 1805 355 1840 debitis
378 1805 443 1840 coli
466 1817 505 1841 se
535 1807 673 1842 sineret.
720 1807 806 1842 haec
833 1807 945 1842 laetus
977 1807 1203 1852 renidensque
1236 1806 1424 1851 imperator
1452 1817 1528 1840 cum
1559 1805 1701 1848 diceret,

230 1852 468 1887 adiuvantibus
490 1863 553 1898 pro
577 1864 616 1888 se
637 1865 774 1899 quoque
797 1854 928 1888 cunctis
950 1853 1009 1898 qui
1031 1853 1194 1894 aderant,
1228 1857 1266 1886 et
1288 1851 1454 1886 communi
1475 1863 1618 1887 assensn
1642 1863 1703 1887 ea-

230 1899 307 1933 dem
330 1899 540 1943 rogantibus,
565 1900 730 1935 emollitus
752 1900 898 1946 denique
921 1910 1026 1935 senex
1060 1904 1131 1934 est:
1166 1903 1244 1933 erat
1265 1899 1354 1933 enim
1375 1910 1415 1933 re
1436 1909 1518 1933 vera
1541 1897 1703 1933 flexibilis

231 1945 275 1979 ad
299 1944 475 1980 suasiones
499 1945 704 1989 amicorum,
727 1946 779 1981 vir
802 1946 891 1981 haud
914 1947 1131 1992 praefractae
1156 1944 1290 1988 mentis,
1313 1956 1378 1979 nec
1399 1944 1703 1988 praeiudicatomm

230 1991 390 2036 pertinax
421 2002 590 2027 sensuum.
638 1993 698 2027 sed
730 1997 766 2028 et
799 1993 887 2027 hanc
909 1992 1051 2027 hominis
1075 1992 1119 2026 ad
1143 1991 1264 2038 aequis
1286 1991 1568 2036 acquiescendum
1589 1990 1704 2037 proni-

231 2042 337 2071 tatem
360 2038 544 2073 familiares
566 2042 647 2074 tunc
670 2040 742 2074 eius
766 2041 1018 2085 promoverunt,
1042 2038 1172 2083 ipsum,
1197 2042 1236 2072 ut
1257 2037 1458 2083 persuaderi
1479 2037 1545 2071 sibi
1566 2042 1703 2083 patere-

232 2088 288 2118 tur
311 2084 403 2129 quod
427 2096 542 2120 omnes
565 2086 742 2131 optabant,
756 2086 988 2120 adhortantes.
1035 2085 1154 2119 annuit
1174 2096 1257 2128 ergo
1279 2083 1458 2129 postulatis
1478 2082 1703 2128 imperatoris,

232 2135 268 2163 et
291 2129 324 2163 ei
347 2131 501 2174 promisit
523 2143 562 2166 se
585 2144 650 2167 non
673 2133 750 2178 plus
771 2132 808 2167 in
830 2143 896 2178 quo
922 2134 999 2166 erat
1020 2131 1202 2165 haesurum
1222 2131 1310 2172 loco,
1328 2141 1430 2176 quam
1452 2134 1614 2176 quantum
1635 2139 1704 2163 nox

232 2182 304 2209 tum
327 2174 531 2222 intempesta
556 2183 716 2223 cogeret;
751 2179 860 2224 primo
883 2178 1029 2213 diluculo
1051 2178 1087 2212 in
1110 2178 1212 2212 aedes
1234 2176 1479 2222 patriarchales
1499 2175 1702 2219 remigratu-

230 2232 319 2255 rum.
365 2233 429 2256 nec
461 2224 623 2268 pollicitis
654 2225 741 2260 fides
777 2225 909 2260 abfuit:
940 2236 1018 2259 nam
1052 2223 1298 2270 postridianum
1320 2223 1545 2268 Hypapantes
1578 2223 1702 2255 festum

230 2266 463 2314 patriarcham
487 2270 683 2306 ministeriis
706 2271 812 2306 sacris
833 2272 1003 2306 redditum
1025 2281 1144 2305 rursus
1165 2269 1254 2304 vidit
1273 2269 1309 2303 in
1330 2267 1485 2303 ecclesia·

325 2313 540 2359 Quamquam
562 2328 605 2350 ne
629 2321 829 2363 perpetuum
854 2319 904 2352 sic
925 2317 1074 2352 restituti
1094 2316 1208 2351 officio
1230 2314 1398 2361 praesulis
1417 2311 1578 2358 gaudium
1599 2313 1702 2357 foret,

231 2358 323 2394 haud
360 2360 496 2394 abstitit
529 2361 634 2396 invidi
666 2364 840 2398 daemonis
873 2363 1064 2409 malignitas
1095 2363 1206 2396 denuo
1236 2360 1364 2396 conari.
1409 2359 1503 2403 (10)
1527 2361 1700 2392 caeterum

232 2417 315 2440 vere
335 2405 416 2440 inde
440 2411 620 2442 consecuto
652 2413 689 2443 et
710 2409 931 2444 Paschalibus
961 2409 1058 2444 feriis
1091 2408 1237 2453 elapsis,
1254 2410 1257 2413 '
1273 2416 1376 2440 causa
1397 2404 1535 2439 Ioannis
1558 2404 1702 2449 Ephesii

230 2452 413 2487 retractari
435 2458 560 2498 coepta
583 2457 647 2488 est.
694 2466 736 2488 ac
765 2455 950 2500 imperator
973 2455 1108 2500 quidem
1131 2454 1222 2487 ultro
1245 2451 1421 2498 poenitens
1442 2450 1616 2484 fatebatur
1633 2451 1703 2485 -ini-

235 2509 304 2544 que
325 2499 369 2533 ab
393 2510 430 2533 se
454 2511 528 2534 cum
551 2499 608 2533 illo
633 2503 770 2542 actum,
797 2501 925 2546 quippe
947 2501 1007 2546 qui
1030 2500 1102 2534 eius
1124 2500 1209 2534 falso
1231 2496 1411 2533 insimulati
1432 2496 1702 2542 participationis

234 2545 389 2579 scandali
411 2545 631 2590 Gregoriani‚
656 2557 767 2592 eoque
790 2546 905 2581 adacti
928 2547 972 2580 ad
994 2545 1253 2580 renuntiandam
1275 2543 1486 2588 dignitatem,
1503 2543 1619 2578 volens
1638 2544 1703 2578 ab·

233 2590 436 2626 dicationem
468 2592 677 2638 recepisset,
721 2593 910 2637 thronoque
947 2592 996 2626 sic
1036 2592 1204 2625 deiectum
1236 2590 1323 2624 cella
1351 2588 1555 2624 inclusisset.
1601 2600 1702 2635 quam

234 2648 330 2672 suam
352 2637 550 2673 iniustitiam
572 2643 611 2673 ut
634 2639 876 2684 quamprimum
898 2639 1107 2683 agnoscebat
1130 2636 1343 2678 emendaret,
1376 2635 1534 2681 profiteri
1556 2647 1595 2670 se
1615 2647 1705 2670 nunc

234 2683 347 2728 palam
369 2684 528 2719 Ioannem
549 2684 759 2731 Ephesinum
791 2684 925 2718 minime
958 2683 1144 2718 assensisse
1175 2683 1322 2717 caeteris
1355 2681 1393 2715 in
1413 2693 1501 2728 pace
1522 2681 1607 2716 inita
1628 2692 1703 2716 cum

237 2730 431 2776 Gregorio,
455 2742 566 2778 neque
588 2730 772 2777 quidquam
795 2730 922 2766 erroris
943 2733 1063 2765 contra
1095 2730 1218 2776 dogma
1248 2727 1466 2764 conscivisse.
1512 2731 1584 2762 tum
1613 2727 1704 2773 quod

238 2780 316 2810 erat
344 2777 407 2811 tali
436 2777 658 2813 declarationi
687 2787 918 2823 consequens,
946 2776 1037 2810 idem
1058 2776 1232 2821 Augustus
1261 2780 1418 2810 retexere
1446 2774 1533 2820 male
1565 2785 1645 2809 orsa
1667 2776 1705 2807 et

236 2822 420 2859 restituere
451 2824 487 2859 in
509 2824 676 2870 integrum
699 2823 927 2870 dignitatique
947 2822 1093 2859 reddere
1115 2833 1214 2868 quem
1237 2832 1415 2869 perperam
1437 2819 1622 2856 evertisset
1642 2830 1703 2854 vo-
