1858 3126
239 187 338 235 788
592 222 597 226 ,
643 186 956 230 OBSERVAT.
987 186 1302 232 PAGHYMER.

238 297 367 336 tesimi
387 295 515 345 tertii,
543 296 584 332 et
609 294 646 331 si*
669 294 842 332 decimus
862 306 885 330 a
910 294 979 331 tali
1003 293 1152 346 epocha
1172 295 1308 334 fuisset
1327 295 1543 347 explendus
1559 310 1700 348 annus,

242 364 492 405 perseverare
508 350 612 388 idem
632 350 785 389 clausus
804 351 845 388 in
860 350 937 388 isto
954 350 1041 389 loco
1064 351 1262 389 debuisset
1286 365 1411 403 usque
1433 353 1485 390 ad
1506 356 1557 394 16
1573 355 1698 392 Octo-

241 410 323 448 bris
343 409 582 459 insequentis
607 407 709 445 diem
724 436 735 457 ,
765 421 787 444 a
813 420 892 457 quo
915 406 996 445 dies
1023 410 1073 448 19
1096 408 1265 446 Ianuarii
1294 421 1439 447 novem
1458 409 1538 447 sere
1569 410 1700 448 solidis

241 467 352 503 abest
369 464 566 503 mensibus
578 495 589 513 ‚
618 469 783 514 apparet
803 476 919 513 quam
935 463 985 501 ad
1003 476 1140 501 verum
1160 470 1296 502 exacte
1317 465 1479 502 definita
1499 463 1700 503 Athanasii

240 523 283 560 in
301 521 485 559 Cosmidii
504 521 740 558 monasterio
760 526 909 557 secreta
928 518 1120 558 habitatio
1143 521 1261 558 suerit
1281 521 1410 573 spatio
1429 522 1606 573 praeciso
1628 521 1701 560 de-

242 591 326 616 cem
343 589 538 615 annorum
550 604 562 621 ‚
592 577 726 614 miuus.
744 589 886 614 novem
906 576 1113 616 mensibus.

354 634 420 672 111.
478 633 584 671 Haec
600 639 816 682 utcumque
842 646 923 670 non
950 633 1140 670 inutiliter
1155 632 1196 670 in
1218 645 1302 671 rem
1319 639 1499 671 nostram
1513 638 1703 672 annotata

243 696 349 738 sunt,
358 704 438 728 non
449 690 661 727 absolvunt
673 695 801 727 tamen
811 690 1051 740 propositam
1061 689 1108 727 de
1119 691 1310 741 principio
1322 691 1444 728 etfine
1454 689 1704 742 patriarcha-

243 754 310 786 tus
326 747 484 785 Ioannis
503 747 663 783 cosmae
683 746 965 795 quaestionem,
999 746 1191 795 siquidem
1209 746 1241 783 is
1259 759 1332 783 uec
1350 745 1552 785 inchoavit
1571 745 1704 784 statim

242 817 266 841 a
295 815 452 841 recessu
480 801 684 840 Athanasii
713 802 755 839 in
789 802 1069 839 monasterium
1095 803 1304 850 Cosmidii,
1332 815 1405 840 nec
1433 815 1478 840 eo
1505 808 1704 841 momento

243 860 360 898 desiit
381 872 461 910 quo
487 858 737 896 Andronicus
756 857 1012 897 Athanasium
1042 858 1210 896 eundem
1231 859 1285 896 ibi
1313 859 1511 897 convenit.
1568 858 1636 897 sed
1655 857 1706 896 de

242 916 357 955 initio
385 915 545 966 quidem
568 915 672 952 clare
703 914 826 952 tradit
850 914 1106 966 Pachymeres
1126 929 1164 965 p.
1187 916 1267 956 186
1293 928 1332 954 v.
1355 918 1404 965 9,
1435 914 1612 954 kalendis
1639 914 1706 952 Ia-

243 972 372 1011 nuarii
394 972 579 1009 Ioannem
599 971 776 1008 cosmam
798 971 874 1008 rite
895 972 1012 1009 fuisse
1031 972 1306 1022 inauguratum
1330 971 1605 1022 patriarcham.
1633 983 1707 1008 nec

245 1029 412 1067 dubium
433 1041 482 1066 ex
502 1033 590 1066 toto
612 1033 803 1065 contextu
822 1040 956 1065 rerum
984 1033 1075 1066 ante
1102 1040 1148 1064 ac
1174 1035 1263 1078 post
1283 1027 1339 1064 ibi
1363 1034 1611 1066 narratarum
1635 1032 1707 1076 est,

245 1085 342 1136 quin
362 1084 459 1122 istae
480 1084 671 1122 kalendae
693 1084 891 1121 Ianuariae
910 1084 1055 1123 suerint
1077 1085 1254 1134 proxime
1280 1091 1433 1122 secutae
1450 1089 1540 1135 post
1559 1083 1707 1121 disces-

244 1155 333 1179 sum
355 1153 376 1178 e
401 1139 642 1191 patriarchio
660 1139 860 1178 Athanasii
886 1147 925 1178 et
943 1139 1061 1178 huius
1083 1139 1336 1177 inclusionem
1357 1141 1398 1178 in
1425 1140 1708 1178 monasterium

245 1196 447 1246 Cosmidii,
477 1209 594 1247 quam
619 1199 669 1238 16
690 1196 754 1234 die
776 1197 956 1234 Octobris
976 1196 1066 1234 anni
1086 1196 1231 1233 Christi
1253 1198 1358 1237 1293
1379 1195 1582 1247 contigisse
1602 1195 1707 1234 vidi-

247 1267 348 1295 muS.
405 1259 559 1290 maneat
579 1252 698 1303 igitur
716 1266 788 1303 pro
810 1260 917 1291 certo
937 1253 1117 1291 [oannem
1137 1254 1314 1289 Cosmam
1332 1266 1354 1289 a
1372 1253 1549 1290 kalendis
1565 1252 1707 1290 Ianua-

246 1310 316 1349 riis
341 1309 432 1347 anni
453 1309 600 1347 Christi
624 1307 730 1350 1294
749 1322 926 1360 praeesse
945 1308 1198 1361 patriarchali
1220 1314 1412 1359 potestate
1428 1309 1707 1347 Constantino-

247 1366 446 1417 politanae
471 1365 652 1403 ecclesiae
681 1366 863 1416 coepisse„
921 1366 1010 1415 quia
1035 1378 1130 1404 vero
1160 1364 1338 1414 quando,
1368 1378 1511 1403 novem
1533 1366 1643 1402 annis
1669 1369 1709 1401 et

247 1422 466 1460 octodecim
486 1422 624 1460 diebus
646 1421 739 1459 inde
760 1423 1027 1470 vertentibus,
1056 1421 1304 1459 Andronicus
1325 1422 1538 1473 imperator
1555 1421 1708 1472 episco-

246 1491 318 1528 pos
341 1479 488 1516 clerum
508 1482 549 1515 et
570 1478 762 1529 populum
783 1490 912 1516 secum
934 1478 1080 1516 ducens
1098 1476 1357 1515 Athanasium
1383 1478 1500 1526 adiit,
1529 1476 1708 1515 nondum

246 1534 449 1571 manifeste
485 1535 641 1572 Cosmas
678 1534 873 1573 abiecerat
909 1535 1187 1586 possessionem
1225 1533 1497 1585 patriarchalis
1531 1532 1707 1580 honoris,

249 1602 366 1639 quem
397 1603 468 1626 nec
495 1591 575 1639 ipse
604 1589 840 1628 Athanasius
868 1597 1082 1640 utcumque
1108 1597 1206 1628 tunc
1237 1589 1411 1628 delatum
1437 1589 1594 1627 admisit
1613 1618 1624 1637 ,
1667 1593 1709 1626 et

248 1646 407 1683 'Gosmas
436 1651 591 1696 postea,
615 1645 700 1695 ipso
723 1646 870 1683 fatente
898 1647 1132 1696 imperatore
1165 1645 1295 1683 adhuc
1326 1645 1546 1697 patriarcha
1571 1657 1707 1693 verus,

249 1700 367 1738 etiam
381 1707 427 1739 ut
442 1701 530 1738 talis
546 1700 786 1738 anathemati
802 1701 965 1739 subiecit
981 1714 1266 1751 quemeumque
1285 1703 1351 1751 qui
1366 1702 1570 1739 moliretur
1582 1700 1708 1738 Atha-

249 1757 402 1795 nasium
429 1757 471 1794 in
490 1756 638 1795 throno
656 1770 866 1809 reponere,
897 1758 1142 1808 quaerendus
1161 1757 1256 1795 alibi
1276 1764 1335 1796 est
1351 1771 1468 1797 verus
1487 1763 1527 1796 et
1543 1757 1708 1796 indubi-

249 1819 360 1851 tatus
380 1813 470 1851 finis
492 1813 781 1864 patriarchatus
801 1815 971 1854 Cosmae.

361 1869 423 1908 lv.
479 1870 517 1908 Is
535 1882 655 1922 porro
673 1883 756 1907 non
779 1870 870 1907 alibi
891 1871 1109 1922 reperietur
1127 1883 1242 1920 quam
1261 1883 1298 1921 p.
1311 1872 1392 1912 382
1408 1883 1448 1908 vz
1462 1871 1512 1912 18
1522 1881 1618 1920 sqq„
1638 1868 1708 1907 ubi

251 1927 376 1965 refert
402 1925 956 1977 Pachymeres.Andronicum
988 1927 1280 1964 abscindentem
1307 1926 1456 1964 nodum
1483 1939 1600 1976 quem
1626 1925 1708 1962 sol-

251 1995 346 2021 vere
375 1983 583 2032 nequibat,
613 1982 708 2021 dum
728 1982 926 2034 episcopos
945 1983 986 2020 in
1008 1983 1160 2034 synodo
1179 1983 1261 2021 sine
1283 1983 1401 2020 modo
1422 1987 1492 2020 aut
1513 1991 1581 2032 spe
1609 1994 1708 2018 con-

252 2039 450 2077 ventionis
473 2039 521 2076 de
545 2039 790 2077 abdicatione
810 2039 968 2077 Ioannis
986 2040 1147 2077 Cosmae
1173 2046 1212 2077 et
1235 2039 1484 2077 restitutione
1506 2037 1710 2075 Athanasii

255 2095 488 2132 altercantes
506 2095 627 2144 videt,
649 2097 855 2146 assumptis
874 2108 1004 2133 secum
1024 2096 1070 2134 iis
1088 2096 1154 2146 qui
1174 2095 1386 2133 Athanasio
1406 2095 1602 2142 favebant,
1621 2106 1711 2131 eum

254 2151 350 2187 iuris
368 2163 548 2188 securum
566 2165 641 2189 usu
657 2165 702 2188 ac
718 2152 819 2190 facto
837 2151 878 2189 in
895 2151 1183 2203 patriarchatus
1200 2151 1436 2203 possessione
1453 2149 1709 2197 constituisse,

254 2206 389 2244 multis
409 2207 681 2258 episcoporum
701 2215 740 2246 et
758 2208 841 2259 ipso
865 2209 1008 2246 Ioanne
1026 2209 1161 2246 cosma
1179 2207 1441 2257 nequidquam
1461 2205 1710 2245 reclamanti·-

256 2262 328 2298 bus
343 2292 352 2309 ‚
382 2268 422 2299 et
447 2263 522 2300 hoc
542 2263 699 2312 quidem
730 2265 818 2313 (etsi
840 2265 879 2302 vi
906 2265 1042 2301 maiori
1068 2265 1207 2301 cedens
1228 2264 1447 2314 Sozopolim
1477 2263 1520 2300 in
1541 2261 1710 2313 patriam

260 2317 434 2369 recessit)
451 2331 589 2356 verum
610 2333 648 2356 se
672 2319 802 2357 adhuc
822 2320 1083 2370 patriarcham
1109 2321 1335 2358 arbitrante.
1392 2333 1441 2356 ex
1461 2325 1557 2356 tunc
1577 2323 1711 2354 tamen

255 2374 306 2410 ab
318 2374 553 2423 imperatore
564 2388 609 2411 ac
628 2375 819 2425 plerisque
831 2376 991 2413 Ioannes
999 2378 1155 2414 Cosmas
1170 2376 1305 2414 haberi
1315 2389 1387 2426 pro
1403 2372 1624 2426 patriarcha
1637 2372 1711 2410 de-

257 2429 338 2478 siit5
360 2434 400 2466 et
410 2429 641 2467 Athanasius
652 2433 871 2469 functiones
882 2432 962 2470 eius
980 2434 1182 2482 potestatis
1201 2433 1297 2481 (quo
1317 2432 1400 2468 iure
1411 2442 1538 2480 quave
1556 2429 1712 2477 iniuria,

257 2485 353 2522 deus
363 2484 452 2536 scit)
462 2486 650 2524 exercuit.
679 2486 866 2525 habemus
879 2494 1009 2526 autem
1022 2482 1123 2526 hanc
1143 2487 1559 2538 epocliaminsignitam
1570 2484 1712 2524 chara-

258 2547 365 2579 ctere
383 2539 678 2591 chronologice,
706 2543 774 2580 sed
796 2550 958 2594 propter
976 2544 1190 2581 affectatam
1215 2557 1236 2580 a
1254 2541 1490 2592 Pachymere
1513 2541 1711 2590 quandam

258 2597 299 2635 in
320 2597 441 2636 verbo
460 2597 750 2647 ambiguitatem
771 2599 968 2647 indigente
986 2599 1248 2636 declaratione
1268 2611 1348 2636 non
1367 2597 1645 2648 perfunctoria.

353 2653 420 2692 AV.
475 2652 540 2690 Ait
568 2653 752 2691 nimirum
780 2660 913 2691 noster
937 2654 1148 2692 historicus
1173 2668 1210 2705 p.
1235 2657 1316 2696 383
1341 2667 1380 2692 v.
1406 2657 1458 2695 13
1479 2653 1602 2702 diem,
1631 2665 1710 2703 quo

260 2715 318 2746 est
342 2710 390 2747 ab
407 2708 633 2747 Andronico
657 2708 890 2760 imperatore
915 2711 955 2748 vi
983 2716 1022 2746 et
1041 2723 1161 2748 manu
1185 2708 1330 2747 throno
1358 2709 1563 2760 impositus
1583 2708 1711 2746 Atha-

261 2765 409 2813 nasius,
439 2765 554 2804 fuisse
579 2765 804 2804 vicesimum
826 2767 985 2804 tertium
1004 2767 1144 2804 mensis
1163 2765 1461 2803 Atheniensibus
1480 2765 1711 2803 Maemacte-

260 2820 382 2858 rionis
410 2821 526 2871 dieti,
555 2821 664 2860 cuius
683 2823 832 2873 primus
854 2828 894 2861 et
910 2821 1113 2861 vicesimus
1136 2822 1218 2861 dies
1235 2822 1302 2860 illo
1323 2834 1426 2860 anno
1446 2822 1487 2860 in
1502 2833 1711 2874 parasceu-
