1858 3126
258 150 354 198 334
647 150 882 195 GEORGII
916 150 1269 198 PACHYMERIS

256 267 324 310 καὶ
356 268 430 320 τῆς
464 261 601 320 μάχης
632 262 1006 321 ἀντελαμβάνοντο.
1078 270 1152 311 νῦν
1188 266 1231 310 δ’
1266 267 1360 311 ἀλλ’
1390 267 1727 327 ἔρραθυμηκότες

255 333 342 379 οἷον
369 335 436 377 καὶ
465 330 620 390 νάρκην
647 331 877 389 παθόντες,
914 335 992 391 οὐχ
1021 329 1146 392 ἧττον
1178 337 1222 379 ἐκ
1251 337 1486 394 δυσνοίαςῆ
1509 338 1724 394 ἀβουλίας,

200 409 232 446 D
256 401 512 461 ἀφῃρημένοι
534 403 576 453 ἐξ
597 400 779 460 ὖπογύου
800 406 869 447 καὶ
895 405 1047 456 ἵππους
1069 407 1137 448 καὶ
1151 402 1348 462 χρήματα
1369 406 1437 450 διὰ
1455 406 1530 462 τὴν
1549 409 1724 464 ἐπισυμ-

251 477 390 527 βᾶσαν
421 475 504 515 τῶν
528 471 713 516 Ἀλανῶν
749 472 866 517 ἕνεκα
899 475 943 526 ἐξ
969 471 1165 518 ἁπάντων
1199 475 1456 529 συντέλειαν,
1492 475 1569 526 τὰς
1593 474 1724 534 ὁρμάς

251 541 293 585 τ’
315 541 542 584 ἐπεκλῶντο
568 543 636 584 καὶ
667 539 945 600 ἀτολμότερον
967 541 1304 601 συνερρήγνυντο.
1374 543 1397 588 ὃ
1417 546 1484 588 καὶ
1505 550 1594 595 τοῖς
1610 545 1758 604 Πέρ-5

252 627 345 661 σαις
377 607 554 667 μεγάλην
585 610 718 668 ῥοπὴν
749 611 939 666 ἐνεποίει,
977 615 1045 656 καὶ
1073 618 1232 667 μᾶλλον
1261 611 1444 668 ἐτόλμων
1462 613 1558 657 κατ’
1580 613 1726 671 ὀλίγων

253 684 449 723 πλεῖστοι.
520 677 629 723 οὕτω
659 681 703 723 δὲ
733 685 807 736 τῆς
835 679 971 738 μα’χης
993 681 1261 738 ἀνισουμένης
1280 683 1348 726 καὶ
1363 680 1515 740 πλήθει
1533 684 1601 726 καὶ
1621 681 1726 740 γνώ-

251 767 335 807 μῃ,
373 747 570 792 πίπτουσι
595 749 670 803 μὲν
702 748 778 792 οὐκ
809 749 963 807 ὀλίγοι,
995 749 1190 809 φεύγουσι
1214 751 1258 794 δ’
1286 752 1327 795 οἳ
1348 755 1539 806 πλείους,
1576 753 1644 794 καὶ
1670 756 1723 810 τῇ

253 818 508 877 Νικομηδείᾳ
522 815 692 874 ἐγγύθεν
711 817 817 876 οἷῖσῃ
834 819 940 874 μετὰ
955 825 1205 877 περιφανοῦς
1223 825 1298 877 τῆς
1317 825 1474 878 τροπῆς
1495 821 1733 864 διεκπαίον-

253 904 320 938 τες
349 884 711 941 συνεισβάλλουσιν
728 887 898 940 ἀκλεῶς.
967 888 1112 941 ἔδοξαν
1134 891 1180 934 δὲ
1199 887 1292 934 τότε
1308 892 1377 933 καὶ
1397 889 1439 941 ἐς
1458 889 1563 934 πολῦ
1575 887 1725 947 χρήσι-
1739 898 1782 933 10

206 973 238 1008 E
258 974 330 1011 μοι
345 955 508 999 Ἀλανοὶ
527 954 718 1007 πεσόντες
735 959 898 1009 πλείους
916 955 1019 1016 ὖπὲρ
1035 957 1246 1014 Ῥωμαίων
1258 973 1268 984 ·
1289 963 1349 1019 τῷ
1368 958 1447 1017 γὰρ
1465 961 1569 1020 πεζῷ
1586 962 1726 1018 πολλῷ

256 1043 300 1083 γε
328 1024 416 1069 ὄντι
444 1022 625 1076 διδόντες
658 1025 792 1070 ἄνεσιν
820 1029 877 1077 εἷς
903 1027 952 1071 τὸ
983 1025 1143 1085 φεύγειν
1163 1026 1358 1084 κλινάσης
1378 1028 1459 1085 ἤδη
1477 1033 1552 1085 τῆς
1573 1026 1724 1084 μάχης,

258 1094 377 1138 αὐτοὶ
393 1095 469 1149 μὲν
485 1099 818 1152 περικυκλοῦντες
835 1096 933 1147 τούς
952 1099 1170 1152 πολεμίους
1189 1099 1256 1140 καὶ
1275 1095 1356 1141 ὑπὸ
1373 1094 1484 1141 πόδα
1495 1101 1727 1155 χωροῦντες

260 1166 327 1208 καὶ
359 1164 514 1221 λέχριοί
541 1181 630 1215 πως
657 1164 950 1220 ἐπιτιθέμενοι,
986 1171 1298 1224 περιαργοῦντες
1326 1167 1536 1222 ἐπίτηδες,
1573 1166 1727 1216 ὀϊστοῖς

258 1233 434 1288 ἔβαλλον
453 1234 521 1275 καὶ
541 1233 685 1287 πεζοῦς
701 1233 799 1284 τοὺς
817 1234 916 1285 τέως
937 1233 1114 1286 ἱππότας
1129 1236 1344 1279 ἐδείκνυον.
1387 1236 1517 1288 πεζῶν
1539 1236 1584 1279 δὲ
1603 1234 1726 1292 νέφος
1738 1240 1780 1276 15

257 1303 418 1346 ἐκείνων
446 1300 754 1358 συνειλούμενον
782 1304 899 1361 σφίσι
927 1305 994 1347 καὶ
1022 1306 1229 1348 διεκπαΐον
1251 1304 1303 1347 τὰ
1319 1301 1462 1362 πρόσω
1482 1301 1726 1356 ἀπεσώζετο.

117 1387 145 1421 p
167 1384 235 1420 230
258 1372 399 1415 ἐκεῖνοι
428 1372 473 1415 δὲ
501 1376 575 1427 τῆς
602 1371 740 1415 αὐτῶν
760 1373 967 1431 σωτηρίας
987 1373 1084 1424 τοὶ-ς
1101 1373 1206 1417 καθ’
1231 1371 1382 1423 αὖτοὺς
1399 1370 1726 1431 προβαλλόμενοι

255 1439 467 1491 κινδύνους
486 1448 664 1497 συνεχεῖς
687 1441 870 1486 ἔπιπτον.
926 1444 993 1486 καὶ
1014 1442 1132 1487 οὐδέν
1152 1438 1203 1498 ἦν
1222 1442 1271 1486 τὸ
1292 1441 1436 1487 λοιπὸν
1456 1443 1524 1486 καὶ
1544 1441 1590 1486 τὸ
1610 1445 1725 1486 νικᾶν

350 1543 406 1578 18.
429 1539 583 1586 καὶτὸ]
610 1536 725 1586 ἢτό7

255 1626 343 1660 sent.
388 1633 477 1656 nunc
500 1620 595 1655 multi
618 1631 660 1654 ex
687 1620 796 1666 ipsis,
818 1621 873 1655 vel
896 1620 1034 1655 innatae
1055 1621 1269 1666 indulgentes
1290 1621 1471 1666 ignaviae,
1502 1619 1559 1654 vel
1578 1618 1724 1664 refrige-

256 1675 354 1711 rato,
387 1669 418 1703 si
441 1679 541 1713 quem
564 1667 763 1712 concepisse
787 1666 851 1702 visi
873 1668 1031 1709 fuerant,
1063 1667 1186 1702 ardore
1210 1665 1573 1711 strenuepdimicandh
1603 1676 1724 1710 segnes

255 1715 488 1761 ancipitesque
518 1714 717 1758 torpebant.
762 1713 797 1747 in
830 1713 883 1747 his
913 1717 1013 1747 erant
1043 1724 1128 1759 quos
1152 1714 1263 1748 adhuc
1286 1713 1409 1747 urebat
1431 1712 1528 1746 dolor
1551 1715 1726 1746 contume-

255 1763 344 1804 liae,
368 1766 408 1796 ut
431 1761 617 1806 putabant,
640 1758 850 1805 iniuriaeque
874 1763 1057 1804 acceptae,
1090 1770 1164 1794 cum
1188 1760 1267 1805 equi
1290 1758 1480 1804 nummique
1502 1757 1588 1803 ipsis
1611 1757 1725 1803 erepti

256 1808 373 1843 Alanis
404 1806 560 1842 attributi
593 1807 752 1850 fuerant,
785 1817 852 1851 quo
877 1806 1060 1839 Romanam
1084 1805 1235 1840 militiam
1257 1805 1402 1852 periisse
1424 1803 1577 1839 funditus
1599 1814 1725 1849 quere-

259 1857 406 1896 bantur,
439 1852 615 1898 taediique
648 1851 729 1886 inde
762 1863 804 1886 ac
836 1851 955 1886 livoris
981 1851 1071 1896 pleni
1097 1863 1160 1886 nec
1183 1851 1438 1886 consentiebant
1461 1849 1631 1892 caeteris,
1659 1859 1724 1883 nec

259 1902 423 1948 impetum
446 1899 673 1945 expediebant
694 1898 878 1944 quidquam
909 1898 1129 1943 aggrediendi
1152 1898 1236 1933 viris
1259 1898 1419 1942 dignum;
1450 1907 1582 1943 parque
1613 1895 1726 1940 frigus

261 1949 298 1982 in
322 1957 468 1993 pugnam
490 1945 642 1991 protrusi
663 1945 699 1979 in
719 1945 796 1989 ipsa
820 1944 894 1978 acie
914 1948 1167 1979 monstrarunt:
1200 1944 1238 1979 id
1261 1945 1353 1990 quod
1374 1943 1492 1978 Persis
1514 1941 1726 1978 animadver—

262 2006 335 2028 sum
359 1993 510 2028 addebat
531 1991 690 2026 videlicet
711 1991 779 2025 illis
801 1990 941 2035 animos,
968 2002 1192 2037 magnamque
1213 1990 1411 2025 facultatem
1433 1988 1624 2036 pauciores,
1647 1997 1726 2022 eos-

262 2052 331 2085 que
358 2039 514 2080 timidos,
545 2037 725 2073 obterendi
757 2036 938 2071 tribuebat.
984 2037 1035 2071 ita
1060 2037 1147 2072 male
1169 2041 1364 2083 comparato
1383 2036 1474 2071 inter
1496 2035 1574 2070 hinc
1594 2043 1726 2080 paucos

263 2085 329 2119 sibi
352 2085 548 2119 diffidentes
571 2087 607 2119 et
629 2084 777 2124 debiles,
811 2083 902 2117 illinc
925 2082 1086 2129 plurimos
1118 2083 1244 2129 optime
1266 2084 1431 2118 animatos
1452 2083 1628 2127 fortesque
1649 2090 1726 2115 cer-

264 2131 409 2174 tamine,
441 2131 604 2175 praelium
628 2130 838 2165 commissum
860 2133 932 2172 est,
953 2141 994 2163 eo
1017 2129 1076 2175 qui
1099 2129 1273 2175 expectari
1294 2129 1413 2164 debuit
1434 2130 1580 2169 eventu,
1602 2129 1642 2161 ut
1662 2133 1726 2160 no-

263 2184 412 2212 strorum
436 2177 589 2211 nimirum
612 2189 679 2212 non
703 2176 803 2222 pauci
827 2175 1004 2216 caderent,
1037 2175 1173 2221 plurimi
1204 2177 1384 2220 sugerent,
1417 2178 1454 2209 et
1473 2174 1509 2209 in
1531 2174 1649 2207 urbem
1670 2171 1726 2206 vi·-

262 2224 372 2258 cinam
396 2223 628 2257 Nicomediam
651 2223 751 2268 plane
774 2222 841 2256 fusi
863 2233 926 2256 nec
948 2221 1200 2257 dissimulanter
1223 2221 1306 2256 victi
1320 2247 1331 2265 ,
1363 2220 1470 2255 cladis
1499 2218 1591 2264 pleni
1620 2217 1725 2252 dede-

263 2269 424 2315 corisque
455 2270 689 2313 confugerent.
736 2269 1012 2303 demonstrarunt
1043 2279 1081 2302 se
1112 2268 1291 2303 occasione
1311 2268 1382 2301 ista
1402 2265 1503 2300 valde
1529 2263 1630 2298 utiles
1653 2263 1725 2298 Ro-

263 2315 370 2349 manis
394 2314 514 2356 Alani3
547 2326 688 2359 quorum
712 2315 832 2359 utique
854 2315 949 2349 multi
971 2325 1032 2359 pro
1055 2315 1166 2350 salute
1187 2319 1378 2348 nostrorum
1399 2308 1628 2346 occubuerint.
1670 2309 1725 2344 vi-

262 2362 382 2396 dentes
405 2360 530 2406 quippe
552 2361 746 2401 inclinatam
768 2360 1038 2394 irrevocabiliter
1061 2361 1104 2395 ad
1127 2361 1241 2404 fugam
1264 2359 1368 2394 aciem
1390 2356 1604 2402 pedestrem,
1634 2365 1724 2402 quae

262 2407 405 2442 maxime
428 2418 608 2441 numerosa
630 2409 726 2449 erat,
762 2406 908 2451 spatium
931 2406 1000 2451 ipsi
1023 2406 1068 2440 ad
1090 2405 1193 2440 vitam
1215 2405 1252 2439 in
1273 2407 1349 2438 tuto
1368 2402 1543 2437 locandam
1566 2412 1628 2436 suo
1650 2413 1725 2437 ma-

262 2465 328 2498 gno
353 2452 503 2498 periculo
527 2453 616 2486 ultro
641 2451 795 2486 adeundo
818 2453 1026 2496 praebuere,
1058 2451 1223 2496 siquidem
1255 2449 1448 2484 desilientes
1469 2459 1512 2482 ex
1534 2447 1653 2494 equis,
1686 2449 1723 2482 et

262 2511 383 2543 magno
407 2498 518 2533 animo
542 2498 585 2532 ad
610 2497 879 2543 persequendum
911 2502 1145 2532 consternatos
1176 2495 1429 2541 erumpentibus
1451 2494 1641 2529 circumfusi
1663 2493 1725 2528 ho-

261 2546 391 2587 stibus,
424 2544 629 2590 eosdemque
652 2544 790 2588 oblique
813 2554 834 2577 a
856 2543 1020 2578 lateribus
1043 2542 1191 2588 procella
1211 2542 1351 2576 telorum
1373 2540 1574 2586 impetentes
1587 2565 1598 2583 ‚
1630 2542 1724 2574 stare

262 2591 449 2639 quamlibet
473 2590 601 2625 invitos
626 2591 831 2634 coegerunt,
862 2587 1033 2634 plerisque
1054 2589 1202 2633 ipsorum
1225 2598 1386 2634 equorum
1409 2586 1515 2621 caede
1536 2598 1578 2621 ex
1600 2585 1725 2632 equiti-

262 2641 327 2674 bus
350 2639 385 2673 in
408 2636 558 2684 peditum
580 2636 730 2671 ordinem
752 2634 912 2670 redactis.
957 2634 1047 2668 unde
1076 2633 1219 2679 contigit
1240 2645 1360 2679 agmen
1383 2633 1466 2668 illud
1488 2633 1638 2678 peditum
1661 2642 1724 2666 no-

264 2691 410 2720 strorum
432 2684 507 2718 loco
533 2687 680 2724 motum,
713 2685 749 2717 et
770 2681 799 2716 si
820 2680 994 2725 equitatus
1015 2680 1231 2722 incurrisset,
1266 2680 1365 2725 plane
1387 2680 1589 2725 periturum,
1619 2677 1723 2712 otium

261 2743 345 2766 suae
370 2729 472 2766 saluti
494 2728 724 2775 prospiciendi
747 2726 915 2768 nancisci,
942 2729 1055 2772 empta
1077 2725 1144 2772 ipsi
1166 2725 1402 2760 commoditate
1421 2725 1489 2760 ista
1511 2723 1622 2771 pretio
1643 2734 1725 2758 san-

263 2778 375 2821 guinis
406 2780 442 2811 et
469 2776 562 2811 vitae
589 2775 790 2817 Alanorum3
823 2784 965 2820 quorum
997 2771 1155 2818 permulti
1177 2771 1320 2818 corpora
1341 2772 1508 2817 tegendae
1536 2773 1725 2805 nostrorum

265 2825 371 2870 fugae
405 2823 629 2859 obtendentes
660 2821 840 2858 transfossi
871 2819 1077 2856 ceciderunt.
1125 2823 1296 2855 caeterum
1318 2818 1448 2854 Persae
1478 2817 1564 2853 adeo
1586 2820 1726 2852 strenue
