1858 3126
273 152 370 198 630
683 148 918 193 GEORGII
949 148 1299 194 PACHYMERIS

225 272 254 307 B
276 263 519 320 μησείοντες.
587 261 609 305 ὃ
638 261 684 305 δὲ
709 265 768 321 τῷ
801 265 918 319 σφῶν
945 259 1095 318 θράσει
1113 264 1179 306 καὶ
1200 266 1251 320 τῇ
1269 265 1498 325 πολυχειρίᾳ
1516 281 1717 321 καταγοη-

276 333 437 380 τευθεὶς
471 332 554 387 (εἲς
579 327 765 385 χιλιάδας
791 330 869 387 γὰρ
898 328 1171 387 συνεπλήρουν
1190 331 1236 374 τὸ
1256 330 1442 388 πεζικὸν)
1475 332 1571 382 τοὺς
1589 333 1719 383 ἱππεῖς

276 397 479 451 συντάξας
514 397 600 453 ἅμα
629 396 762 450 τόξοις
790 397 993 453 ἐξήλαυνε.
1062 403 1229 456 σῶφρον
1260 400 1394 442 τοίνυν
1413 394 1463 454 ἦν
1479 398 1554 455 τὴν
1574 399 1718 457 ῥαχίαν

276 467 455 521 κατέχειν
487 469 554 510 καὶ
582 467 917 523 προμηθέστερον
944 465 1251 510 διακινδυνεύειν
1279 468 1430 510 ἐκεῖθεν
1451 473 1541 517 ταῖς
1560 469 1719 523 δυσχω-

278 537 384 593 ρίαις
404 535 737 591 βοηθουμένους·
775 536 856 577 ἐπεὶ
881 535 925 576 δὲ
954 532 1079 591 μοῖρά
1103 552 1165 585 τις
1198 539 1307 593 σφᾶς
1327 539 1524 591 προσῆγεν
1543 535 1753 580 &nolon-5

275 603 444 658 μένους,
481 603 672 660 ἀφέμενοι
701 600 852 658 ταύτης
877 602 943 645 3⁷1²
975 601 1217 660 ἀγχωμάλου
1248 608 1322 658 τῆς
1349 605 1432 646 ἐκεῖ·
1445 601 1634 654 πεδιάδος
1653 604 1723 646 ἱπ-

277 678 364 721 πεῖς
384 670 471 726 ἅμα
491 673 621 723 πεζοῖς
643 668 956 728 παρετάττοντο.
1025 674 1091 714 καὶ
1114 672 1165 726 δὴ
1186 675 1267 715 τῶν
1286 675 1447 715 πολλῶν
1466 668 1722 727 προλοχιζόν-

277 756 384 792 των,
420 743 503 782 τῶν
531 742 705 797 Περσῶν
732 736 933 796 σόφισμα,
969 739 1100 790 ἱππεῖς
1126 740 1199 794 μέν
1223 739 1274 782 τὰ
1292 745 1434 797 πρῶτα
1453 738 1725 796 ε’παράττουσι

228 812 261 847 C
281 813 368 857 τοῖς
398 813 592 864 φανεῖσιν.
663 805 758 850 ἄλλ’
787 806 902 850 οὔπω
932 811 1065 857 καλῶς
1083 807 1289 864 ὤφθησαν
1310 807 1416 850 κατὰ
1437 805 1570 861 στόμα
1588 809 1725 850 κινδυ-

278 872 485 928 νεύοντες,
522 877 588 917 καὶ
611 873 631 918 ὁ
650 872 768 930 λόχος
791 875 974 932 ἐμφανὴς
992 871 1042 931 ἦν
1053 908 1067 929 ,
1104 877 1170 918 καὶ
1201 877 1326 936 δειλία
1357 875 1618 929 συσχεθέντες
1646 874 1724 919 ἇνᾶ
1737 884 1781 920 10

279 940 428 1000 κράτος
453 941 705 1001 ὑπέστρεφον
738 941 963 1000 φεύγοντες.
1031 945 1099 986 καὶ
1125 945 1258 1003 μυρίῳ
1280 941 1427 999 πλήθει
1445 944 1727 1000 προσπαίσαν-

277 1027 345 1060 τες
368 1015 449 1054 τῶν
479 1013 607 1063 πεζῶν
635 1011 816 1064 ἐλεινῶς,
851 1011 1047 1065 ποιμνίων
1065 1012 1206 1067 δίκην,
1242 1011 1544 1069 κατέσφαττον,
1582 1009 1638 1062 ὥς
1650 1028 1727 1054 πε-

279 1085 363 1122 σεῖν
394 1079 569 1129 πολλοὺς
601 1076 820 1136 αὖθωρόν,
857 1077 923 1121 ὅτε
953 1080 1021 1122 καὶ
1048 1081 1137 1136 περὶ
1155 1084 1212 1138 τῷ
1237 1081 1420 1138 φρουρίῳ
1442 1079 1482 1122 οἳ
1504 1079 1616 1129 ε’ντός
1643 1080 1727 1122 δεί-

281 1163 424 1197 σαντες
445 1149 511 1190 καὶ
530 1153 720 1203 γυναῖκας
739 1145 868 1196 αῧτὰς
887 1148 943 1196 εἷς
961 1146 1114 1203 ἄνδρας
1132 1146 1502 1202 μετασκευάσαντες
1522 1146 1626 1190 κατὰ
1644 1163 1727 1203 φυ-

280 1212 416 1258 λάκων
434 1217 562 1271 δῆθεν
583 1217 637 1266 εἲς
657 1217 798 1271 δεῖγμα
817 1215 880 1256 ἐπὶ
898 1212 1074 1272 πύργους
1094 1217 1280 1273 ε’φίστων,
1316 1215 1455 1272 μέχρις
1472 1209 1520 1258 οὗ
1535 1214 1783 1269 βασιλεῦς15

281 1280 463 1334 ἀκούσας
483 1285 551 1327 καὶ
569 1280 839 1342 περιαλγήσας
860 1287 910 1340 τῇ
929 1288 1124 1345 συμφορᾷ
1135 1317 1148 1337 ,
1181 1283 1350 1339 πέμψας
1371 1290 1458 1334 τοῖς
1478 1280 1728 1341 προσήκουσι

372 1426 408 1463 3.
430 1422 588 1473 σώφρων
609 1427 648 1461 Ρ.
785 1426 819 1461 8.
841 1423 938 1472 τῶν]
958 1423 1026 1461 td?
1163 1424 1219 1463 14.
1242 1424 1362 1471 κατά]
1385 1421 1496 1461 dm?

284 1552 420 1582 orantes
442 1552 481 1583 ut
503 1561 679 1595 erumpere
696 1549 731 1584 in
753 1549 884 1584 hostem
907 1560 945 1583 se
965 1548 1100 1584 sineret.
1147 1548 1204 1584 ille
1226 1549 1386 1594 deceptus
1407 1552 1476 1584 tam
1498 1543 1603 1584 alacri
1623 1548 1728 1593 signi-

282 1594 444 1628 ficatione
467 1595 648 1639 audaciae,
683 1595 778 1629 simul
801 1594 903 1629 etiam
925 1606 1064 1630 numero
1084 1605 1196 1628 eorum
1219 1596 1327 1629 fretus
1358 1595 1458 1637 (nam
1483 1595 1613 1640 aliquot
1632 1594 1730 1640 pedi-

285 1643 358 1672 tum
381 1639 484 1674 millia
507 1651 549 1674 ex
571 1641 625 1674 his
647 1640 785 1674 videbat
806 1650 906 1684 posse
929 1640 1096 1684 confici),
1120 1643 1229 1674 armat
1250 1640 1323 1673 illos
1342 1645 1378 1673 et
1400 1640 1532 1675 ordinat
1545 1665 1555 1684 ,
1582 1651 1730 1685 praepo-

284 1684 350 1719 sito
373 1684 408 1718 in
430 1686 542 1720 fronte
565 1689 690 1720 armato
714 1686 858 1720 arcubus
882 1685 1046 1730 equitatu.
1090 1685 1142 1719 ita
1164 1696 1277 1720 omnes
1300 1685 1443 1727 emittit,
1475 1697 1536 1730 pro
1559 1696 1621 1719 sua
1644 1685 1728 1729 ipsis

284 1729 423 1764 militari
453 1731 630 1776 prudentia
660 1741 863 1776 magnopere
894 1730 1107 1776 praecipiens
1138 1736 1175 1765 ut
1205 1731 1239 1765 in
1262 1730 1353 1773 lata,
1384 1742 1484 1776 quam
1505 1731 1729 1772 monstrabat,

285 1775 457 1819 crepidine
489 1776 583 1822 rupis
612 1775 786 1810 eminentis
816 1776 944 1810 hostem
978 1775 1208 1821 operirentur,
1241 1775 1386 1821 indeque
1415 1775 1656 1821 circumspecte
1684 1787 1727 1810 ac

285 1821 393 1855 vitato
416 1833 516 1866 quam
538 1826 676 1867 possent
697 1821 985 1867 providentissime
1008 1821 1299 1856 circumventionis
1319 1822 1469 1867 periculo
1484 1821 1644 1867 praelium
1660 1821 1728 1855 ini-

284 1869 374 1900 rent.
419 1866 468 1902 ita
491 1867 550 1901 ille
572 1867 764 1913 sapienter,
788 1866 850 1901 sed
872 1867 1046 1903 inutiliter.
1091 1867 1142 1901 illi
1164 1867 1263 1909 enim,
1287 1867 1382 1912 quasi
1405 1868 1478 1901 fato
1500 1866 1645 1912 quodam
1666 1877 1728 1901 suo

285 1911 458 1956 perituros
479 1912 513 1946 in
534 1916 688 1958 paratum
711 1912 847 1947 exitium
868 1919 1030 1957 urgente,
1048 1916 1175 1947 temere
1197 1913 1320 1947 omissa
1340 1911 1404 1946 loci
1427 1912 1610 1957 superioris
1631 1922 1730 1946 secu-

285 1956 392 1991 ritate
421 1957 509 1992 ultro
540 1959 575 1993 in
607 1959 810 2001 subiectam,
839 1958 969 2004 equites
993 1958 1089 1992 simul
1110 1958 1327 2004 peditesque,
1355 1958 1597 1992 descendentes
1619 1956 1730 2003 plani-

287 2002 390 2044 tiem,
423 2015 529 2048 aequo
554 2015 591 2038 se
614 2015 730 2050 campo
752 2003 938 2038 instructae
959 2004 1101 2038 hostium
1129 2003 1215 2039 aciei
1237 2004 1400 2038 obiecere.
1446 2003 1519 2037 illic
1541 2014 1599 2038 eos
1622 2014 1730 2048 expe-

289 2048 428 2081 ctabant
458 2049 693 2084 delitescentes
724 2060 817 2083 more
849 2049 995 2095 ipsorum
1018 2049 1052 2083 in
1074 2049 1206 2084 insidiis
1228 2049 1345 2094 copiae
1366 2049 1526 2084 Persicae
1547 2048 1731 2083 auxiliares

287 2091 497 2127 Latinarum.
544 2095 688 2139 tegendo
717 2099 830 2129 tamen
864 2095 938 2129 dolo
970 2099 1101 2129 turmae
1130 2095 1292 2141 quaedam
1325 2095 1558 2140 apparebant3
1591 2094 1627 2127 in
1645 2103 1730 2138 quas

286 2137 386 2171 simul
409 2139 514 2173 nostri
534 2140 666 2185 equites
696 2141 850 2175 fecerunt
879 2140 1058 2186 impetum,
1090 2140 1203 2176 statim
1226 2152 1246 2174 e
1268 2140 1405 2174 latebris
1432 2139 1647 2174 insidiatores
1669 2149 1731 2172 ex-

286 2187 447 2226 urgentes
479 2185 678 2220 horrendam
708 2186 909 2220 inevitabilis
942 2186 1087 2231 undique
1127 2185 1267 2231 periculi
1298 2186 1417 2219 faciem
1445 2184 1621 2219 ostendere
1649 2181 1730 2235 nibil

287 2227 394 2262 minus
427 2229 650 2274 opinantibus.
695 2231 784 2265 unde
807 2231 842 2265 hi
863 2231 976 2265 subito
999 2232 1243 2277 despondentes
1265 2231 1390 2265 animos
1412 2234 1504 2264 retro
1528 2231 1731 2263 consternati

287 2273 497 2315 refugerunt.
541 2276 607 2310 iter
630 2279 704 2311 erat
725 2277 827 2321 fugae
850 2277 971 2311 nullum
1002 2277 1093 2311 aliud
1115 2288 1215 2322 quam
1236 2275 1326 2310 acies
1349 2276 1500 2310 conferta
1521 2271 1728 2318 sequentium

289 2317 440 2369 peditum
470 2323 669 2355 nostrorum.
715 2333 778 2366 per
808 2333 880 2356 eam
909 2333 991 2366 ergo
1021 2321 1151 2356 incitati
1181 2321 1350 2366 fugacium
1377 2321 1455 2364 equi
1477 2319 1551 2352 dum
1572 2321 1730 2362 rumpunt

289 2362 437 2401 aditum,
469 2366 609 2409 contigit
639 2366 798 2411 stipatam
827 2367 1070 2401 multitudinem
1097 2367 1328 2401 miserabiliter
1359 2362 1544 2398 conculcari
1573 2374 1614 2396 ac
1635 2363 1730 2396 velut

290 2418 396 2452 agnos
419 2407 453 2440 in
475 2410 618 2444 ovilibus
640 2411 718 2456 lupo
740 2412 890 2446 irruente
912 2412 1068 2447 mactari:
1091 2424 1165 2446 nam
1188 2412 1306 2445 multos
1328 2410 1401 2454 ipsa
1423 2409 1507 2443 hora
1527 2407 1652 2452 primus
1674 2408 1729 2442 bic

289 2456 479 2487 nostrorum
508 2453 652 2499 impetus
686 2456 830 2498 occidit3
871 2457 1016 2502 reliquos
1046 2456 1281 2501 superveniens
1309 2454 1440 2489 hostilis
1470 2452 1559 2487 acies
1590 2452 1726 2487 delevit.

291 2509 360 2543 quo
389 2498 538 2532 luctuoso
563 2500 706 2543 perculsi
728 2503 920 2545 spectaculo
943 2501 1003 2546 qui
1021 2501 1111 2536 intra
1133 2502 1271 2544 Bizyam
1295 2501 1451 2542 stabant,
1482 2498 1554 2532 iure
1577 2501 1729 2532 metuen-

292 2546 346 2578 tes
378 2555 421 2578 ne
453 2545 617 2587 victores,
649 2545 804 2579 arbitrati
826 2546 915 2579 nullo
939 2546 1003 2580 iam
1031 2547 1144 2591 (quod
1167 2556 1248 2579 vere
1270 2545 1318 2578 ita
1340 2544 1440 2588 erat)
1469 2543 1636 2589 praesidio
1667 2543 1730 2577 de·-

291 2588 382 2623 fendi
404 2599 534 2632 arcem,
565 2601 638 2624 eam
660 2590 805 2635 undique
827 2590 1011 2625 insilientes
1038 2591 1138 2625 facile
1161 2595 1340 2634 caperent,
1370 2589 1466 2623 istam
1489 2588 1572 2634 ipsis
1594 2589 1729 2623 demere

291 2633 478 2678 opinionem
507 2634 706 2669 studuerunt
733 2634 924 2669 mulieribus
953 2635 1042 2669 virili
1072 2639 1167 2670 veste
1195 2635 1320 2669 indutis
1349 2639 1385 2669 et
1416 2634 1553 2669 armatis
1576 2645 1596 2667 e
1618 2633 1728 2678 pinnis

318 2680 410 2713 rocul
431 2679 571 2715 turrium
594 2679 712 2715 idoneo
735 2680 897 2714 tutandae
918 2681 994 2714 urbi
1015 2680 1220 2715 ostentandis
1249 2691 1397 2714 numero.
1443 2691 1485 2714 ea
1507 2679 1593 2713 falsa
1615 2678 1728 2724 specie

308 2724 502 2760 ucrifactum
535 2730 588 2760 est
620 2725 764 2772 spatium
795 2725 990 2761 admonendi
1012 2726 1055 2761 de
1075 2725 1202 2771 Bizyae
1224 2725 1371 2772 periculo
1393 2724 1616 2771 imperatoris.
1660 2734 1727 2769 quo

294 2769 351 2804 ille
383 2770 518 2814 audito,
549 2775 586 2807 et
609 2771 704 2807 clade
728 2769 886 2807 videlicet
919 2774 1013 2808 tanta
1045 2771 1238 2818 deplorata,
1268 2771 1430 2807 submisso
1452 2781 1537 2807 novo
1558 2768 1727 2815 praesidio
