1858 3126
270 142 377 195 1864

291 250 370 278 Αῐιιὶἰ

294 283 367 312 chr.

274 425 383 467 1307

394 251 398 303 Ι
415 249 568 277 nomano·
597 249 694 285 lmpp.
703 250 764 279 Ro-

408 286 473 316 rum
494 278 574 311 Pon*

408 316 574 379 Οἷῗιιὲἕιιιῖἷε
598 332 765 381 Andronici

477 386 505 413 v

490 425 516 466 8

646 176 650 181 ,
683 144 1000 191 OBSERVAT.
1025 146 1350 195 PACHYMER.
1379 153 1386 186 ,ἱ

642 291 722 313 man·

605 424 755 505 Mic2h5ael.

654 511 708 557 14

809 254 987 307 Augusto
1004 255 1273 296 indicantibus
1295 258 1455 307 credere
1472 261 1667 312 noluerat,
1681 268 1739 302 'nt

809 312 852 351 id
870 313 1150 363 quoquomodo
1168 310 1393 366 impediret,
1425 317 1650 357 Caesaream
1673 318 1738 357 di-

809 369 999 420 gnitatem
1020 381 1092 422 per
1106 370 1256 422 legatos
1278 371 1393 411 offert
1413 372 1639 424 Romano,
1667 375 1737 426 qui

811 438 896 464 eam
913 428 1031 465 certis
1050 439 1162 478 aegre
1174 428 1337 467 tandem
1354 427 1648 470 conditionibus
1663 431 1738 471 ad·

809 483 943 524 mittit.
1002 483 1030 523 1.
1046 486 1072 526 6
1092 497 1127 526 c.
1149 487 1216 526 16.

866 539 1099 579 Theodorus
1119 539 1324 580 Chumnus
1348 547 1512 594 portans
1541 542 1590 581 ab
1611 542 1738 595 impe-

807 603 941 635 ratore
973 596 1025 635 ad
1052 597 1308 637 Rontzerium
1337 598 1503 651 insignia
1529 600 1739 638 Caesareae

809 653 1010 705 dignitatis
1033 667 1123 692 cum
1152 654 1431 706 diplomatibus
1455 669 1553 694 auro
1580 656 1739 696 bullatis

807 715 848 748 et
881 710 1045 761 triginta
1068 724 1323 750 nummorum
1351 711 1544 762 millibus,
1574 713 1737 752 audiens

805 767 846 804 in
871 767 1010 806 itinere
1029 768 1236 806 Catelanos
1255 782 1336 807 non
1363 770 1503 819 exequi
1525 775 1664 821 pacta,
1695 775 1736 808 et

807 823 888 863 vim
905 824 952 862 ab
971 824 1018 863 iis
1035 830 1228 874 metuens,
1257 837 1302 864 re
1321 826 1464 864 infecta
1485 826 1602 866 redit.
1658 826 1687 868 l.
1708 829 1736 869 6

806 891 839 919 c.
861 879 926 922 17.

862 936 992 976 Insula
1015 937 1133 976 Chios
1153 951 1175 976 a
1193 937 1319 977 Persis
1347 943 1461 990 capta
1482 938 1637 991 direpta
1659 951 1735 977 va-

804 999 907 1031 stata
936 1000 1017 1043 est,
1047 995 1242 1046 plerisque
1276 995 1495 1034 incolarum
1531 995 1736 1034 barbarica

805 1050 1050 1089 immanitate
1067 1051 1289 1090 trucidatis.
1346 1051 1440 1092 ibid.

861 1107 1096 1146 Rontzerius
1111 1108 1219 1159 apud
1239 1107 1481 1160 calliopolim
1503 1107 1735 1146 iniuriosam

803 1163 1035 1214 imperatori
1055 1170 1095 1202 et
1109 1164 1276 1216 superbe
1295 1164 1488 1203 minacem
1505 1164 1735 1203 concionem

805 1216 938 1263 habet,
995 1219 1022 1260 l.
1047 1224 1072 1263 6
1091 1235 1123 1260 c.
1147 1224 1212 1266 18.

859 1278 953 1316 Post
975 1277 1109 1329 decem
1138 1276 1232 1316 inde
1259 1277 1340 1316 dies
1360 1276 1482 1316 literis
1501 1277 1553 1315 ad
1572 1275 1734 1315 Andro-

802 1333 936 1373 nicum
955 1333 1056 1372 datis
1069 1335 1319 1383 Rontzerius‚
1349 1333 1629 1386 poenitentiam
1650 1347 1671 1370 a
1692 1346 1734 1372 se

803 1397 941 1429 contra
969 1391 1081 1430 illum
1099 1398 1280 1430 actorum
1311 1397 1351 1429 et
1379 1391 1578 1429 dictorum
1606 1389 1733 1428 simu-

801 1447 909 1496 lans,
939 1453 979 1486 et
999 1447 1268 1486 necessitatem
1287 1460 1337 1485 ex
1356 1447 1397 1487 vi
1418 1459 1440 1486 a
1463 1447 1541 1485 suis
1565 1447 1608 1484 in
1626 1446 1732 1484 sedi-

801 1505 950 1542 tionem
973 1505 1178 1544 concitatis
1197 1517 1409 1554 excusam,
1444 1504 1599 1543 veniam
1617 1503 1732 1555 petit.

800 1560 826 1599 l.
848 1564 873 1603 6
898 1574 930 1598 c.
953 1561 1018 1603 18.

856 1615 927 1654 Die
947 1630 1053 1655 nono
1072 1616 1206 1655 Martii
1228 1616 1281 1654 ad
1305 1615 1537 1667 legationem
1566 1628 1590 1652 a
1609 1615 1729 1652 Cate-

799 1672 898 1710 lanis
936 1673 1093 1711 missam
1119 1672 1399 1719 Andronicus,
1438 1684 1579 1722 magno
1612 1677 1730 1709 coetu

800 1735 1048 1780 congregato,
1078 1729 1296 1766 orationem
1317 1727 1450 1776 habet,
1480 1741 1558 1778 qua
1575 1740 1641 1766 eos
1664 1728 1730 1765 of-

799 1784 876 1823 ficii
912 1784 1135 1823 admonitos
1173 1785 1290 1823 etiam
1324 1784 1440 1822 minis
1472 1783 1674 1824 deterrere
1706 1796 1730 1820 a

800 1841 1044 1880 contumacia
1066 1844 1211 1883 tentat.
1269 1854 1304 1878 c.
1331 1843 1396 1882 19.

855 1897 1107 1937 Andronicus
1140 1897 1354 1950 imperator
1384 1895 1508 1935 filium
1537 1896 1729 1934 Constan-

801 1954 874 1993 tini
891 1953 1234 2007 Porphyrogeniti,
1253 1954 1387 1992 fratris
1407 1951 1728 2005 suispanhyper-

800 2012 996 2050 sebastum
1019 2016 1137 2050 creat.
1194 2011 1219 2048 l.
1236 2014 1262 2053 6
1285 2024 1318 2050 c.
1341 2012 1407 2051 20.

857 2067 1116 2106 Athanasium
1146 2065 1412 2118 patriarcham
1438 2065 1488 2103 ob
1517 2065 1727 2103 immanem

800 2125 841 2162 in
861 2137 995 2163 omnes
1009 2123 1212 2163 saevitiam
1234 2122 1385 2161 cunctis
1401 2134 1565 2160 exosum
1592 2126 1632 2159 et
1659 2120 1726 2158 id—

802 2194 847 2219 eo
885 2182 983 2220 clam
1017 2180 1161 2232 sparsis
1191 2180 1331 2218 libellis
1362 2178 1520 2217 famosis
1552 2177 1725 2229 proscis-

801 2251 888 2276 sum
901 2266 914 2287 ,
962 2237 1150 2276 adversus
1197 2234 1388 2275 invidiam
1431 2233 1586 2272 munire
1633 2239 1724 2270 stu-

801 2295 898 2332 dens
917 2293 1153 2346 imperator,
1184 2293 1413 2331 concionem
1431 2291 1551 2328 habet
1576 2289 1624 2327 de
1641 2288 1723 2327 eius

798 2350 1006 2401 laudibus,
1058 2349 1206 2388 addens
1248 2348 1471 2399 exemplum
1518 2345 1722 2383 cuiusdam

798 2407 978 2456 Armeni,
1009 2407 1076 2457 qui
1095 2412 1303 2458 postquam
1323 2402 1534 2442 Athanasio
1555 2401 1722 2439 maledi—

797 2464 930 2512 xisset,
957 2477 1049 2501 casu
1066 2475 1156 2501 crus
1173 2463 1364 2513 fregerat,
1395 2458 1501 2510 quod
1522 2459 1603 2509 ipse
1624 2471 1721 2510 poe-

798 2534 889 2557 nam
911 2532 992 2558 esse
1011 2519 1203 2558 divinitus
1223 2519 1371 2556 illatam
1390 2515 1625 2567 persuadere
1651 2528 1720 2552 co-

797 2576 981 2617 nabatur.
1037 2575 1065 2617 l.
1088 2579 1113 2616 6
1136 2588 1169 2617 c.
1189 2577 1257 2615 21.

853 2632 960 2670 Inter
988 2630 1086 2668 haec
1106 2631 1169 2668 die
1191 2642 1267 2679 qua
1293 2628 1427 2666 Lazari
1457 2627 1617 2665 excitati
1649 2637 1720 2678 per

797 2687 997 2726 Christum
1020 2699 1040 2723 e
1070 2686 1238 2724 mortuis
1261 2684 1502 2736 evangelium
1532 2684 1636 2721 inter
1657 2696 1721 2719 sa·

797 2758 863 2783 cra
878 2745 1068 2782 recitatur
1085 2743 1127 2780 in
1145 2742 1302 2780 ecclesia
1316 2743 1476 2789 Graeca,
1506 2739 1614 2791 quod
1633 2752 1721 2776 cer-

759 2841 764 2851 ,
796 2807 884 2841 tum
915 2805 974 2839 est
1001 2799 1087 2838 fieri
1112 2799 1274 2838 sabbato
1297 2799 1480 2849 contiguo
1504 2795 1720 2835 dominicae
