1820 3112
394 153 471 197 DE
505 151 833 196 ANDRONICO
867 149 1241 195 PALAEOLOGO
1276 150 1323 192 L.
1358 149 1394 194 1.
1565 148 1630 194 91

161 272 271 316 τΐνος
288 267 355 309 καὶ
386 266 624 320 Μετοχίτης
658 268 699 308 Γ
695 262 871 321 ειόργιος.
943 265 983 307 οἱ
1014 265 1060 307 δὲ
1081 266 1149 307 “εἲ
1172 264 1248 317 μὲν
1265 263 1340 319 τὴν
1370 260 1511 312 ἅπλῶς
1532 266 1635 305 θεο-

162 335 302 391 λογίαν
321 331 461 388 βούλει
482 339 657 388 μαθεῖν,
696 335 764 376 καὶ
794 333 868 388 τὴν
898 331 1024 383 δόξαν
1053 332 1105 387 ἢν
1126 334 1192 375 καὶ
1219 332 1369 391 καρδίᾳ
1390 328 1633 385 πιστεύομεν

165 405 232 446 καὶ
253 401 530 458 ὁμολογοῦμεν
559 400 756 456 στόματι,
793 399 898 456 αὕτη
929 403 1037 444 ἐστὶν
1065 400 1116 455 ἣν
1138 400 1248 450 ἅπας
1266 405 1474 455 θεολογεῒ,
1511 394 1538 457 ᾗ
1562 401 1629 442 καὶ
1653 403 1685 438 D

163 469 281 527 ἡμεῖς
311 471 560 525 ἐμμενοῖμεν
587 470 704 525 με’χρι
736 471 802 512 καὶ
828 469 956 523 αὐτῆς
984 470 1219 518 τελευταίας
1239 469 1462 523 ἀναπνοῆς.
1534 469 1570 510 εἴ
1590 468 1636 510 δὲ

130 544 152 580 5
166 541 294 595 ζητεῖς
314 541 380 581 καὶ
399 539 474 594 τὴν
490 543 572 582 τῶν
590 539 791 593 πατέρων,
823 537 874 591 ἢν
894 538 968 580 οὐκ
988 538 1175 580 ἐναντίαν
1195 538 1331 593 φαμὲν
1351 542 1408 594 τῷ
1434 534 1633 596 συμβόλῳ

163 612 239 663 τῆς
258 608 432 656 πίστεως
445 639 458 659 ,
495 606 594 650 ἀλλ’
618 604 841 656 ἀνάπτυξιν
862 608 926 648 καὶ
955 604 1246 662 διασαφήνισιν
1265 609 1424 659 μᾶλλον
1445 611 1529 648 τῶν
1548 621 1630 646 κει-

161 675 294 730 μένων
313 676 355 719 ἐν
368 679 426 734 τῷ
446 672 658 734 συμβόλῳ,
689 672 925 730 εὑρίσκομεν
946 676 987 717 ἐν
1005 681 1185 730 γραφαῖς
1205 674 1252 717 τὸ
1270 678 1426 727 πνεῦμα
1446 673 1493 716 τὸ
1515 671 1630 728 ἅγιον

159 741 462 800 χορηγούμενον
481 741 692 797 διδόμενον
715 741 1065 796 ἀποστελλόμενον
1084 740 1380 799 προερχόμενον
1404 743 1448 784 ἐκ
1468 741 1627 797 πατρὸς
1650 746 1683 780 Ε

162 811 221 855 δι’
242 812 357 865 υἱοῦ,
393 811 476 854 ἔστι
495 812 538 854 δ’
569 806 616 854 οὗ
638 813 706 854 καὶ
739 811 842 867 παρ’
878 812 997 861 ἐνίοις
1028 816 1110 854 τῶν
1144 811 1331 867 πατέρων
1362 807 1634 866 ἐκπορευόμε-

109 885 248 924 loyor.
317 880 417 937 λέγει
437 881 482 923 δὲ
505 881 572 922 καὶ
602 878 623 923 ὅ
655 879 781 936 με’γας
812 880 1095 935 Δαμασκηνὸς
1119 877 1311 934 Ἰωάννης
1330 880 1397 921 καὶ
1430 896 1528 935 προ
1543 883 1631 931 βο-

161 948 284 999 λεῦς
319 950 407 991 διὰ
443 945 600 1004 λόγου
645 949 1049 1004 ἐκφαντορικοῧ
1090 946 1410 1002 πνεύματος.
1478 946 1632 990 ταύτὸν

161 1017 272 1060 δὲτὸ
293 1014 520 1073 προβολεύς
543 1020 601 1074 τῷ
623 1017 740 1074 αἲτίῳ
758 1014 1016 1072 γινώσκομεν.
1089 1012 1313 1060 αἶ’τιονοῧν
1335 1015 1384 1059 οἷί
1405 1033 1540 1072 φαμεν
1558 1014 1631 1058 τόν

161 1085 251 1128 υἱὸν
272 1085 336 1127 ἐπὶ
355 1090 405 1142 τῇ
428 1085 470 1127 ἐκ
497 1085 653 1139 πατρὸς
675 1083 842 1143 προόδῳ
870 1090 944 1128 τοῦ
972 1082 1227 1137 πνεῦματος,
1266 1084 1359 1127 οὕτε
1378 1084 1460 1139 μὴν
1483 1085 1626 1126 συναί-
1654 1087 1683 1122 P
1706 1089 1751 1123 58

161 1169 273 1206 τιον,
300 1153 406 1196 ἀλλὰ
428 1154 493 1195 καὶ
516 1153 870 1207 ἄναθεματίζομεν
891 1155 957 1195 καὶ
981 1152 1312 1207 ἀποβαλλόμεθα
1334 1153 1406 1195 τὸν
1429 1151 1539 1195 οὕτω
1564 1152 1631 1195 λε’-

108 1222 151 1258 15
162 1238 302 1276 γοντα.
370 1221 443 1264 τὸν
475 1222 520 1264 δὲ
545 1221 703 1278 πατέρα
734 1221 864 1264 αἶ’τιον
897 1222 952 1264 δι’
979 1222 1072 1264 υἱοῦ
1093 1227 1168 1264 τοῦ
1189 1219 1423 1277 πνεύματος
1449 1222 1628 1277 λέγομεν,

161 1290 321 1344 ἐπείπερ
347 1290 395 1333 τὸ
412 1288 641 1345 προβολεύς
669 1291 724 1339 εἷς
748 1290 877 1332 αἴτιον
898 1288 1247 1344 ἐκλαμβάνεται.”
1317 1292 1415 1332 ηκαὶ
1446 1294 1557 1340 πῶς,
1596 1284 1629 1332 ὦ

163 1352 340 1410 οὗτοι”,
376 1360 499 1415 φησὶν
529 1357 550 1400 ὃ
579 1359 705 1413 μέγας
730 1359 977 1414 λογοθέτης,
1015 1358 1097 1400 “οὕ
1129 1365 1277 1400 ποιεῖτε
1302 1358 1433 1400 αἶ’τιον
1450 1358 1521 1400 τὸν
1541 1357 1632 1400 υἱὸν

161 1426 226 1468 ἐπὶ
245 1429 298 1483 τῇ
316 1427 359 1468 ἐκ
378 1426 536 1480 πατρὸς
557 1425 722 1484 προόδῳ
740 1431 815 1469 τοῦ
838 1425 1091 1480 πνεύματος,
1128 1428 1286 1481 ἐπείπερ
1318 1427 1386 1468 διὰ
1417 1425 1539 1482 λόγου
1567 1425 1635 1468 αἶ’-

161 1510 249 1536 τιον
271 1492 500 1550 ὁμολογεῖτε
528 1494 600 1537 τὸν
621 1494 778 1549 πατέρα
805 1500 879 1537 τοῦ
912 1493 1169 1550 πνεύματος,·
1211 1497 1388 1538 δείκνυτε
1408 1494 1488 1551 γὰρ
1512 1495 1554 1545 ἐξ
1573 1489 1630 1537 ὧν
1652 1504 1682 1538 Β

109 1562 292 1619 muys-te
301 1594 315 1615 ,
352 1560 408 1612 ὦς
427 1561 502 1605 οὐκ
523 1561 574 1604 ἂν
593 1560 614 1605 ὅ
633 1563 769 1620 πατὴρ
788 1561 999 1618 προύβαλε
1018 1568 1178 1618 πνεῦμα
1189 1597 1202 1616 ,
1239 1565 1274 1606 εἴ
1297 1563 1355 1619 μὴ
1374 1563 1463 1605 υἶὸν
1481 1563 1633 1619 ἐγέννα.

161 1630 210 1673 τὸ
241 1629 286 1672 δ’
322 1631 429 1673 ἐστὶν
454 1628 751 1687 ἐμφαινόμενον
781 1631 953 1675 αἶ’τιον.”
1022 1632 1120 1682 τούς
1142 1633 1187 1674 δέ
1204 1632 1406 1681 θέλοντας
1426 1626 1636 1688 ἐκφεύγειν

160 1698 209 1742 τὸ
234 1696 540 1754 ὑπονοούμενον
569 1699 723 1743 ἄτοπον
743 1698 872 1757 φάναι
898 1698 955 1751 ὥς
976 1700 1109 1744 πολλὰ
1139 1701 1202 1743 ἐπὶ
1222 1705 1297 1757 τῆς
1318 1702 1534 1757 θεολογίας
1562 1699 1631 1743 λε’-

162 1839 350 1875 Metochita
372 1842 553 1886 Georgius.
602 1842 659 1888 qui
683 1843 733 1877 sic
757 1843 935 1885 continuo,
957 1844 1214 1889 responderunt.
1260 1843 1423 1889 siquidem
1446 1843 1536 1877 bona
1558 1843 1629 1877 fide

163 1885 217 1920 vis
240 1887 321 1931 quid
345 1886 388 1920 de
412 1888 561 1931 Spiritus
584 1889 703 1922 Sancti
725 1890 943 1934 processione
965 1891 1148 1924 sentiamus
1173 1902 1215 1924 ex
1239 1890 1337 1924 nobis
1359 1890 1504 1930 discere,
1526 1900 1628 1933 quam

162 1930 206 1965 de
239 1932 304 1966 hoc
333 1932 490 1976 dogmate
521 1935 722 1968 sententiam
757 1940 793 1968 et
824 1936 927 1969 corde
961 1936 1127 1969 credimus
1150 1941 1186 1969 et
1207 1947 1267 1969 ore
1290 1936 1508 1979 profitemur,
1542 1935 1629 1968 haec

163 1977 281 2009 eadem
304 1981 358 2011 est
381 1989 480 2022 quam
503 1979 614 2024 quivis
637 1986 798 2014 consueta
820 1981 963 2014 formula
985 1981 1086 2015 fidem
1110 1981 1152 2014 de
1176 1982 1240 2014 deo
1263 1991 1356 2014 suam
1378 1980 1543 2024 profitens
1566 1991 1629 2013 ex-

161 2021 288 2066 primit,
313 2022 366 2055 cui
390 2029 426 2056 et
448 2035 509 2057 nos
532 2025 720 2067 haeremus,
743 2032 899 2070 perstare
921 2026 956 2060 in
981 2038 1023 2059 ea
1045 2027 1130 2060 certi
1151 2038 1259 2071 usque
1281 2026 1326 2060 ad
1348 2032 1533 2060 extremum
1555 2026 1628 2071 spi-

162 2067 275 2100 ritum.
322 2068 375 2101 sin
399 2075 509 2102 autem
533 2072 670 2114 quaeris
691 2071 894 2104 sententiam
928 2072 971 2104 de
995 2073 1059 2105 hoc
1078 2077 1234 2115 patrum,
1267 2083 1367 2117 quam
1402 2083 1468 2105 nou
1492 2075 1629 2106 contra-

162 2112 247 2146 riam
271 2123 346 2146 esse
369 2113 601 2148 contendimus
624 2117 774 2158 symbolo
797 2117 889 2157 fidei,
913 2117 973 2150 sed
999 2118 1256 2161 explicationem
1280 2118 1391 2162 potius
1415 2123 1452 2151 et
1474 2118 1629 2151 declara-

164 2157 291 2191 tionem
314 2159 492 2193 verborum
516 2161 675 2202 symboli,
697 2162 886 2207 reperimus
908 2162 942 2195 in
965 2162 1102 2206 scriptis
1127 2163 1328 2196 authenticis
1351 2163 1515 2208 Spiritum
1538 2164 1629 2197 San-

163 2208 255 2237 ctum
278 2203 458 2248 praeberi,
482 2205 572 2246 dari,
607 2206 716 2248 mitti,
748 2207 885 2251 prodire
907 2219 949 2240 ex
971 2211 1072 2251 patre
1094 2219 1156 2253 per
1177 2209 1305 2250 filium;
1335 2208 1506 2243 interdum
1540 2214 1576 2242 et
1608 2219 1630 2242 a

163 2249 360 2292 quibusdam
382 2254 516 2294 patrum
541 2251 605 2284 dici
629 2253 824 2296 procedere.
872 2253 920 2286 ait
941 2257 1052 2286 autem
1078 2259 1113 2287 et
1135 2253 1178 2287 de
1201 2259 1299 2299 patre
1321 2266 1462 2299 magnus
1484 2255 1630 2289 Ioannes

162 2293 392 2329 Damascenus
419 2307 495 2329 esse
518 2296 609 2330 illum
632 2298 872 2342 productorem
894 2309 957 2342 per
988 2300 1129 2332 verbum
1153 2300 1369 2334 enuntiatorii
1394 2300 1544 2346 spiritus.
1592 2299 1628 2332 in

162 2351 250 2372 voce
278 2345 389 2375 autem
425 2341 639 2386 productoris
672 2343 827 2387 principii
859 2343 963 2378 activi
1004 2344 1173 2379 notionem
1204 2346 1425 2390 agnoscimus.
1491 2357 1628 2379 causam

162 2384 267 2428 igitur
294 2397 359 2419 non
381 2387 523 2421 dicimus
544 2388 649 2422 filium
671 2389 705 2422 in
728 2400 789 2422 sua
812 2399 854 2422 ex
878 2394 978 2434 patre
1009 2393 1221 2435 pro-cessione
1243 2393 1361 2425 Sancti
1383 2392 1554 2437 Spiritus,
1586 2402 1628 2424 ac

163 2441 274 2475 neque
296 2443 516 2466 concausam:
549 2434 629 2479 quin
662 2441 698 2468 et
729 2435 1050 2470 anathematizamus
1081 2443 1118 2470 et
1149 2437 1319 2471 reiicimus
1351 2438 1401 2471 sic
1428 2438 1629 2481 loquentem.

163 2475 223 2509 sed
247 2480 378 2518 patrem
402 2489 537 2512 causam
560 2491 621 2524 per
644 2480 748 2514 filium
773 2480 890 2513 Sancti
914 2481 1065 2526 Spiritus
1089 2483 1247 2523 dicimus,
1274 2483 1542 2528 quandoquidem
1567 2494 1628 2515 vo-

163 2521 283 2555 cabulo
314 2522 518 2568 προβολεύς
546 2525 730 2570 productor
764 2526 916 2571 princsspii
940 2527 1040 2560 activi
1063 2528 1274 2573 significatus
1297 2530 1424 2562 subest.
1474 2529 1521 2561 Et
1543 2539 1630 2571 quo-

163 2566 272 2607 modo,
295 2567 379 2602 heus
401 2580 474 2612 vos,
498 2582 564 2604 non
585 2571 697 2605 facitis
720 2572 824 2605 filium
847 2572 880 2605 in
902 2573 1119 2616 processione
1143 2585 1184 2607 ex
1209 2579 1307 2618 patre
1330 2585 1463 2608 causam
1489 2574 1527 2606 S.
1544 2572 1628 2615 Spi-

163 2611 272 2654 ritus,
302 2615 568 2660 quandoquidem
593 2627 655 2661 per
676 2619 814 2651 verbum
839 2629 974 2652 causam
999 2619 1071 2652 eius
1094 2619 1297 2663 profitemini
1321 2620 1479 2664 patrem?
1514 2621 1628 2650 osten-

165 2655 246 2690 ditis
280 2659 367 2693 enim
401 2671 444 2693 ex
475 2661 526 2700 his
559 2672 647 2706 quae
678 2663 810 2706 dicitis,
841 2663 931 2697 haud
961 2676 1128 2709 quaquam
1158 2667 1308 2699 futurum
1339 2665 1444 2699 fuisse
1467 2667 1506 2696 ut
1529 2667 1628 2706 pater

165 2702 368 2745 produceret
394 2705 562 2749 Spiritum
583 2708 765 2751 Sanctum,
801 2709 865 2743 nisi
889 2714 1070 2752 generaret
1092 2711 1219 2751 filium,
1243 2722 1285 2744 ex
1309 2722 1376 2755 quo
1401 2712 1544 2754 apparet
1565 2719 1627 2741 ve-

164 2756 237 2779 ram
247 2759 382 2801 ‘causae
404 2753 648 2804 proprietatem
670 2754 739 2787 filio
763 2756 945 2789 convenire
964 2760 1121 2799 respectu
1145 2756 1307 2800 Spiritus.
1355 2755 1472 2788 Ad=ea
1496 2753 1547 2786 ini
1570 2753 1624 2787 vi-

164 2791 259 2825 tandi
281 2794 418 2829 absurdi
439 2798 530 2842 quod
551 2798 760 2834 inferebatur
781 2800 868 2834 hauc
889 2801 1055 2835 rationem
1077 2801 1194 2835 iniere.
1242 2801 1402 2835 dixerunt
1422 2800 1528 2834 multa
1549 2809 1626 2834 esse
1651 2841 1655 2845 .
