1858 3126
253 166 351 211 856
648 163 961 209 OBSERVAT.
995 163 1308 210 PACHYMER:
1378 197 1382 200 Δ

273 273 349 303 Anni
397 272 547 301 Romano·
578 269 745 307 tununne-

274 307 344 334 Chr.
391 305 553 367 rttxirgoll‘gln-
619 313 699 333 man.

397 373 554 436 Benssinc‘'
581 373 744 404 Andronici

259 445 364 488 1304
636 449 692 488 22

588 497 734 579 ΜίἰὴῖἓΙ.

792 281 833 314 et
868 274 1086 328 prudenter
1121 274 1163 313 in
1198 273 1347 313 throno
1392 276 1531 327 reponi
1567 281 1711 329 posset.

790 332 819 371 l.
842 333 868 374 5
902 345 936 370 c.
960 334 1000 374 2.

835 387 1087 427 Andronicus
1096 387 1311 439 imperator
1320 385 1585 428 resistentium
1595 387 1715 427 Atha-

791 446 887 484 nasii
902 444 1142 497 promotioni
1157 443 1381 482 antistitum
1398 444 1563 482 eluctari
1582 450 1718 485 aucto,-

789 502 950 541 ritatem
969 501 1132 540 studens
1149 513 1308 541 assensu
1322 499 1479 539 Ioannis
1500 502 1659 540 Cosmae
1675 503 1718 540 in

791 572 875 597 eam
901 558 1170 610 impetrando,
1200 571 1291 596 eum
1317 556 1402 595 adit
1426 557 1562 596 diebus
1586 559 1718 610 Tyro-

790 615 962 668 phagiae,
983 615 1050 666 qui
1069 621 1163 653 sunt
1174 618 1200 656 7
1218 614 1354 652 seriam
1368 613 1394 654 4
1405 613 1588 653 Cinerum
1603 628 1718 668 prae-

791 673 972 711 cedentes
992 672 1083 724 (fuit
1101 671 1200 709 haec
1213 671 1279 710 illo
1299 684 1402 709 anno
1422 674 1471 714 11
1484 671 1718 722 Februarii),

791 736 831 768 et
861 730 910 768 ab
938 729 1006 767 illo
1033 729 1296 779 interrogatus
1322 726 1465 778 ecquid
1488 741 1528 766 se
1557 735 1717 780 putaret

789 785 1094 839 patriarchalem
1114 785 1246 823 adhuc
1271 783 1445 823 obtinere
1471 790 1716 837 potestatem,

791 843 962 882 obnoxie
985 842 1197 881 assentiens
1215 840 1390 880 audivit:
1419 843 1559 895 atqui,
1589 843 1717 894 siqui.

792 899 879 938 dem
893 899 1140 952 patriarcha
1159 913 1230 951 ego
1255 912 1342 937 vere
1362 911 1476 946 eum,
1507 912 1596 936 mea
1615 913 1718 937 non-

791 956 892 995 dum
910 955 1167 995 abdicatione
1184 955 1249 994 vel
1256 953 1435 1006 probata
1455 955 1522 992 vel
1540 963 1718 1007 accepta,

784 1020 1138 1066 persever-anteque
1155 1011 1293 1050 adhuc
1314 1013 1359 1049 in
1383 1025 1534 1064 magna
1554 1013 1720 1050 ecclesia

791 1078 828 1109 et
857 1071 1114 1108 monasteriis
1142 1070 1513 1106 commemoratione
1539 1070 1616 1107 mei
1646 1083 1721 1108 no-

792 1128 937 1178 minis,
975 1127 1218 1164 auctoritate
1251 1131 1416 1163 sanctae
1435 1127 1638 1163 trinitatis
1657 1140 1720 1163 ex.

793 1184 1152 1222 communicationi
1170 1184 1320 1220 maiori
1337 1180 1510 1220 subiicio
1535 1196 1626 1219 eum
1647 1184 1720 1235 qui

791 1241 895 1280 volet
920 1239 1130 1278 dominum
1150 1239 1434 1278 Athanasium
1459 1240 1503 1276 in
1528 1240 1719 1290 patriar·-

793 1297 906 1335 cliali
923 1311 1067 1334 rursu-9
1086 1295 1178 1333 sede
1193 1298 1443 1333 constituere.
1500 1295 1525 1333 l.
1548 1295 1574 1338 5
1595 1308 1631 1337 c.
1649 1297 1691 1337 3.

849 1352 1059 1392 Theodora
1083 1353 1258 1404 Augusta
1287 1351 1536 1403 imperatoris
1555 1351 1719 1391 Andro-

793 1410 873 1449 nici
891 1415 1019 1449 mater
1035 1410 1207 1448 moritur
1227 1409 1325 1447 feria
1351 1412 1378 1450 2
1405 1407 1598 1446 secundae
1616 1408 1719 1447 ieiu-

791 1468 950 1506 niorum
986 1466 1258 1506 hebdomadae
1279 1495 1289 1514 ,
1330 1463 1535 1503 Februarii
1570 1465 1719 1503 decima

791 1529 924 1573 sexta;
944 1530 985 1562 et
1001 1524 1050 1561 ab
1063 1536 1108 1562 eo
1122 1522 1322 1574 magnifice
1337 1521 1532 1574 sepelitur.
1562 1522 1587 1560 1.
1598 1522 1624 1564 5
1637 1535 1669 1560 c.
1679 1522 1719 1564 4.

847 1581 941 1618 Post
958 1579 1128 1627 Pascha,
1157 1579 1264 1630 quod
1291 1579 1358 1616 illo
1385 1591 1488 1616 anno
1516 1578 1656 1616 incidit
1676 1579 1720 1616 in

792 1639 846 1677 29
868 1636 1022 1683 Martii,
1051 1636 1210 1686 nuptiae
1233 1635 1387 1673 Ioannis
1414 1633 1599 1684 despotae
1628 1647 1719 1672 cum

792 1692 871 1729 filia
884 1693 1068 1743 praefecti
1087 1692 1256 1730 caniclco
1268 1691 1530 1729 celebrantur.
1558 1689 1584 1728 l.
1593 1690 1619 1733 5
1631 1704 1667 1732 c.
1678 1692 1719 1734 5.

847 1748 959 1786 Irene
977 1748 1154 1799 Augusta
1174 1761 1278 1786 uxor
1293 1747 1541 1798 imperatoris
1558 1745 1720 1785 Andro-

793 1804 871 1842 nici
899 1817 950 1844 ex
978 1805 1077 1845 urbe
1095 1803 1411 1843 Thessalonicam
1441 1803 1719 1854 proficiscitur.

793 1861 887 1900 ibid.
1403 1898 1409 1907 x

849 1917 1002 1956 Melitae
1038 1917 1268 1955 ambitiosus
1302 1915 1488 1966 clericus,
1527 1914 1719 1954 solvendo

793 1975 920 2026 impar
938 1974 1018 2012 aeri
1040 1974 1166 2012 alieno
1188 1972 1296 2023 quod
1319 1972 1489 2012 immane
1507 1977 1719 2011 contraxe-

794 2036 881 2079 rat,
909 2031 1050 2081 laqueo
1077 2044 1118 2068 se
1147 2029 1352 2081 suspendit
1380 2028 1720 2081 Constantinopoli

794 2088 872 2126 hoc
891 2101 994 2125 anno
1014 2087 1076 2125 die
1097 2091 1164 2129 30.
1185 2085 1284 2127 Iulii.
1342 2086 1368 2124 l.
1390 2086 1416 2128 5
1435 2099 1467 2128 c.
1485 2088 1522 2127 8.

851 2143 919 2181 Die
937 2146 964 2185 8
982 2143 1148 2194 Augusti
1163 2149 1295 2182 terrae
1312 2148 1443 2180 motus
1459 2140 1612 2193 incipit,
1641 2153 1721 2192 quo

794 2198 984 2249 Rhodus,
1027 2199 1264 2238 Alexandria
1285 2228 1296 2249 ,
1339 2198 1592 2250 Peloponnesi
1629 2211 1721 2249 pars

795 2269 933 2308 magna
961 2262 1001 2294 et
1019 2258 1158 2295 Cretae
1183 2255 1332 2294 insulae
1352 2256 1492 2294 misere
1520 2254 1720 2293 deforma-

795 2318 860 2351 tae
879 2318 987 2355 sunt.
1042 2313 1069 2352 1.
1091 2313 1117 2355 5
1139 2326 1171 2351 o.
1190 2315 1257 2354 11.

853 2369 1102 2408 Andronicus
1131 2370 1347 2420 imperator
1374 2367 1422 2406 de
1445 2365 1719 2404 excommuni—

797 2426 962 2474 catione,
986 2439 1064 2476 qua
1088 2425 1216 2477 ipsum
1231 2425 1394 2463 Ioannes
1413 2424 1570 2461 cosmas
1593 2421 1720 2459 Atha-

797 2483 894 2519 nasii
918 2482 1193 2533 repositionem
1221 2481 1262 2518 in
1287 2480 1434 2518 throno
1462 2478 1720 2516 meditantem

797 2538 1048 2588 obligaverat,
1079 2538 1265 2584 solicitus,
1296 2534 1458 2585 disquiri
1479 2540 1593 2572 curat
1614 2534 1720 2573 inter

797 2594 996 2644 episcopos
1021 2593 1161 2644 ecquid
1183 2591 1312 2631 valida
1330 2592 1396 2629 illa
1414 2603 1536 2629 necne
1556 2603 1720 2629 censen-

797 2649 848 2687 da
870 2650 986 2689 soret.
1043 2649 1109 2687 sed
1130 2648 1203 2686 illis
1234 2648 1315 2686 sine
1341 2648 1420 2686 fine
1443 2654 1513 2686 aut
1530 2660 1597 2699 spe
1621 2660 1717 2685 con-

797 2705 952 2744 cordiae
971 2705 1259 2754 dissidentibus,
1274 2717 1344 2755 per
1357 2704 1502 2743 multos
1521 2704 1571 2742 ad
1587 2704 1717 2755 ipsum

795 2762 981 2801 Ioannem
992 2762 1170 2800 Cosmam
1186 2761 1458 2813 deprecatores
1474 2760 1612 2798 missos
1625 2765 1718 2798 tan-

796 2819 885 2859 dem
919 2819 1132 2871 imperator
1169 2818 1395 2858 eblanditur
1427 2816 1717 2858 revocationem
