1858 3126
500 179 605 225 LlB.
634 178 710 223 111.
763 177 1241 223 CHRONOLOGIGUS.
1495 178 1587 224 791

139 290 333 342 ,reperisse
347 289 449 329 intra
463 302 559 340 quas
569 288 670 329 Atha
676 290 805 327 nasius
820 287 1058 340 patriarchio
1073 300 1301 327 excessurus
1316 287 1457 340 scripta
1474 301 1594 338 quae-

144 347 237 385 dam
261 346 494 395 incluserat,
521 352 642 396 prout
665 345 768 383 idem
791 350 1023 383 narraverat
1045 358 1078 386 e.
1099 347 1155 385 22
1173 350 1212 382 et
1231 347 1285 386 23
1315 343 1341 382 l.
1358 346 1398 384 2.
1453 343 1513 382 his
1537 345 1591 382 sic

144 403 307 454 prolatis
330 400 475 440 chartis
493 402 695 439 turbatum
726 400 975 440 vehementer
990 400 1260 439 Andronicum
1289 399 1407 438 fuisse
1427 406 1591 452 propter

142 463 402 496 memoratum
426 457 505 495 illic
528 457 735 495 anathema
759 458 808 494 ab
833 456 1043 494 Athanasio
1063 457 1257 494 intortum
1275 456 1317 494 in
1340 455 1591 506 adversantes

141 514 227 552 sibi.
282 514 415 564 itaque
435 513 614 564 allegasse
635 520 762 551 certos
778 513 954 551 homines
982 512 1032 550 ad
1051 511 1307 551 Athanasium
1336 512 1523 564 privatim
1549 513 1590 550 in

139 569 378 609 monasterio
406 569 628 619 degentem,
658 569 727 619 qui
756 581 805 607 ex
832 582 878 607 eo
908 569 1096 606 rescirent
1122 582 1172 606 an
1195 574 1236 606 et
1264 582 1342 618 quo
1362 568 1492 606 animo
1518 568 1593 606 ista

140 626 368 677 scripsisset.
423 624 484 663 his
508 637 597 664 eum
621 624 827 664 tradidisse
847 625 1056 676 scriptum,
1085 638 1163 674 quo
1182 624 1458 675 imperatorem
1487 625 1593 662 omni

142 681 294 720 exolvit
317 681 516 732 scrupulo.
573 681 761 732 scriptum
780 687 911 720 autem
932 681 1038 719 istud
1057 680 1175 719 fuisse
1203 680 1471 731 consignatum
1498 686 1593 719 nota

143 737 328 788 temporis
349 737 425 785 ait,
453 737 595 774 mensis
614 737 757 787 Aprilis
775 743 815 775 et
833 737 1058 776 indictionis
1081 740 1126 778 11
1150 738 1203 787 (p.
1221 738 1302 778 256
1322 750 1359 775 v.
1380 737 1462 788 18).
1517 737 1592 788 igi-

142 799 207 832 tur
227 793 271 831 id
289 793 493 843 contigerit
510 806 613 833 anno
634 793 777 831 Christi
799 796 919 840 1298,
951 806 1028 843 quo
1047 791 1302 830 certissimum
1325 801 1383 830 est
1400 792 1590 831 indictio—

140 862 230 887 nem
253 852 301 890 11
322 849 436 886 fuisse
457 855 701 887 numeratam
725 849 881 887 Graecis
905 862 927 886 a
945 847 1164 900 Septembri
1192 849 1284 886 anni
1310 849 1590 899 praecedentis,

140 905 286 943 Latinis
308 918 332 942 a
348 905 524 942 kalendis
538 905 739 946 Ianuariis.
773 904 874 943 illud
887 905 953 942 hic
969 905 1141 943 occurrit
1157 903 1461 953 incommodum,
1481 906 1590 954 quod

139 961 277 998 literae
290 961 387 998 istae
395 960 596 1001 Athanasii
615 961 888 1001 declaratrices
903 961 1043 1002 mentis
1058 960 1139 1000 eius
1154 973 1285 998 mense
1297 960 1452 998 demum
1464 960 1590 1012 Aprili

138 1022 230 1068 post
255 1016 522 1055 inventionem
544 1016 769 1059 chartarum
796 1017 1113 1055 absconditarum
1132 1022 1274 1054 octavo
1297 1016 1587 1067 consignentur,

139 1086 231 1110 cum
247 1077 335 1110 tota
355 1073 530 1110 narratio
550 1072 726 1111 historici
743 1069 986 1113 demonstret
1012 1073 1136 1111 multo
1158 1072 1316 1110 brevius
1335 1072 1503 1123 spatium
1522 1073 1587 1112 in-

138 1127 355 1167 tercessisse
381 1128 485 1166 inter
502 1129 729 1180 scrupulum
755 1129 944 1167 insenum
967 1134 1005 1166 et
1025 1128 1201 1166 evulsum
1221 1128 1347 1165 animo
1373 1128 1588 1179 impeiato-

137 1184 203 1222 ris.
263 1183 420 1223 omnino
449 1184 566 1222 credo
590 1185 775 1223 mendum
802 1184 868 1222 hic
889 1197 970 1222 essa
987 1185 1029 1223 in
1052 1184 1206 1222 duobus
1231 1183 1403 1234 alioquin
1428 1184 1585 1235 optimis

138 1238 336 1278 codicibus
353 1239 598 1291 Pachymeris
617 1242 649 1279 B
667 1247 707 1278 et
722 1241 756 1278 A
776 1241 919 1279 diserte
934 1240 1167 1278 habentibus
1186 1239 1280 1291 μηνὶ
1297 1235 1515 1294 Ἀπριλλίῳ,
1545 1246 1584 1283 et

138 1295 247 1347 apud
269 1308 393 1333 unum
413 1295 640 1334 Vaticanum
662 1309 797 1336 veram
818 1296 934 1335 huius
955 1296 1030 1334 loci
1049 1302 1183 1333 extare
1209 1295 1422 1334 lectionem.
1478 1297 1521 1333 in
1537 1308 1583 1333 eo

138 1351 240 1389 enim
265 1351 407 1402 legitur
434 1351 529 1403 μηνὶ
549 1353 805 1405 Σεπτεμβρίῳ
825 1353 1072 1400 ἰνδικτιῶνος
1091 1348 1157 1398 toi,
1185 1351 1263 1389 hoc
1290 1358 1346 1389 est
1363 1366 1492 1389 mense
1507 1353 1584 1389 Se—

131 1406 306 1462 ptembn·
327 1405 562 1447 indictionis
591 1411 654 1449 11.
682 1409 919 1459 Septembris
947 1408 1066 1458 igitur
1097 1406 1205 1445 initio
1231 1407 1325 1445 anni
1352 1407 1442 1446 Chr.
1463 1410 1584 1455 1297,

138 1476 217 1513 quo
244 1462 321 1500 iam
339 1463 478 1500 Graeci
507 1464 759 1501 indictionem
783 1468 835 1508 11
859 1476 1064 1502 numerare
1092 1477 1163 1501 suo
1187 1476 1297 1501 more
1326 1463 1583 1515 occupabant,

136 1523 314 1569 repertae
331 1518 488 1556 chartae
503 1519 599 1557 istae
621 1520 791 1570 fuerint,
818 1526 906 1572 post
922 1533 1068 1572 paucos
1085 1532 1180 1559 vero
1200 1519 1282 1557 dies
1298 1519 1435 1557 eodem
1451 1531 1585 1556 mense

135 1574 273 1612 literae
287 1573 486 1612 Athanasii
512 1589 607 1625 quas
633 1575 805 1614 diximus
831 1575 1085 1628 conscriptae.
1139 1575 1215 1614 suit
1244 1581 1375 1624 autem
1396 1575 1430 1613 is
1457 1588 1582 1617 annus

135 1630 296 1669 Cosmae
310 1630 597 1683 patriarchatus
613 1637 790 1683 quartus.

614 1773 969 1823 CAPUT
1038 1774 1096 1827 V.

137 1863 203 1900 De
229 1862 348 1900 lunae
366 1862 579 1912 defectione
606 1866 727 1902 totali
750 1864 1096 1914 Constantinopoli
1124 1866 1215 1901 visa
1234 1862 1299 1899 die
1320 1861 1372 1904 14
1391 1862 1580 1912 Ianuarii

192 1930 299 1955 anno
322 1918 475 1956 Christi
499 1923 626 1970 1302,
655 1935 779 1977 quam
807 1919 994 1964 describit
1011 1918 1270 1969 Pachymeres
1296 1919 1326 1960 l.
1345 1916 1370 1959 4
1400 1932 1435 1958 c.
1458 1920 1523 1970 15.

246 2017 276 2056 1.
331 2018 423 2055 Fuit
435 2018 587 2057 Ioannis
602 2020 761 2056 Cosmae
775 2018 1064 2070 patriarchatus
1082 2018 1155 2055 alia
1171 2031 1325 2068 quoque
1347 2018 1578 2069 conspicuus

138 2071 294 2110 coelesti
322 2079 439 2122 nota,
467 2087 512 2111 eo
540 2073 604 2113 hic
628 2088 650 2111 a
674 2074 785 2111 nobis
809 2074 1084 2125 pertractanda
1109 2073 1341 2124 diligentius,
1370 2073 1476 2123 quod
1498 2074 1580 2111 eius

138 2126 395 2167 consideratio
419 2136 597 2180 speretur
619 2130 889 2168 redundatura
916 2130 958 2167 in
984 2143 1064 2166 non
1092 2129 1249 2179 vulgare
1275 2129 1579 2167 stabilimentum

138 2182 496 2235 chronologicarum
522 2185 683 2223 huiusce
710 2186 830 2223 totius
854 2184 1038 2223 historiae
1076 2185 1283 2222 rationum.
1347 2185 1435 2224 loco
1454 2184 1573 2223 modo
1597 2189 1627 2224 P.
1650 2188 1716 2224 573

132 2239 333 2288 indicato,
376 2241 560 2279 nimirum
593 2255 632 2292 p.
662 2244 743 2282 306
774 2255 812 2282 v.
842 2243 888 2288 3,
938 2240 1070 2278 scribit
1102 2247 1234 2278 noster
1266 2240 1478 2279 historicus
1509 2254 1577 2278 eo-

137 2295 227 2333 dem
245 2309 347 2334 anno
369 2297 478 2334 cuius
499 2302 587 2348 post
605 2296 890 2346 aequinoctium
909 2296 1133 2334 autumnale
1153 2302 1300 2334 cometa
1319 2296 1575 2348 praecedente

131 2351 263 2402 ‚capite
280 2353 495 2403 descriptus
519 2359 774 2404 apparuerat,
802 2352 979 2395 Ianuario
999 2357 1201 2402 currente,
1230 2365 1319 2390 cum
1339 2353 1488 2415 primus
1508 2353 1573 2396 lu-

134 2420 207 2444 nae
233 2421 257 2444 a
282 2408 484 2446 novilunio
506 2421 727 2459 progressus
751 2407 863 2445 simul
888 2421 976 2445 cum
994 2408 1060 2444 iilo
1086 2421 1215 2445 mense
1233 2408 1454 2459 incepisset,
1484 2421 1573 2460 eum

129 2463 330 2514 planetam
347 2464 591 2514 plenilunio
580 2478 622 2501 m
645 2463 854 2513 deliquium
873 2463 1064 2511 incidisse,
1077 2470 1197 2514 prout
1211 2463 1435 2515 imperatori
1454 2476 1572 2515 prae-

133 2518 318 2558 dixerant
335 2521 682 2559 astronomicarum
700 2519 813 2570 periti
831 2519 1026 2562 rationum
1037 2550 1048 2569 ,
1079 2533 1215 2571 nempe
1237 2519 1291 2558 ita
1307 2525 1355 2558 ut
1373 2520 1572 2559 obscurari

135 2575 305 2625 coeperit
333 2576 413 2614 fere
440 2577 556 2620 tertia
579 2577 711 2616 noctis
737 2575 856 2623 hora,
886 2588 908 2611 a
934 2580 1047 2626 parte
1077 2575 1173 2613 disci
1198 2575 1346 2621 lunaris
1370 2575 1572 2623 Orientali,

134 2630 397 2680 paulatimque
415 2645 484 2682 per
504 2632 622 2670 horae
642 2632 809 2683 spatium
830 2631 987 2680 caligine
1008 2631 1266 2681 subintrante,
1293 2643 1452 2681 prorsus
1466 2630 1571 2668 intra

138 2684 316 2724 umbram
332 2685 427 2724 luna
444 2694 530 2726 tota
547 2688 746 2738 absorpta,
774 2687 882 2738 nigra
898 2686 1111 2737 perstiterit
1132 2686 1252 2733 horae
1272 2686 1427 2728 triente.
1482 2692 1571 2737 post

138 2739 243 2787 quod
269 2753 466 2780 resumens
492 2744 598 2781 lento
617 2755 844 2795 progressu,
874 2756 896 2778 a
922 2742 1037 2780 limbo
1056 2742 1151 2779 coeli
1170 2742 1273 2794 parti
1290 2741 1479 2790 Orientali
1498 2741 1570 2779 ob-

137 2806 264 2844 verso,
290 2797 490 2847 perditum
506 2799 650 2849 lumen,
679 2804 764 2837 tota
780 2797 921 2836 sensim
937 2796 1036 2836 hora
1051 2798 1215 2838 tenebris
1233 2809 1441 2849 emergens,
1470 2810 1571 2849 pura
