1858 3126
230 177 332 224 424
653 172 892 218 GEORGII
925 172 1278 217 PACHYMERIS

232 292 341 348 φθὲν
370 289 550 332 Ἀλανῶν
573 291 740 343 πλῆθος
774 285 830 338 ὥς
858 288 914 338 εἲς
939 287 1108 342 χιλίους.
1179 285 1227 329 τὸ
1255 286 1299 329 δὲ
1320 287 1461 331 λοιπὸν
1475 285 1701 341 Ῥωμαϊκὸν

233 357 283 415 ἦν
301 358 380 401 ὑπὸ
402 358 471 401 τὸν
493 357 619 413 μέγαν
639 356 821 411 ἄρχοντα
839 356 910 399 τὸν
931 354 1180 412 ΙΙΙαρούλην.
1242 348 1298 398 ὧν
1320 352 1513 398 ἁπάντων
1533 354 1554 399 ὅ
1574 356 1701 412 μέγας

234 428 334 478 δοὲξ
363 427 564 482 ἐξηγεῖτο,
602 425 728 476 αὐτὸς
761 425 966 475 καθιστὰς
993 424 1091 474 τούς
1109 421 1314 479 μισθούς,
1349 423 1474 474 αὐτὸς
1495 425 1698 480 παρέχων,

233 498 300 540 καὶ
331 493 482 552 τρόπον
516 492 823 552 αὐτοκράτορος
852 498 1084 551 στρατηγοῦ
1119 492 1227 549 ἄγων
1262 494 1328 535 καὶ
1358 492 1494 550 φέρων
1521 491 1602 552 ὅπῃ
1634 496 1702 537 καὶ

231 562 439 619 βούλοιτο.
1712 571 1734 606 5

91 647 119 680 P
143 646 210 682 294
372 635 452 678 2‘2.
527 632 609 675 Τὸν
650 632 694 674 δὲ
736 631 964 689 φυλακίτην
1002 630 1385 688 πορσυρογέννητον
1414 627 1441 685 ἦ
1468 633 1542 673 τοῦ
1575 629 1705 685 μηνὸς

232 702 397 757 πὲμπτη
441 700 582 756 νεκρὸν
625 705 805 760 καθορᾷ.
876 700 923 743 τὸ
956 699 1034 757 γὰρ
1065 705 1139 755 τῆς
1171 697 1373 756 κυνάγχης
1400 696 1539 748 πάθος
1570 697 1704 742 πάντα

234 776 394 827 μᾶλλον
427 771 575 812 ἐκεῖνον
606 768 631 824 ἢ
666 766 950 824 περιεσόμενον
977 766 1249 824 ἀπειργάζετο.
1321 766 1344 811 ὃ
1374 768 1560 823 γνωσθὲν
1581 773 1706 821 βασι-

236 846 318 894 λεῖ,
358 839 519 893 σπουδὴ
550 834 600 894 ἦν
630 838 736 880 κατὰ
766 839 814 880 τὸ
845 837 949 888 εἰκὸς
969 836 1168 893 πρότερον
1190 835 1215 892 ἢ
1237 836 1431 880 ἀπελθεῖν
1450 835 1706 892 ἑτοιμασθῇ-

234 927 316 953 ναι.
387 910 453 951 καὶ
484 907 652 961 πέμψας
689 906 818 965 (οὐδὲ
839 906 915 963 γὰρ
937 906 1051 961 ἠξίου
1075 908 1284 962 προσιδεῖν
1307 905 1375 948 διὰ
1399 904 1474 960 τὴν
1495 905 1706 949 καθοσίω-
1719 911 1763 945 10

237 977 330 1034 σιν)
366 977 419 1020 τὰ
447 975 554 1019 καθ’
579 973 703 1018 αὑτὸν
729 975 1004 1031 προσέταττεν
1035 977 1261 1029 οἰκονομεῖν
1281 972 1337 1024 ὥς
1354 972 1559 1028 βούλεται.
1630 974 1707 1018 κᾶ-

187 1059 216 1093 Β
239 1046 356 1100 πειὸὴ
386 1045 505 1088 οὐδὲν
524 1040 576 1100 ἦν
595 1044 696 1088 ἄλλο
717 1045 756 1088 οἳ
775 1042 984 1100 προύργου
1007 1046 1098 1100 περὶ
1122 1038 1171 1087 οὗ
1199 1042 1508 1098 διασκέψαιτοῆ
1529 1043 1578 1086 τὸ
1601 1041 1709 1087 ἕτοι-

236 1119 454 1170 μασθῆναι
488 1116 556 1157 καὶ
594 1114 652 1168 μὴ
687 1117 975 1169 ταραχθῆναι,
1026 1112 1287 1156 ἀνακαλεῖται
1322 1113 1396 1165 μὲν
1435 1109 1707 1167 πατριάρχην,

238 1184 461 1238 ἀνατίθησι
485 1182 532 1225 δέ
552 1182 590 1225 οἱ
609 1182 705 1243 τούς
736 1179 968 1237 λογισμούς.
1039 1183 1106 1224 καὶ
1128 1181 1244 1230 τέλος
1264 1179 1366 1237 παρ’
1389 1179 1519 1223 αὐτοῦ
1545 1179 1710 1224 ἀποκεί-

239 1270 351 1307 ρεται
385 1254 452 1295 καὶ
483 1249 732 1301 Ἀθανάσιος
763 1249 1002 1303 ὀνομάζεται
1016 1283 1028 1302 ,
1067 1247 1191 1293 πάντ’
1213 1251 1342 1292 ἐκεῖνα
1363 1248 1415 1291 τὰ
1438 1247 1580 1305 πρώην
1605 1250 1711 1305 μηδὲ
1722 1257 1764 1293 15

240 1326 450 1377 λογισμοῖς
486 1320 734 1375 ἐπιτρέψας,
775 1318 879 1362 ὥστε
908 1321 975 1362 καὶ
1005 1321 1095 1375 περὶ
1118 1322 1191 1361 τοῦ
1210 1317 1409 1375 σφετέρου
1430 1318 1524 1360 υἱοῦ
1547 1315 1711 1373 ἐρωτώ-

239 1407 385 1445 μενος,
433 1389 636 1442 βασιλέως
674 1388 930 1443 πέμποντος,
977 1387 1015 1430 εἶ’
1041 1405 1080 1430 τι
1112 1388 1179 1430 καὶ
1207 1389 1296 1442 περὶ
1321 1387 1471 1429 ἐκείνου
1500 1383 1710 1440 βούλοιτο,

242 1458 500 1515 προσθέντος
530 1459 597 1499 καὶ
626 1461 702 1500 τοῦ
737 1457 935 1511 ἀνεψιοῦ,
980 1458 1128 1499 ἐκεῖνον
1168 1455 1331 1512 βαρέως
1369 1453 1714 1511 ἀπολογήσασθαι

192 1536 222 1569 C
246 1525 346 1581 μήτ’
383 1526 509 1568 αὐτὸν
542 1525 642 1579 ἔχειν
674 1525 765 1569 υἱὸν
797 1523 900 1580 μήτ’
935 1525 1083 1568 ἐκεῖνον
1114 1522 1306 1577 ἀνεψιόν,
1344 1525 1411 1566 καὶ
1435 1522 1567 1573 οὕτως
1586 1523 1715 1579 αὐτῆς

233 1594 356 1653 ’ὥρας
390 1592 710 1651 ε’φησυχάσαντα
727 1599 778 1652 τῇ
801 1592 996 1654 ὑστεραία
1019 1593 1259 1636 ἀποθανεῖν.
1329 1590 1354 1646 ἦ
1383 1590 1428 1634 δ’
1455 1592 1611 1650 ἐκφορὰ
1638 1596 1769 1636 ‘roim

243 1775 328 1809 bant
360 1773 456 1809 Alani
489 1772 614 1808 residui
649 1772 826 1808 admodum
859 1771 959 1807 mille.
1006 1771 1170 1818 reliquum
1196 1771 1379 1816 explebant
1402 1770 1518 1816 copiae
1539 1771 1715 1805 Romanae

245 1821 309 1854 sub
341 1832 462 1866 magno
495 1820 658 1854 archonte
691 1820 835 1854 Maxuie.
883 1819 939 1853 his
961 1818 1092 1863 pariter
1116 1817 1268 1852 omnibus
1299 1823 1460 1863 praeerat
1482 1818 1552 1851 dux
1574 1827 1714 1862 magnus

245 1878 375 1901 sumnia
398 1872 434 1900 et
458 1866 558 1911 plena
581 1870 773 1911 potestate,
797 1865 966 1910 stipendia
990 1864 1130 1908 singulis
1152 1865 1227 1909 ipse
1250 1863 1477 1905 constituens,
1500 1863 1588 1897 idem
1611 1874 1716 1909 prae-

244 1914 352 1954 bens,
387 1912 530 1958 denique
564 1922 659 1946 more
690 1911 907 1956 imperatoris
930 1911 1086 1945 absolute
1107 1909 1292 1944 exercitum
1315 1909 1469 1954 regentis
1489 1909 1617 1944 ducens
1638 1908 1717 1944 uni-

244 1970 364 1993 versos
387 1959 571 2004 ferensque
593 1969 660 2003 quo
684 1963 720 1991 et
742 1969 809 2002 qua
833 1957 973 1991 libebat.

338 2006 394 2039 22.
441 2008 489 2038 At
526 2004 875 2049 Porphyrogenitum,
910 2007 1060 2037 veterem
1096 2002 1163 2036 iam
1198 2001 1345 2036 carceris
1378 2001 1564 2047 hospitem,
1597 2001 1717 2046 quinta

247 2050 322 2084 dies
355 2051 478 2084 mensis
509 2050 657 2084 eiusdem
690 2049 780 2083 vidit
810 2054 997 2084 mortuum:
1033 2060 1108 2083 nam
1140 2059 1215 2082 eum
1248 2048 1392 2092 anginae
1423 2048 1561 2082 morbus
1583 2046 1716 2092 quidvis

246 2096 360 2140 potius
392 2107 493 2141 quam
527 2095 743 2140 superstitem
774 2095 901 2129 effecit.
949 2094 1085 2139 cognito
1115 2094 1301 2139 imperator
1333 2093 1450 2127 fratris
1472 2093 1621 2138 periculo
1643 2097 1718 2126 stu-

248 2142 341 2175 dium
371 2142 524 2176 adhibuit
557 2142 601 2176 ad
631 2142 880 2186 procurandum
914 2146 954 2175 ut
982 2144 1115 2175 mature
1147 2141 1191 2174 ad
1222 2142 1362 2174 mortem
1385 2141 1565 2173 instantem
1589 2138 1655 2172 rite
1675 2149 1717 2172 ac

247 2187 306 2233 pie
339 2188 528 2222 obeundam
561 2193 849 2232 praepararetur,
880 2186 1060 2232 missisque
1082 2186 1127 2220 ad
1151 2186 1241 2220 ilium
1265 2198 1308 2220 ea
1335 2186 1378 2220 de
1401 2196 1505 2219 causa
1527 2183 1633 2218 certis
1654 2183 1718 2216 ho-

247 2232 392 2266 minibus
429 2235 531 2277 (nam
565 2245 639 2267 eum
674 2233 748 2279 ipse
779 2233 897 2267 videre
921 2234 964 2267 ob
988 2233 1297 2268 condemnationem
1328 2231 1462 2275 noluit)
1497 2227 1718 2275 praescripsit

247 2279 329 2322 quid
354 2282 390 2312 et
412 2283 581 2324 quatenus
604 2279 637 2312 in
662 2291 702 2312 eo
725 2291 852 2324 genere
874 2278 1104 2313 administrari
1127 2280 1171 2312 ab
1194 2278 1238 2312 iis
1260 2277 1376 2311 vellet.
1423 2275 1579 2321 quoniam
1602 2278 1716 2308 autem

249 2324 494 2359 Constantinus
518 2325 831 2370 Porphyrogenitus
863 2337 931 2370 quo
954 2330 1047 2358 statu
1071 2329 1166 2366 erat,
1196 2323 1348 2369 privatus
1377 2322 1539 2356 libertate
1561 2331 1604 2353 ac
1626 2319 1717 2353 mui-

248 2374 343 2404 tatus
368 2370 490 2412 bonis,
523 2370 605 2404 nihii
628 2370 718 2404 aliud
743 2371 785 2404 de
809 2382 876 2416 quo
901 2371 1094 2404 deliberare
1125 2381 1250 2414 operae
1275 2368 1422 2413 pretium
1454 2368 1546 2400 esset
1568 2365 1716 2399 habebat

249 2426 350 2461 quam
374 2426 583 2460 praeparare
606 2416 747 2450 animam
771 2416 815 2450 ad
838 2417 1016 2450 transitum
1048 2416 1256 2459 efficereque
1279 2419 1318 2447 ut
1339 2411 1508 2457 intrepide
1531 2410 1630 2446 morti
1652 2422 1716 2444 oc·-

253 2466 427 2504 curreret,
453 2461 669 2506 patriarchae
692 2461 860 2495 accersito
883 2472 920 2495 se
945 2460 1102 2506 permisit
1124 2464 1250 2501 totum,
1274 2457 1435 2504 quidquid
1457 2458 1591 2491 iuberet
1612 2467 1717 2501 para—

252 2513 309 2541 tus
332 2507 475 2552 exequi3
510 2518 531 2540 a
554 2517 620 2551 quo
644 2506 790 2550 denique
821 2507 856 2540 in
883 2507 1077 2540 monachum
1101 2510 1257 2540 attonsus
1279 2509 1315 2537 et
1337 2502 1544 2538 Athanasius
1565 2502 1717 2536 nomina-

253 2558 311 2586 tus
342 2557 406 2586 est.
454 2552 581 2586 veteris
614 2563 697 2586 suae
727 2553 885 2586 fortunae
915 2562 1095 2596 rerumque
1117 2555 1364 2584 transactarum
1387 2560 1429 2582 ne
1453 2549 1560 2594 prima
1582 2547 1717 2593 quidem

254 2598 460 2642 cogitatione
482 2603 580 2632 tenus
604 2597 776 2631 recordari
799 2608 883 2642 prae
906 2608 943 2630 se
965 2597 1064 2637 tulit,
1087 2595 1171 2630 adeo
1193 2599 1232 2628 ut
1254 2596 1298 2629 de
1320 2595 1459 2640 proprio
1485 2594 1554 2628 filio
1578 2597 1718 2638 rogatus

254 2644 388 2679 nomine
420 2643 652 2689 imperatoris,
682 2647 722 2676 ut
753 2642 882 2676 diceret
914 2642 943 2676 si
976 2641 1055 2686 quid
1088 2641 1192 2674 venet
1222 2646 1396 2683 statuere,
1433 2651 1507 2674 cum
1531 2639 1650 2674 missus
1673 2639 1717 2673 ad

253 2691 317 2724 hoc
342 2690 520 2724 recitasset
542 2688 723 2723 Andronici
749 2687 889 2732 Augusti
911 2688 1037 2728 verba,
1060 2685 1236 2728 iuvenem,
1261 2686 1303 2720 de
1327 2698 1393 2731 quo
1417 2686 1603 2730 agebatur,
1624 2685 1719 2719 Con·-

253 2736 403 2770 stantino
434 2733 602 2781 genitum,
637 2746 733 2768 suurn
757 2746 799 2768 ex
823 2735 932 2768 fratre
956 2736 1113 2778 nepotem
1136 2731 1358 2777 appellantis,
1389 2731 1543 2776 graviter
1574 2742 1718 2776 respon-

253 2780 344 2815 derit
376 2785 474 2816 “nec
505 2793 568 2826 ego
600 2780 704 2815 filium
736 2780 868 2821 habeo,
900 2790 963 2813 nec
995 2782 1153 2824 nepotem
1186 2777 1279 2812 iue.”
1326 2789 1392 2823 quo
1425 2777 1515 2811 dicto
1546 2777 1659 2811 statim
1681 2775 1717 2811 in

253 2827 401 2872 quietem
425 2826 630 2874 compositus
654 2826 820 2872 postridie
840 2824 999 2861 decessit.
1045 2824 1146 2859 elatio
1182 2824 1360 2859 cadaveris
1391 2827 1561 2870 apparatu
1583 2821 1718 2858 funebri
