1820 3112
185 155 288 203 260
617 151 855 198 GEORGII
888 151 1243 197 PACHYMERIS

190 272 258 315 καὶ
279 267 480 317 ἄστασῖας
500 265 563 309 ἐπὶ
584 273 671 317 τοῖς
690 263 848 318 δόξασι.
919 266 1024 322 πλὴν
1053 265 1157 321 μετὰ
1182 262 1347 324 καιρόν,
1385 265 1417 311 α’
1419 284 1441 318 ς
1473 263 1662 326 ἁρμόζειν

190 339 337 382 αὐτίκα
366 335 491 391 λέγειν
504 368 517 389 ,
550 336 805 379 {acclamat
821 335 861 379 οἳ
878 336 982 386 τινὲς
1000 339 1084 378 τῶν
1102 333 1192 378 ὅσοι
1215 337 1282 378 καὶ
1305 339 1387 379 τῶν
1421 337 1662 392 οἲκονομιῶν

187 407 235 451 τὸ
264 409 452 448 πλεῖστον
477 404 863 465 προσαφῃρέθησαν
874 437 887 457 ,
926 400 1132 461 προφάσει
1152 404 1226 459 μὲν
1251 407 1302 461 τῇ
1324 405 1379 454 εἷς
1400 405 1574 458 βασιλέα
1593 407 1662 448 πί-

188 492 272 519 στει
291 471 565 531 χρησάμενοι·
602 474 722 517 οὐδὲν
743 474 788 516 δὲ
806 467 929 528 ἦττον
947 471 1110 523 ἑαυτοῖς
1130 470 1296 527 ἀμύνειν
1315 472 1486 529 ἤθελον,
1523 491 1662 531 παρα-

188 542 455 599 λελυπημένοι
476 541 536 593 οἷς
558 540 897 601 προσαφῇρηντο.
945 543 1089 601 καὶτῷ
1113 538 1339 601 Θεολήπτῳ
1362 543 1694 600 Φιλαδελφείαςὸ

189 609 492 671 προσελθόντες
519 611 594 662 τὰς
621 611 724 667 πρὸς
744 610 918 666 βασιλέα
943 612 1096 661 πίστεις
1117 610 1362 667 ἦθετηκέναι
1381 610 1453 654 τὸν
1467 609 1661 668 Ἰωάννην

134 679 164 714 Β
189 682 348 738 ἔλεγον,
385 682 451 723 καὶ
472 682 598 736 δῆλον
617 678 731 733 εἶναι,
771 681 813 731 ἐξ
833 674 890 722 ὧν
909 695 951 735 γε
971 681 1039 722 καὶ
1058 677 1247 737 πράττοι,
1283 680 1355 723 τὸν
1377 683 1454 735 τῆς
1473 679 1662 724 ἀποστα-

188 748 344 806 τήσεως
362 747 490 802 κύβον
513 749 771 806 ἀναρρίπτειν
795 747 1037 805 ἀρξάμενον.
1109 753 1242 791 ταῦτα
1269 747 1450 805 λέγοντες
1476 747 1659 803 ἔπειθον,

189 821 256 863 καὶ
283 822 443 873 μᾶλλον
464 819 519 868 εἷς
537 818 612 873 τὴν
635 818 730 861 κατ’
753 819 904 860 ἐκείνου
928 818 1153 873 ἀπέχθειαν
1181 815 1422 874 ὡρμημένον
1441 815 1569 861 πάλαι
1588 816 1660 862 ἅτε

187 890 255 931 καὶ
287 887 411 930 αὐτὸν
444 886 542 929 κατ’
575 887 726 930 ἐκείνου
760 886 812 929 τὰ
841 886 974 929 πολλὰ
1004 884 1290 942 μωμούμενον.
1360 887 1427 929 καὶ
1447 886 1524 930 σὺν
1541 887 1659 944 σφίσι
1673 902 1717 937 10

187 956 262 1013 τὴν
286 955 390 1012 πρὸς
410 956 559 998 ἐκεῖνον
586 951 661 1014 (ἦν
685 955 727 998 δ’
753 956 817 997 ἐπὶ
837 959 911 998 τοῦ
934 956 1105 1013 πυργιόυ
1126 953 1244 1012 τότε)
1271 955 1498 1012 ἠπείγοντο.
1571 953 1592 999 ὅ
1616 956 1661 999 δὲ

186 1025 390 1083 προγνοὺς
422 1024 497 1079 τὴν
525 1029 607 1068 τῶν
637 1021 834 1067 ἐπιόντων
853 1023 1028 1081 ἔφοδον,
1065 1025 1132 1066 καὶ
1155 1022 1210 1074 ὥς
1229 1025 1293 1067 ἐπὶ
1315 1028 1419 1081 κακῇ
1444 1027 1660 1082 προϋπηρ-

186 1094 310 1152 γμένῃ
337 1091 478 1151 φήμῃ,
517 1095 551 1136 εἴ.
573 1095 639 1136 καὶ
661 1093 821 1148 ψευδὴς
841 1087 911 1148 ἦν,
949 1092 1184 1135 ἀπαντῶσιν
1210 1092 1315 1149 ἤδη,
1351 1090 1554 1150 θραύεται
1583 1092 1658 1149 τὴν

189 1161 345 1219 ὁρμήν,
382 1163 450 1205 καὶ
482 1161 680 1205 εῗσελθών
712 1161 786 1216 τὴν
814 1162 938 1204 ε’κεῒσε
957 1161 1087 1216 μονὴν
1107 1165 1182 1204 τοῦ
1203 1161 1243 1203 ἒν
1264 1158 1445 1218 μάρτυσι
1465 1162 1658 1218 μεγίστου

136 1224 167 1259 c
192 1236 233 1275 Γ
230 1232 398 1288 εωργίου
413 1264 427 1284 ,
473 1231 548 1285 τὴν
588 1235 661 1273 τοῦ
691 1230 796 1280 Διὸς
834 1230 943 1287 ἱεροῦ
974 1228 1125 1283 πάλαι,
1175 1234 1249 1273 τοῦ
1278 1229 1495 1287 ἀσφαλοῦς
1523 1228 1658 1290 ἑαυτῷ
1670 1238 1713 1274 15

187 1297 387 1358 προυνόει.
458 1301 526 1342 καὶ
549 1300 589 1343 οἳ
605 1300 679 1354 μὲν
700 1296 934 1349 ἐπιστάντες
953 1298 1110 1350 ἔξωθεν
1129 1299 1454 1354 ἒπιζυγωθεισῶν
1477 1303 1560 1343 τῶν
1577 1317 1658 1342 πυ-

187 1373 270 1413 λῶν
295 1373 368 1423 τῆς
389 1373 519 1424 μονῆς
544 1367 887 1422 ἐσπουδασμένως
909 1367 961 1410 τὰ
980 1372 1054 1423 τῆς
1073 1372 1216 1424 κωφῆς
1242 1368 1392 1424 ἐκείνης
1411 1368 1658 1424 κατηγορίας

185 1437 451 1491 συνέπλεκον,
484 1438 552 1480 καὶ
579 1436 653 1480 οὐκ
675 1428 733 1480 ιἂν
764 1436 897 1494 ἔλεγον
916 1434 1107 1493 Ἰωάννην
1134 1436 1356 1496 περαιτέρω
1376 1440 1459 1481 τῶν
1481 1438 1656 1481 ἐντολῶν

185 1570 356 1604 fluctuare
382 1580 446 1614 par
467 1570 570 1604 soret.
619 1572 791 1604 caeterum
822 1569 1034 1616 periclitatus
1056 1569 1111 1604 hic
1135 1569 1316 1615 aliquando
1339 1581 1361 1604 a
1383 1570 1455 1605 suis
1478 1581 1657 1616 oppugna-

187 1615 323 1650 toribus
352 1615 441 1658 fuit3
476 1615 565 1660 quod
597 1616 663 1650 etsi
695 1615 813 1650 evenit
847 1616 1055 1661 aliquantum
1079 1620 1158 1661 post
1186 1616 1250 1650 hoc
1272 1619 1404 1661 tempus
1426 1616 1461 1650 in
1487 1627 1554 1662 quo
1577 1627 1657 1651 nar-

186 1661 294 1696 rando
326 1672 524 1706 versamur,
558 1665 672 1696 tamen
694 1661 749 1695 hic
772 1665 914 1707 propter
948 1662 1112 1696 materiae
1139 1661 1376 1696 connexionem
1400 1663 1532 1697 referre
1553 1673 1657 1697 occu-

186 1708 289 1753 pabo.
337 1706 486 1741 conflata
520 1707 557 1741 in
591 1719 666 1742 eum
698 1713 752 1741 est
783 1707 889 1742 factio
923 1707 1062 1741 militum
1094 1719 1208 1741 eorum
1241 1719 1346 1753 quos,
1378 1711 1418 1742 ut
1441 1708 1567 1742 dictum
1587 1710 1655 1752 est,

188 1752 362 1799 superflue
385 1752 508 1788 divites
532 1757 632 1808 parte
656 1765 757 1799 opum
779 1753 991 1788 redundante
1017 1753 1243 1794 multaverat,
1273 1765 1341 1798 qua
1362 1753 1554 1798 indigentes
1576 1765 1657 1788 cae-

187 1803 281 1834 teros
314 1798 461 1834 iuvaret.
508 1800 543 1834 h·
573 1799 686 1834 studio
720 1800 873 1833 sincerae
895 1799 931 1833 in
954 1799 1191 1845 imperatorem
1223 1798 1305 1832 fidei
1336 1799 1468 1834 moveri
1491 1811 1530 1834 se
1551 1799 1656 1834 simu-

188 1846 319 1886 lantes,
356 1856 431 1879 cum
464 1856 502 1879 re
530 1857 615 1880 vera
645 1845 899 1880 concitarentur
922 1845 1039 1880 dolore
1067 1845 1261 1880 imminutae
1282 1844 1367 1890 ipsis
1390 1845 1577 1891 pecuniae,
1611 1845 1657 1880 ad

188 1891 406 1935 impotentem
436 1891 654 1936 cupiditatem
683 1891 868 1926 ulciscendi
900 1893 1062 1926 molestae
1085 1891 1187 1936 ipsis,
1221 1891 1437 1936 quantumvis
1460 1902 1591 1937 aequae
1613 1903 1656 1926 ac

190 1936 324 1982 publice
357 1937 543 1981 salutaris,
576 1937 824 1972 distributionis
857 1942 1051 1978 auctorem,
1082 1937 1307 1982 Theoleptum
1331 1937 1657 1983 Philadelphiensem

190 1982 394 2017 conveniunt
417 1983 631 2029 episcopum,
655 1983 757 2029 eique
780 1984 938 2018 deferunt
959 1983 1174 2018 manifestum
1197 1982 1304 2017 videri
1328 1995 1371 2018 ex
1394 1982 1437 2018 iis
1460 1995 1549 2028 quae
1562 1983 1657 2018 Tar-

191 2028 347 2062 chaniota
369 2035 508 2073 ageret,
536 2029 695 2064 meditari
719 2041 795 2064 eum
818 2030 1041 2064 defectionem
1063 2030 1107 2064 ab
1130 2029 1356 2074 imperatore,
1390 2029 1568 2074 omniaque
1599 2040 1657 2064 se-

189 2073 267 2107 dulo
303 2085 500 2119 comparare
522 2080 561 2109 ut
584 2088 660 2110 mox
684 2082 802 2110 contra
829 2076 920 2109 illum
942 2078 1053 2121 palam
1075 2076 1277 2119 insurgeret,
1324 2074 1428 2111 facile
1449 2075 1483 2109 id
1505 2074 1550 2109 illi
1573 2085 1656 2121 per-

189 2123 370 2153 suaserunt
401 2121 569 2164 antistiti,
601 2122 689 2156 male
724 2122 790 2156 iam
820 2127 922 2156 antea
953 2122 987 2156 in
1011 2121 1276 2156 Tarchaniotam
1297 2121 1447 2164 affecto,
1480 2120 1609 2167 quippe
1631 2131 1654 2155 a.

192 2177 260 2210 quo
285 2167 524 2201 contumeliose
545 2179 583 2201 se
607 2179 742 2214 quoque
765 2167 959 2202 traductum
983 2172 1019 2202 et
1040 2168 1177 2202 irrisum
1203 2167 1443 2213 reprehensum
1468 2177 1512 2200 ue
1535 2165 1653 2200 memi-

190 2210 309 2244 nisset.
356 2223 437 2256 ergo
470 2217 506 2246 et
537 2213 592 2248 hic
623 2214 765 2248 ducibus
789 2213 967 2248 seditionis
999 2213 1169 2247 immixtus
1191 2213 1314 2247 infesto
1338 2223 1413 2246 cum
1435 2211 1502 2245 ilis
1523 2211 1654 2256 impetu

189 2256 234 2291 ad
257 2257 542 2302 Tarchaniotam,
578 2260 628 2294 uti
650 2260 740 2294 haud
763 2259 866 2294 dubie
889 2259 1106 2294 rebellionem
1129 2259 1394 2298 machinantem,
1429 2257 1652 2291 coercendum

189 2305 250 2336 aut
273 2303 621 2347 comprehendendum
642 2306 749 2342 vadit.
795 2309 871 2340 erat
893 2310 976 2340 tunc
1002 2306 1031 2340 is
1055 2305 1089 2340 in
1112 2305 1199 2339 turri
1222 2304 1385 2350 quadam,
1418 2301 1478 2336 ubi
1507 2302 1552 2336 de
1582 2302 1656 2337 coi-

192 2348 287 2381 tione
316 2350 546 2392 praemonitus
578 2356 613 2386 et
641 2352 804 2398 imparem
828 2363 887 2395 se,
920 2351 995 2385 loco
1019 2351 1098 2392 tali,
1130 2353 1247 2385 tantae
1269 2348 1487 2383 sustinendae
1508 2347 1653 2393 impres-

191 2392 278 2428 sioni
311 2397 424 2435 ratus,
454 2395 547 2430 illinc
569 2409 607 2431 se
629 2396 819 2443 proripiens
841 2397 878 2431 in
901 2397 1045 2431 vicinum
1074 2396 1207 2430 maximi
1231 2393 1388 2438 martyris
1413 2394 1557 2438 Georgii
1579 2405 1654 2429 mo-

190 2438 375 2474 nasterium
407 2440 514 2484 fugit,
546 2443 687 2488 eiusque
719 2442 851 2477 foribus
873 2442 1016 2477 occlusis
1038 2441 1105 2476 vim
1129 2452 1245 2475 eorum
1267 2441 1357 2474 fama
1380 2439 1652 2484 praenuntiatam

189 2484 380 2530 opperitur.
426 2487 539 2520 suerat
560 2488 627 2522 illic
650 2488 727 2523 olim
749 2487 842 2523 lovis
865 2487 1045 2532 templum,
1078 2486 1273 2521 Christiano
1296 2485 1417 2519 deinde
1437 2484 1505 2519 ritu
1529 2485 1651 2530 expia-

189 2534 263 2564 tum
285 2535 322 2564 et
342 2530 377 2564 in
399 2530 559 2566 honorem
580 2534 689 2568 sancti
712 2532 872 2577 martyris
896 2533 1040 2577 Georgii
1060 2532 1260 2566 dedicatum.
1307 2542 1348 2566 eo
1365 2530 1559 2577 ingressum
1582 2530 1652 2564 ibi-
1696 2526 1701 2539 ¹

188 2587 257 2622 que
279 2576 433 2610 obductis
457 2588 576 2612 secure
600 2580 732 2614 foribus
753 2583 862 2613 tutum
885 2578 1036 2613 seditiosi
1057 2578 1319 2612 Tarchaniotam
1341 2576 1517 2611 audientes
1546 2575 1651 2611 nihilo

187 2621 300 2656 secius
321 2622 415 2656 facta
436 2634 537 2657 manu
561 2625 764 2660 monasterio
787 2637 826 2659 se
847 2623 1050 2666 admovent,
1085 2629 1121 2657 et
1144 2626 1262 2666 extra,
1298 2625 1336 2656 ut
1369 2625 1487 2664 erant,
1517 2622 1650 2668 magnis

188 2667 330 2702 vocibus
353 2668 468 2702 fictam
491 2669 581 2703 illam
604 2672 772 2714 cogitatae
795 2669 1035 2716 perduellionis
1057 2668 1256 2703 calumniam
1279 2672 1467 2713 oggerum,
1492 2668 1579 2703 falso
1603 2668 1650 2702 il-

186 2712 255 2747 lum
277 2714 426 2748 iactasse
447 2714 672 2751 vociferantes
694 2728 752 2759 se,
787 2718 865 2750 dum
887 2716 982 2762 ipsos
1007 2715 1188 2761 spoliaret,
1225 2714 1367 2760 Augusti
1389 2713 1557 2748 mandatis
1583 2714 1650 2748 ob-

184 2758 295 2803 sequi.
343 2759 443 2804 longe
473 2760 599 2806 quippe
629 2763 719 2796 ultra
752 2762 957 2797 voluntatem
988 2773 1030 2796 ac
1059 2760 1318 2795 destinationem
1349 2771 1479 2794 omnem
1503 2759 1650 2793 clemen-

184 2803 306 2839 tissimi
333 2804 494 2851 principis
511 2805 613 2842 istam
636 2807 709 2842 eius
731 2807 905 2853 perfidiosi
928 2818 970 2842 ac
992 2806 1199 2852 rapacissimi
1227 2805 1370 2841 ministri
1400 2805 1581 2840 violentam
1611 2803 1648 2839 in
