<?xml version="1.0" encoding="UTF-8"?>
<!DOCTYPE html PUBLIC "-//W3C//DTD XHTML 1.0 Transitional//EN"
    "http://www.w3.org/TR/xhtml1/DTD/xhtml1-transitional.dtd">
<html xmlns="http://www.w3.org/1999/xhtml" xml:lang="en" lang="en">
 <head>
  <title>
</title>
<meta http-equiv="Content-Type" content="text/html;charset=utf-8" />
  <meta name='ocr-system' content='tesseract 3.04.00' />
  <meta name='ocr-capabilities' content='ocr_page ocr_carea ocr_par ocr_line ocrx_word'/>
</head>
<body>
  <div class='ocr_page' id='page_1' title='image "./corpusscriptorum18niebuoft_0815.png"; bbox 0 0 1858 3126; ppageno 0'>
   <div class='ocr_carea' id='block_1_1' title="bbox 452 178 1561 232">
    <p class='ocr_par' dir='ltr' id='par_1_1' title="bbox 452 178 1561 232">
     <span class='ocr_line' id='line_1_1' title="bbox 452 178 1561 232; baseline -0.003 -3"><span class='ocrx_word' id='word_1_1' title='bbox 452 185 557 232; x_wconf 59' lang='grc' dir='ltr'>ΠΒ.</span> <span class='ocrx_word' id='word_1_2' title='bbox 582 184 660 228; x_wconf 90' lang='grc' dir='ltr'>ΙΠ.</span> <span class='ocrx_word' id='word_1_3' title='bbox 725 182 1167 229; x_wconf 79' lang='lat' dir='ltr'>CHRONOLOGIGU</span> <span class='ocrx_word' id='word_1_4' title='bbox 1169 182 1212 226; x_wconf 89' lang='lat' dir='ltr'>S.</span> <span class='ocrx_word' id='word_1_5' title='bbox 1461 178 1561 228; x_wconf 72' lang='lat'>⁷97</span> 
     </span>
    </p>
   </div>
   <div class='ocr_carea' id='block_1_2' title="bbox 106 290 1564 568">
    <p class='ocr_par' dir='ltr' id='par_1_2' title="bbox 106 290 1564 568">
     <span class='ocr_line' id='line_1_2' title="bbox 109 290 1560 347; baseline -0.003 -13"><span class='ocrx_word' id='word_1_6' title='bbox 109 295 370 347; x_wconf 65' lang='lat' dir='ltr'><strong>dignationem</strong></span> <span class='ocrx_word' id='word_1_7' title='bbox 384 295 426 333; x_wconf 90' lang='lat' dir='ltr'>in</span> <span class='ocrx_word' id='word_1_8' title='bbox 447 295 650 332; x_wconf 86' lang='lat' dir='ltr'>Catelanos</span> <span class='ocrx_word' id='word_1_9' title='bbox 671 299 711 332; x_wconf 88' lang='lat' dir='ltr'>et</span> <span class='ocrx_word' id='word_1_10' title='bbox 738 293 856 332; x_wconf 88' lang='lat' dir='ltr'>duces</span> <span class='ocrx_word' id='word_1_11' title='bbox 873 305 1032 338; x_wconf 78' lang='lat' dir='ltr'>eorum.</span> <span class='ocrx_word' id='word_1_12' title='bbox 1061 298 1225 344; x_wconf 86' lang='lat' dir='ltr'>propter</span> <span class='ocrx_word' id='word_1_13' title='bbox 1242 290 1500 330; x_wconf 68' lang='lat' dir='ltr'>ati-ocissima·</span> <span class='ocrx_word' id='word_1_14' title='bbox 1518 291 1560 330; x_wconf 89' lang='lat' dir='ltr'>in</span> 
     </span>
     <span class='ocr_line' id='line_1_3' title="bbox 109 347 1560 400; baseline -0.003 -10"><span class='ocrx_word' id='word_1_15' title='bbox 109 365 218 391; x_wconf 77' lang='lat' dir='ltr'>suam</span> <span class='ocrx_word' id='word_1_16' title='bbox 246 359 401 398; x_wconf 72' lang='lat' dir='ltr'>gentem</span> <span class='ocrx_word' id='word_1_17' title='bbox 428 351 611 400; x_wconf 87' lang='lat' dir='ltr'>iniurias,</span> <span class='ocrx_word' id='word_1_18' title='bbox 639 363 852 400; x_wconf 81' lang='lat' dir='ltr'>numquam</span> <span class='ocrx_word' id='word_1_19' title='bbox 880 352 959 387; x_wconf 87' lang='lat' dir='ltr'>sere</span> <span class='ocrx_word' id='word_1_20' title='bbox 979 350 1062 386; x_wconf 88' lang='lat' dir='ltr'>sine</span> <span class='ocrx_word' id='word_1_21' title='bbox 1086 349 1230 387; x_wconf 88' lang='lat' dir='ltr'>indicio</span> <span class='ocrx_word' id='word_1_22' title='bbox 1257 347 1560 399; x_wconf 81' lang='lat' dir='ltr'>perturbationis</span> 
     </span>
     <span class='ocr_line' id='line_1_4' title="bbox 106 404 1561 456; baseline -0.002 -12"><span class='ocrx_word' id='word_1_23' title='bbox 106 420 161 446; x_wconf 88' lang='lat' dir='ltr'>ex</span> <span class='ocrx_word' id='word_1_24' title='bbox 186 406 408 445; x_wconf 77' lang='lat' dir='ltr'>vehementi</span> <span class='ocrx_word' id='word_1_25' title='bbox 432 407 523 444; x_wconf 87' lang='lat' dir='ltr'>odio</span> <span class='ocrx_word' id='word_1_26' title='bbox 544 420 678 444; x_wconf 87' lang='lat' dir='ltr'>eorum</span> <span class='ocrx_word' id='word_1_27' title='bbox 699 406 950 452; x_wconf 79' lang='lat' dir='ltr'>recordante,</span> <span class='ocrx_word' id='word_1_28' title='bbox 978 406 1145 456; x_wconf 81' lang='lat' dir='ltr'>ideoque</span> <span class='ocrx_word' id='word_1_29' title='bbox 1171 406 1399 455; x_wconf 77' lang='lat' dir='ltr'><strong>imperfecte</strong></span> <span class='ocrx_word' id='word_1_30' title='bbox 1419 404 1561 442; x_wconf 79' lang='lat' dir='ltr'>defun-</span> 
     </span>
     <span class='ocr_line' id='line_1_5' title="bbox 108 459 1564 514; baseline -0.003 -13"><span class='ocrx_word' id='word_1_31' title='bbox 108 469 220 514; x_wconf 86' lang='lat' dir='ltr'>gente</span> <span class='ocrx_word' id='word_1_32' title='bbox 248 462 496 501; x_wconf 86' lang='lat' dir='ltr'>distinctione</span> <span class='ocrx_word' id='word_1_33' title='bbox 522 468 562 500; x_wconf 90' lang='lat' dir='ltr'>et</span> <span class='ocrx_word' id='word_1_34' title='bbox 588 462 844 513; x_wconf 72' lang='lat' dir='ltr'><strong>explicatione</strong></span> <span class='ocrx_word' id='word_1_35' title='bbox 874 461 1100 499; x_wconf 82' lang='lat' dir='ltr'>necessaria.</span> <span class='ocrx_word' id='word_1_36' title='bbox 1156 460 1251 498; x_wconf 88' lang='lat' dir='ltr'>huic</span> <span class='ocrx_word' id='word_1_37' title='bbox 1282 466 1329 498; x_wconf 90' lang='lat' dir='ltr'>ut</span> <span class='ocrx_word' id='word_1_38' title='bbox 1357 473 1429 511; x_wconf 89' lang='lat' dir='ltr'>pro</span> <span class='ocrx_word' id='word_1_39' title='bbox 1456 459 1564 498; x_wconf 86' lang='lat' dir='ltr'>virili</span> 
     </span>
     <span class='ocr_line' id='line_1_6' title="bbox 108 516 1563 568; baseline -0.002 -11"><span class='ocrx_word' id='word_1_40' title='bbox 108 519 334 557; x_wconf 80' lang='lat' dir='ltr'>medeamur</span> <span class='ocrx_word' id='word_1_41' title='bbox 353 518 612 565; x_wconf 83' lang='lat' dir='ltr'>incommodo,</span> <span class='ocrx_word' id='word_1_42' title='bbox 638 519 681 556; x_wconf 87' lang='lat' dir='ltr'>in</span> <span class='ocrx_word' id='word_1_43' title='bbox 696 519 857 568; x_wconf 75' lang='lat' dir='ltr'><strong>gratiam</strong></span> <span class='ocrx_word' id='word_1_44' title='bbox 875 517 1030 555; x_wconf 91' lang='lat' dir='ltr'>lectoris</span> <span class='ocrx_word' id='word_1_45' title='bbox 1047 517 1212 555; x_wconf 79' lang='lat' dir='ltr'><strong>studiosi</strong></span> <span class='ocrx_word' id='word_1_46' title='bbox 1234 518 1432 554; x_wconf 82' lang='lat' dir='ltr'>confusam</span> <span class='ocrx_word' id='word_1_47' title='bbox 1449 516 1563 554; x_wconf 83' lang='lat' dir='ltr'>istam</span> 
     </span>
    </p>
   </div>
   <div class='ocr_carea' id='block_1_3' title="bbox 39 570 1563 624">
    <p class='ocr_par' dir='ltr' id='par_1_3' title="bbox 39 570 1563 624">
     <span class='ocr_line' id='line_1_7' title="bbox 39 570 1563 624; baseline -0.002 -12"><span class='ocrx_word' id='word_1_48' title='bbox 39 617 43 620; x_wconf 48' lang='grc'>,</span> <span class='ocrx_word' id='word_1_49' title='bbox 105 575 324 624; x_wconf 75' lang='lat' dir='ltr'>,congeriem</span> <span class='ocrx_word' id='word_1_50' title='bbox 349 573 414 612; x_wconf 83' lang='lat' dir='ltr'>hic</span> <span class='ocrx_word' id='word_1_51' title='bbox 437 575 638 622; x_wconf 86' lang='lat' dir='ltr'>evolvere,</span> <span class='ocrx_word' id='word_1_52' title='bbox 675 581 715 612; x_wconf 90' lang='lat' dir='ltr'>et</span> <span class='ocrx_word' id='word_1_53' title='bbox 738 570 1011 622; x_wconf 75' lang='lat' dir='ltr'>chronologica</span> <span class='ocrx_word' id='word_1_54' title='bbox 1035 573 1223 611; x_wconf 79' lang='lat' dir='ltr'>methodo</span> <span class='ocrx_word' id='word_1_55' title='bbox 1248 574 1328 610; x_wconf 82' lang='lat' dir='ltr'>suis</span> <span class='ocrx_word' id='word_1_56' title='bbox 1349 578 1436 609; x_wconf 84' lang='lat' dir='ltr'>acta</span> <span class='ocrx_word' id='word_1_57' title='bbox 1458 572 1563 610; x_wconf 71' lang='lat' dir='ltr'>eius—</span> 
     </span>
    </p>
   </div>
   <div class='ocr_carea' id='block_1_4' title="bbox 104 628 1564 1352">
    <p class='ocr_par' dir='ltr' id='par_1_4' title="bbox 106 628 1562 780">
     <span class='ocr_line' id='line_1_8' title="bbox 108 628 1562 681; baseline -0.002 -13"><span class='ocrx_word' id='word_1_58' title='bbox 108 631 216 668; x_wconf 88' lang='lat' dir='ltr'>modi</span> <span class='ocrx_word' id='word_1_59' title='bbox 236 636 275 667; x_wconf 89' lang='lat' dir='ltr'>et</span> <span class='ocrx_word' id='word_1_60' title='bbox 289 636 428 668; x_wconf 76' lang='lat' dir='ltr'>eventa</span> <span class='ocrx_word' id='word_1_61' title='bbox 448 630 597 680; x_wconf 76' lang='lat' dir='ltr'>singula</span> <span class='ocrx_word' id='word_1_62' title='bbox 622 630 775 680; x_wconf 79' lang='lat' dir='ltr'>alligare</span> <span class='ocrx_word' id='word_1_63' title='bbox 794 629 950 681; x_wconf 83' lang='lat' dir='ltr'>epochis</span> <span class='ocrx_word' id='word_1_64' title='bbox 968 630 1232 679; x_wconf 78' lang='lat' dir='ltr'>aggredimur,</span> <span class='ocrx_word' id='word_1_65' title='bbox 1259 628 1371 666; x_wconf 85' lang='lat' dir='ltr'>initio</span> <span class='ocrx_word' id='word_1_66' title='bbox 1394 642 1417 665; x_wconf 84' lang='lat' dir='ltr'>a</span> <span class='ocrx_word' id='word_1_67' title='bbox 1436 629 1562 680; x_wconf 80' lang='lat' dir='ltr'>prima</span> 
     </span>
     <span class='ocr_line' id='line_1_9' title="bbox 106 685 1562 736; baseline -0.001 -12"><span class='ocrx_word' id='word_1_68' title='bbox 106 686 308 724; x_wconf 80' lang='lat' dir='ltr'>Rontzerii</span> <span class='ocrx_word' id='word_1_69' title='bbox 329 692 369 724; x_wconf 89' lang='lat' dir='ltr'>et</span> <span class='ocrx_word' id='word_1_70' title='bbox 391 687 665 725; x_wconf 85' lang='lat' dir='ltr'>Catelanorum</span> <span class='ocrx_word' id='word_1_71' title='bbox 683 699 703 723; x_wconf 91' lang='lat' dir='ltr'>e</span> <span class='ocrx_word' id='word_1_72' title='bbox 724 686 855 724; x_wconf 79' lang='lat' dir='ltr'>Sicilia</span> <span class='ocrx_word' id='word_1_73' title='bbox 871 686 914 724; x_wconf 89' lang='lat' dir='ltr'>in</span> <span class='ocrx_word' id='word_1_74' title='bbox 932 692 1055 724; x_wconf 86' lang='lat' dir='ltr'>terras</span> <span class='ocrx_word' id='word_1_75' title='bbox 1072 685 1278 724; x_wconf 81' lang='lat' dir='ltr'>orientalis</span> <span class='ocrx_word' id='word_1_76' title='bbox 1296 685 1447 736; x_wconf 87' lang='lat' dir='ltr'>imperii</span> <span class='ocrx_word' id='word_1_77' title='bbox 1464 697 1562 723; x_wconf 84' lang='lat' dir='ltr'>evo-</span> 
     </span>
     <span class='ocr_line' id='line_1_10' title="bbox 107 742 415 780; baseline 0.003 -1"><span class='ocrx_word' id='word_1_78' title='bbox 107 743 262 780; x_wconf 78' lang='lat' dir='ltr'>catione</span> <span class='ocrx_word' id='word_1_79' title='bbox 282 742 415 780; x_wconf 87' lang='lat' dir='ltr'>ducto.</span> 
     </span>
    </p>

    <p class='ocr_par' dir='ltr' id='par_1_5' title="bbox 104 796 1564 1352">
     <span class='ocr_line' id='line_1_11' title="bbox 220 796 1563 848; baseline -0.001 -12"><span class='ocrx_word' id='word_1_80' title='bbox 220 798 268 839; x_wconf 84' lang='lat'>11.</span> <span class='ocrx_word' id='word_1_81' title='bbox 331 798 475 836; x_wconf 85' lang='lat' dir='ltr'>Narrat</span> <span class='ocrx_word' id='word_1_82' title='bbox 507 797 535 837; x_wconf 93' lang='lat' dir='ltr'>l.</span> <span class='ocrx_word' id='word_1_83' title='bbox 568 797 597 839; x_wconf 85' lang='lat'>5</span> <span class='ocrx_word' id='word_1_84' title='bbox 631 810 665 840; x_wconf 89' lang='lat' dir='ltr'>c.</span> <span class='ocrx_word' id='word_1_85' title='bbox 699 801 752 839; x_wconf 78' lang='lat'>12</span> <span class='ocrx_word' id='word_1_86' title='bbox 782 796 1037 848; x_wconf 84' lang='lat' dir='ltr'>Pachymeres</span> <span class='ocrx_word' id='word_1_87' title='bbox 1055 810 1067 836; x_wconf 71' lang='lat' dir='ltr'>t</span> <span class='ocrx_word' id='word_1_88' title='bbox 1107 797 1384 848; x_wconf 76' lang='lat' dir='ltr'>imperatorem</span> <span class='ocrx_word' id='word_1_89' title='bbox 1421 810 1563 847; x_wconf 84' lang='lat' dir='ltr'>parum</span> 
     </span>
     <span class='ocr_line' id='line_1_12' title="bbox 108 853 1564 905; baseline -0.003 -12"><span class='ocrx_word' id='word_1_90' title='bbox 108 853 294 905; x_wconf 85' lang='lat' dir='ltr'>praesidii</span> <span class='ocrx_word' id='word_1_91' title='bbox 322 854 508 892; x_wconf 81' lang='lat' dir='ltr'>adversus</span> <span class='ocrx_word' id='word_1_92' title='bbox 524 854 728 891; x_wconf 77' lang='lat' dir='ltr'>Persarum</span> <span class='ocrx_word' id='word_1_93' title='bbox 754 854 993 904; x_wconf 74' lang='lat' dir='ltr'>irruptiones</span> <span class='ocrx_word' id='word_1_94' title='bbox 1019 854 1062 890; x_wconf 88' lang='lat' dir='ltr'>in</span> <span class='ocrx_word' id='word_1_95' title='bbox 1080 854 1297 892; x_wconf 82' lang='lat' dir='ltr'>Orientales</span> <span class='ocrx_word' id='word_1_96' title='bbox 1314 853 1467 904; x_wconf 86' lang='lat' dir='ltr'>imperii</span> <span class='ocrx_word' id='word_1_97' title='bbox 1494 865 1564 890; x_wconf 88' lang='lat' dir='ltr'>re-</span> 
     </span>
     <span class='ocr_line' id='line_1_13' title="bbox 108 910 1562 961; baseline -0.001 -14"><span class='ocrx_word' id='word_1_98' title='bbox 108 910 239 960; x_wconf 86' lang='lat' dir='ltr'>giones</span> <span class='ocrx_word' id='word_1_99' title='bbox 261 910 302 948; x_wconf 91' lang='lat' dir='ltr'>in</span> <span class='ocrx_word' id='word_1_100' title='bbox 323 911 497 948; x_wconf 84' lang='lat' dir='ltr'>Romana</span> <span class='ocrx_word' id='word_1_101' title='bbox 517 910 655 947; x_wconf 86' lang='lat' dir='ltr'>militia</span> <span class='ocrx_word' id='word_1_102' title='bbox 674 911 929 959; x_wconf 77' lang='lat' dir='ltr'>reperientem</span> <span class='ocrx_word' id='word_1_103' title='bbox 942 938 953 955; x_wconf 93' lang='lat'>,</span> <span class='ocrx_word' id='word_1_104' title='bbox 981 910 1147 959; x_wconf 87' lang='lat' dir='ltr'>ideoque</span> <span class='ocrx_word' id='word_1_105' title='bbox 1168 911 1360 961; x_wconf 83' lang='lat' dir='ltr'>respicere</span> <span class='ocrx_word' id='word_1_106' title='bbox 1382 915 1562 947; x_wconf 86' lang='lat' dir='ltr'>coactum</span> 
     </span>
     <span class='ocr_line' id='line_1_14' title="bbox 109 965 1562 1015; baseline -0.001 -11"><span class='ocrx_word' id='word_1_107' title='bbox 109 972 272 1004; x_wconf 77' lang='lat' dir='ltr'>externa</span> <span class='ocrx_word' id='word_1_108' title='bbox 291 966 448 1012; x_wconf 82' lang='lat' dir='ltr'>auxilia,</span> <span class='ocrx_word' id='word_1_109' title='bbox 479 966 648 1015; x_wconf 87' lang='lat' dir='ltr'>primum</span> <span class='ocrx_word' id='word_1_110' title='bbox 670 965 914 1003; x_wconf 76' lang='lat' dir='ltr'>Plini-endam</span> <span class='ocrx_word' id='word_1_111' title='bbox 937 967 1107 1003; x_wconf 77' lang='lat' dir='ltr'>&#39;szimem</span> <span class='ocrx_word' id='word_1_112' title='bbox 1133 979 1222 1003; x_wconf 88' lang='lat' dir='ltr'>cum</span> <span class='ocrx_word' id='word_1_113' title='bbox 1239 979 1360 1004; x_wconf 89' lang='lat' dir='ltr'>manu</span> <span class='ocrx_word' id='word_1_114' title='bbox 1377 967 1562 1013; x_wconf 86' lang='lat' dir='ltr'>militum,</span> 
     </span>
     <span class='ocr_line' id='line_1_15' title="bbox 107 1021 1562 1072; baseline -0.002 -11"><span class='ocrx_word' id='word_1_115' title='bbox 107 1035 208 1072; x_wconf 70' lang='lat' dir='ltr'>,quos</span> <span class='ocrx_word' id='word_1_116' title='bbox 238 1034 259 1059; x_wconf 88' lang='lat' dir='ltr'>e</span> <span class='ocrx_word' id='word_1_117' title='bbox 287 1022 360 1060; x_wconf 83' lang='lat' dir='ltr'>sibi</span> <span class='ocrx_word' id='word_1_118' title='bbox 386 1021 555 1059; x_wconf 83' lang='lat' dir='ltr'>subditis</span> <span class='ocrx_word' id='word_1_119' title='bbox 581 1029 823 1070; x_wconf 78' lang='lat' dir='ltr'>armaverat,</span> <span class='ocrx_word' id='word_1_120' title='bbox 854 1023 1051 1072; x_wconf 84' lang='lat' dir='ltr'>suppetias</span> <span class='ocrx_word' id='word_1_121' title='bbox 1081 1023 1187 1060; x_wconf 83' lang='lat' dir='ltr'>ultro</span> <span class='ocrx_word' id='word_1_122' title='bbox 1208 1022 1427 1059; x_wconf 85' lang='lat' dir='ltr'>venientem</span> <span class='ocrx_word' id='word_1_123' title='bbox 1452 1027 1562 1072; x_wconf 84' lang='lat' dir='ltr'>grate</span> 
     </span>
     <span class='ocr_line' id='line_1_16' title="bbox 104 1078 1560 1128; baseline -0.001 -12"><span class='ocrx_word' id='word_1_124' title='bbox 104 1078 324 1128; x_wconf 70' lang='lat' dir='ltr'>excepisse3</span> <span class='ocrx_word' id='word_1_125' title='bbox 353 1091 399 1115; x_wconf 84' lang='lat' dir='ltr'>ac</span> <span class='ocrx_word' id='word_1_126' title='bbox 421 1084 621 1128; x_wconf 84' lang='lat' dir='ltr'>praeterea</span> <span class='ocrx_word' id='word_1_127' title='bbox 641 1078 865 1116; x_wconf 84' lang='lat' dir='ltr'>offerentem</span> <span class='ocrx_word' id='word_1_128' title='bbox 889 1092 927 1115; x_wconf 90' lang='lat' dir='ltr'>se</span> <span class='ocrx_word' id='word_1_129' title='bbox 947 1078 996 1115; x_wconf 86' lang='lat' dir='ltr'>ad</span> <span class='ocrx_word' id='word_1_130' title='bbox 1014 1078 1117 1116; x_wconf 86' lang='lat' dir='ltr'>idem</span> <span class='ocrx_word' id='word_1_131' title='bbox 1137 1091 1206 1128; x_wconf 87' lang='lat' dir='ltr'>per</span> <span class='ocrx_word' id='word_1_132' title='bbox 1235 1078 1367 1115; x_wconf 76' lang='lat' dir='ltr'>literas</span> <span class='ocrx_word' id='word_1_133' title='bbox 1385 1079 1560 1115; x_wconf 87' lang='lat' dir='ltr'>Rontze-</span> 
     </span>
     <span class='ocr_line' id='line_1_17' title="bbox 108 1132 1561 1185; baseline -0.001 -13"><span class='ocrx_word' id='word_1_134' title='bbox 108 1133 214 1172; x_wconf 82' lang='lat' dir='ltr'>rium</span> <span class='ocrx_word' id='word_1_135' title='bbox 234 1132 371 1185; x_wconf 72' lang='lat' dir='ltr'>amplis</span> <span class='ocrx_word' id='word_1_136' title='bbox 398 1133 687 1170; x_wconf 83' lang='lat' dir='ltr'>conditionibus</span> <span class='ocrx_word' id='word_1_137' title='bbox 714 1134 919 1180; x_wconf 85' lang='lat' dir='ltr'>invitasse,</span> <span class='ocrx_word' id='word_1_138' title='bbox 948 1135 1088 1184; x_wconf 87' lang='lat' dir='ltr'>quibus</span> <span class='ocrx_word' id='word_1_139' title='bbox 1108 1134 1172 1171; x_wconf 89' lang='lat' dir='ltr'>ille</span> <span class='ocrx_word' id='word_1_140' title='bbox 1198 1140 1400 1184; x_wconf 87' lang='lat' dir='ltr'>permotus</span> <span class='ocrx_word' id='word_1_141' title='bbox 1423 1140 1561 1184; x_wconf 82' lang='lat' dir='ltr'>postea</span> 
     </span>
     <span class='ocr_line' id='line_1_18' title="bbox 105 1189 1560 1240; baseline -0.002 -9"><span class='ocrx_word' id='word_1_142' title='bbox 105 1202 201 1231; x_wconf 74' lang='lat' dir='ltr'>‚cum</span> <span class='ocrx_word' id='word_1_143' title='bbox 222 1203 360 1240; x_wconf 79' lang='lat' dir='ltr'>magno</span> <span class='ocrx_word' id='word_1_144' title='bbox 383 1189 514 1227; x_wconf 82' lang='lat' dir='ltr'>navali</span> <span class='ocrx_word' id='word_1_145' title='bbox 533 1190 708 1227; x_wconf 81' lang='lat' dir='ltr'>exercitu</span> <span class='ocrx_word' id='word_1_146' title='bbox 725 1191 876 1228; x_wconf 83' lang='lat' dir='ltr'>venerit</span> <span class='ocrx_word' id='word_1_147' title='bbox 895 1190 1282 1239; x_wconf 77' lang='lat' dir='ltr'>Constantinopolim.</span> <span class='ocrx_word' id='word_1_148' title='bbox 1337 1190 1450 1228; x_wconf 86' lang='lat' dir='ltr'>istius</span> <span class='ocrx_word' id='word_1_149' title='bbox 1468 1190 1560 1228; x_wconf 79' lang='lat' dir='ltr'>An·-</span> 
     </span>
     <span class='ocr_line' id='line_1_19' title="bbox 111 1245 1558 1297; baseline 0 -14"><span class='ocrx_word' id='word_1_150' title='bbox 111 1245 446 1287; x_wconf 77' lang='lat' dir='ltr'>‹lronicuminter</span> <span class='ocrx_word' id='word_1_151' title='bbox 464 1251 505 1284; x_wconf 89' lang='lat' dir='ltr'>et</span> <span class='ocrx_word' id='word_1_152' title='bbox 526 1246 778 1283; x_wconf 85' lang='lat' dir='ltr'>Rontzerium</span> <span class='ocrx_word' id='word_1_153' title='bbox 802 1259 870 1296; x_wconf 88' lang='lat' dir='ltr'>per</span> <span class='ocrx_word' id='word_1_154' title='bbox 898 1246 1030 1294; x_wconf 25' lang='lat' dir='ltr'>liter-as</span> <span class='ocrx_word' id='word_1_155' title='bbox 1059 1246 1227 1283; x_wconf 87' lang='lat' dir='ltr'>invicem</span> <span class='ocrx_word' id='word_1_156' title='bbox 1251 1245 1415 1297; x_wconf 87' lang='lat' dir='ltr'>scriptas</span> <span class='ocrx_word' id='word_1_157' title='bbox 1439 1247 1558 1283; x_wconf 88' lang='lat' dir='ltr'>initae</span> 
     </span>
     <span class='ocr_line' id='line_1_20' title="bbox 108 1301 1557 1352; baseline 0.001 -14"><span class='ocrx_word' id='word_1_158' title='bbox 108 1301 393 1352; x_wconf 81' lang='lat' dir='ltr'>stipulataeque</span> <span class='ocrx_word' id='word_1_159' title='bbox 423 1302 692 1339; x_wconf 87' lang='lat' dir='ltr'>conventionis</span> <span class='ocrx_word' id='word_1_160' title='bbox 718 1308 871 1352; x_wconf 87' lang='lat' dir='ltr'>tempus</span> <span class='ocrx_word' id='word_1_161' title='bbox 899 1316 979 1339; x_wconf 90' lang='lat' dir='ltr'>non</span> <span class='ocrx_word' id='word_1_162' title='bbox 1002 1303 1142 1340; x_wconf 79' lang='lat' dir='ltr'>diserte</span> <span class='ocrx_word' id='word_1_163' title='bbox 1167 1309 1349 1340; x_wconf 85' lang='lat' dir='ltr'>notatum</span> <span class='ocrx_word' id='word_1_164' title='bbox 1379 1316 1400 1338; x_wconf 83' lang='lat' dir='ltr'>a</span> <span class='ocrx_word' id='word_1_165' title='bbox 1421 1308 1557 1340; x_wconf 87' lang='lat' dir='ltr'>nostro</span> 
     </span>
    </p>
   </div>
   <div class='ocr_carea' id='block_1_5' title="bbox 107 1356 1583 1407">
    <p class='ocr_par' dir='ltr' id='par_1_6' title="bbox 107 1356 1583 1407">
     <span class='ocr_line' id='line_1_21' title="bbox 107 1356 1583 1407; baseline 0.001 -13"><span class='ocrx_word' id='word_1_166' title='bbox 107 1356 318 1406; x_wconf 83' lang='lat' dir='ltr'>historico,</span> <span class='ocrx_word' id='word_1_167' title='bbox 347 1370 397 1394; x_wconf 85' lang='lat' dir='ltr'>ex</span> <span class='ocrx_word' id='word_1_168' title='bbox 426 1370 539 1395; x_wconf 87' lang='lat' dir='ltr'>causa</span> <span class='ocrx_word' id='word_1_169' title='bbox 552 1386 563 1404; x_wconf 92' lang='lat'>‚</span> <span class='ocrx_word' id='word_1_170' title='bbox 592 1370 668 1407; x_wconf 89' lang='lat' dir='ltr'>qua</span> <span class='ocrx_word' id='word_1_171' title='bbox 694 1357 900 1395; x_wconf 89' lang='lat' dir='ltr'>inductum</span> <span class='ocrx_word' id='word_1_172' title='bbox 920 1358 970 1395; x_wconf 91' lang='lat' dir='ltr'>ad</span> <span class='ocrx_word' id='word_1_173' title='bbox 992 1371 1075 1396; x_wconf 79' lang='lat' dir='ltr'>eain</span> <span class='ocrx_word' id='word_1_174' title='bbox 1093 1358 1367 1395; x_wconf 85' lang='lat' dir='ltr'>tractationem</span> <span class='ocrx_word' id='word_1_175' title='bbox 1384 1358 1559 1395; x_wconf 88' lang='lat' dir='ltr'>Rontze-</span> <span class='ocrx_word' id='word_1_176' title='bbox 1577 1373 1583 1383; x_wconf 72' lang='lat'><strong><em>¹</em></strong></span> 
     </span>
    </p>
   </div>
   <div class='ocr_carea' id='block_1_6' title="bbox 101 1412 1562 2860">
    <p class='ocr_par' dir='ltr' id='par_1_7' title="bbox 101 1412 1562 2300">
     <span class='ocr_line' id='line_1_22' title="bbox 107 1412 1559 1462; baseline 0 -12"><span class='ocrx_word' id='word_1_177' title='bbox 107 1413 213 1450; x_wconf 87' lang='lat' dir='ltr'>rium</span> <span class='ocrx_word' id='word_1_178' title='bbox 233 1413 309 1462; x_wconf 89' lang='lat' dir='ltr'>ait,</span> <span class='ocrx_word' id='word_1_179' title='bbox 339 1412 595 1451; x_wconf 84' lang='lat' dir='ltr'>divinandum</span> <span class='ocrx_word' id='word_1_180' title='bbox 626 1419 694 1450; x_wconf 86' lang='lat' dir='ltr'>est.</span> <span class='ocrx_word' id='word_1_181' title='bbox 751 1414 886 1451; x_wconf 85' lang='lat' dir='ltr'>scribit</span> <span class='ocrx_word' id='word_1_182' title='bbox 904 1420 1034 1451; x_wconf 83' lang='lat' dir='ltr'>autem</span> <span class='ocrx_word' id='word_1_183' title='bbox 1055 1414 1120 1451; x_wconf 90' lang='lat' dir='ltr'>ille</span> <span class='ocrx_word' id='word_1_184' title='bbox 1138 1415 1392 1452; x_wconf 87' lang='lat' dir='ltr'>Rontzerium</span> <span class='ocrx_word' id='word_1_185' title='bbox 1414 1427 1463 1451; x_wconf 80' lang='lat' dir='ltr'>ex</span> <span class='ocrx_word' id='word_1_186' title='bbox 1481 1413 1559 1450; x_wconf 88' lang='lat' dir='ltr'>mi-</span> 
     </span>
     <span class='ocr_line' id='line_1_23' title="bbox 107 1466 1561 1521; baseline 0.001 -16"><span class='ocrx_word' id='word_1_187' title='bbox 107 1468 176 1506; x_wconf 87' lang='lat' dir='ltr'>lite</span> <span class='ocrx_word' id='word_1_188' title='bbox 208 1468 344 1519; x_wconf 86' lang='lat' dir='ltr'>templi</span> <span class='ocrx_word' id='word_1_189' title='bbox 372 1475 462 1520; x_wconf 87' lang='lat' dir='ltr'>post</span> <span class='ocrx_word' id='word_1_190' title='bbox 486 1475 637 1519; x_wconf 80' lang='lat' dir='ltr'>captam</span> <span class='ocrx_word' id='word_1_191' title='bbox 663 1468 710 1506; x_wconf 86' lang='lat' dir='ltr'>ab</span> <span class='ocrx_word' id='word_1_192' title='bbox 739 1469 994 1521; x_wconf 87' lang='lat' dir='ltr'>Aethiopibus</span> <span class='ocrx_word' id='word_1_193' title='bbox 1016 1466 1119 1520; x_wconf 85' lang='lat' dir='ltr'>(hoc</span> <span class='ocrx_word' id='word_1_194' title='bbox 1144 1476 1204 1508; x_wconf 90' lang='lat' dir='ltr'>est</span> <span class='ocrx_word' id='word_1_195' title='bbox 1231 1469 1434 1508; x_wconf 88' lang='lat' dir='ltr'>Saracenis</span> <span class='ocrx_word' id='word_1_196' title='bbox 1460 1470 1561 1507; x_wconf 87' lang='lat' dir='ltr'>duce</span> 
     </span>
     <span class='ocr_line' id='line_1_24' title="bbox 107 1524 1562 1577; baseline 0 -14"><span class='ocrx_word' id='word_1_197' title='bbox 107 1524 270 1563; x_wconf 84' lang='lat' dir='ltr'>Sultane</span> <span class='ocrx_word' id='word_1_198' title='bbox 293 1525 457 1575; x_wconf 80' lang='lat' dir='ltr'>Aegypti</span> <span class='ocrx_word' id='word_1_199' title='bbox 487 1525 608 1562; x_wconf 81' lang='lat' dir='ltr'>Melec</span> <span class='ocrx_word' id='word_1_200' title='bbox 636 1526 751 1563; x_wconf 82' lang='lat' dir='ltr'>Seras</span> <span class='ocrx_word' id='word_1_201' title='bbox 769 1525 899 1577; x_wconf 86' lang='lat' dir='ltr'>dicto)</span> <span class='ocrx_word' id='word_1_202' title='bbox 927 1526 1225 1574; x_wconf 85' lang='lat' dir='ltr'>Ptolemaidem,</span> <span class='ocrx_word' id='word_1_203' title='bbox 1267 1526 1495 1564; x_wconf 87' lang='lat' dir='ltr'>ditissimam</span> <span class='ocrx_word' id='word_1_204' title='bbox 1520 1531 1562 1563; x_wconf 87' lang='lat' dir='ltr'>et</span> 
     </span>
     <span class='ocr_line' id='line_1_25' title="bbox 107 1579 1561 1631; baseline 0.005 -14"><span class='ocrx_word' id='word_1_205' title='bbox 107 1579 406 1622; x_wconf 80' lang='lat' dir='ltr'>munitissimam</span> <span class='ocrx_word' id='word_1_206' title='bbox 430 1580 566 1619; x_wconf 87' lang='lat' dir='ltr'>urbem</span> <span class='ocrx_word' id='word_1_207' title='bbox 592 1580 822 1619; x_wconf 88' lang='lat' dir='ltr'>Phoeniciae</span> <span class='ocrx_word' id='word_1_208' title='bbox 853 1582 986 1631; x_wconf 90' lang='lat' dir='ltr'>(quod</span> <span class='ocrx_word' id='word_1_209' title='bbox 1006 1596 1109 1620; x_wconf 90' lang='lat' dir='ltr'>anno</span> <span class='ocrx_word' id='word_1_210' title='bbox 1132 1581 1279 1620; x_wconf 83' lang='lat' dir='ltr'>Christi</span> <span class='ocrx_word' id='word_1_211' title='bbox 1298 1584 1403 1624; x_wconf 77' lang='lat'>1291</span> <span class='ocrx_word' id='word_1_212' title='bbox 1426 1581 1489 1619; x_wconf 79' lang='lat' dir='ltr'>die</span> <span class='ocrx_word' id='word_1_213' title='bbox 1507 1583 1561 1623; x_wconf 85' lang='lat'>18</span> 
     </span>
     <span class='ocr_line' id='line_1_26' title="bbox 102 1636 1559 1689; baseline 0.001 -15"><span class='ocrx_word' id='word_1_214' title='bbox 102 1636 192 1685; x_wconf 57' lang='lat' dir='ltr'>vel,</span> <span class='ocrx_word' id='word_1_215' title='bbox 221 1642 268 1675; x_wconf 89' lang='lat' dir='ltr'>ut</span> <span class='ocrx_word' id='word_1_216' title='bbox 286 1636 370 1685; x_wconf 80' lang='lat' dir='ltr'>alii,</span> <span class='ocrx_word' id='word_1_217' title='bbox 400 1639 451 1677; x_wconf 88' lang='lat'>19</span> <span class='ocrx_word' id='word_1_218' title='bbox 472 1637 564 1674; x_wconf 81' lang='lat' dir='ltr'>Maii</span> <span class='ocrx_word' id='word_1_219' title='bbox 585 1638 788 1687; x_wconf 86' lang='lat' dir='ltr'>contigisse</span> <span class='ocrx_word' id='word_1_220' title='bbox 806 1644 988 1676; x_wconf 82' lang='lat' dir='ltr'>accurate</span> <span class='ocrx_word' id='word_1_221' title='bbox 1004 1638 1237 1689; x_wconf 86' lang='lat' dir='ltr'>Spondanus</span> <span class='ocrx_word' id='word_1_222' title='bbox 1262 1638 1330 1675; x_wconf 92' lang='lat' dir='ltr'>illo</span> <span class='ocrx_word' id='word_1_223' title='bbox 1357 1651 1461 1674; x_wconf 85' lang='lat' dir='ltr'>anno</span> <span class='ocrx_word' id='word_1_224' title='bbox 1483 1637 1559 1675; x_wconf 89' lang='lat' dir='ltr'>do-</span> 
     </span>
     <span class='ocr_line' id='line_1_27' title="bbox 101 1692 1561 1745; baseline 0 -15"><span class='ocrx_word' id='word_1_225' title='bbox 101 1697 171 1731; x_wconf 75' lang='lat' dir='ltr'>oet</span> <span class='ocrx_word' id='word_1_226' title='bbox 196 1705 246 1730; x_wconf 83' lang='lat' dir='ltr'>ex</span> <span class='ocrx_word' id='word_1_227' title='bbox 267 1692 524 1743; x_wconf 87' lang='lat' dir='ltr'>scriptoribus</span> <span class='ocrx_word' id='word_1_228' title='bbox 546 1692 702 1731; x_wconf 86' lang='lat' dir='ltr'>illorum</span> <span class='ocrx_word' id='word_1_229' title='bbox 726 1695 974 1745; x_wconf 86' lang='lat' dir='ltr'>temporum)</span> <span class='ocrx_word' id='word_1_230' title='bbox 1003 1705 1124 1732; x_wconf 78' lang='lat' dir='ltr'>manu</span> <span class='ocrx_word' id='word_1_231' title='bbox 1151 1694 1312 1732; x_wconf 86' lang='lat' dir='ltr'>collecta</span> <span class='ocrx_word' id='word_1_232' title='bbox 1332 1693 1406 1730; x_wconf 89' lang='lat' dir='ltr'>sibi</span> <span class='ocrx_word' id='word_1_233' title='bbox 1431 1693 1561 1731; x_wconf 88' lang='lat' dir='ltr'>obno—</span> 
     </span>
     <span class='ocr_line' id='line_1_28' title="bbox 102 1747 1560 1803; baseline 0 -17"><span class='ocrx_word' id='word_1_234' title='bbox 102 1747 286 1796; x_wconf 71' lang='lat' dir='ltr'>xiorum,</span> <span class='ocrx_word' id='word_1_235' title='bbox 315 1755 584 1801; x_wconf 69' lang='lat' dir='ltr'>quaestuosum</span> <span class='ocrx_word' id='word_1_236' title='bbox 606 1749 834 1798; x_wconf 83' lang='lat' dir='ltr'>aliquandiu</span> <span class='ocrx_word' id='word_1_237' title='bbox 862 1751 1019 1803; x_wconf 19' lang='lat' dir='ltr'>pertiua</span> <span class='ocrx_word' id='word_1_238' title='bbox 1039 1751 1160 1788; x_wconf 85' lang='lat' dir='ltr'>maria</span> <span class='ocrx_word' id='word_1_239' title='bbox 1182 1749 1388 1800; x_wconf 88' lang='lat' dir='ltr'>piraticam</span> <span class='ocrx_word' id='word_1_240' title='bbox 1411 1749 1560 1797; x_wconf 83' lang='lat' dir='ltr'>fecisse,</span> 
     </span>
     <span class='ocr_line' id='line_1_29' title="bbox 107 1804 1560 1856; baseline -0.001 -14"><span class='ocrx_word' id='word_1_241' title='bbox 107 1804 305 1853; x_wconf 84' lang='lat' dir='ltr'>partisque</span> <span class='ocrx_word' id='word_1_242' title='bbox 328 1806 474 1854; x_wconf 83' lang='lat' dir='ltr'>magnis</span> <span class='ocrx_word' id='word_1_243' title='bbox 496 1805 634 1856; x_wconf 89' lang='lat' dir='ltr'>opibus</span> <span class='ocrx_word' id='word_1_244' title='bbox 661 1806 798 1844; x_wconf 88' lang='lat' dir='ltr'>ducem</span> <span class='ocrx_word' id='word_1_245' title='bbox 819 1806 897 1843; x_wconf 83' lang='lat' dir='ltr'>iam</span> <span class='ocrx_word' id='word_1_246' title='bbox 919 1806 1052 1843; x_wconf 86' lang='lat' dir='ltr'>classis</span> <span class='ocrx_word' id='word_1_247' title='bbox 1069 1806 1220 1844; x_wconf 86' lang='lat' dir='ltr'>validae</span> <span class='ocrx_word' id='word_1_248' title='bbox 1237 1805 1436 1842; x_wconf 87' lang='lat' dir='ltr'>Friderico</span> <span class='ocrx_word' id='word_1_249' title='bbox 1457 1804 1560 1841; x_wconf 81' lang='lat' dir='ltr'>Sici—</span> 
     </span>
     <span class='ocr_line' id='line_1_30' title="bbox 107 1859 1558 1912; baseline 0.001 -16"><span class='ocrx_word' id='word_1_250' title='bbox 107 1859 199 1897; x_wconf 84' lang='lat' dir='ltr'>liam</span> <span class='ocrx_word' id='word_1_251' title='bbox 225 1859 416 1898; x_wconf 86' lang='lat' dir='ltr'>obtinenti</span> <span class='ocrx_word' id='word_1_252' title='bbox 436 1860 768 1909; x_wconf 84' lang='lat' dir='ltr'>(Theuderichum</span> <span class='ocrx_word' id='word_1_253' title='bbox 790 1861 897 1900; x_wconf 91' lang='lat' dir='ltr'>hunc</span> <span class='ocrx_word' id='word_1_254' title='bbox 922 1875 1126 1912; x_wconf 89' lang='lat' dir='ltr'>perperam</span> <span class='ocrx_word' id='word_1_255' title='bbox 1149 1867 1267 1899; x_wconf 83' lang='lat' dir='ltr'>vocat</span> <span class='ocrx_word' id='word_1_256' title='bbox 1284 1859 1558 1910; x_wconf 81' lang='lat' dir='ltr'>Pachymeres)</span> 
     </span>
     <span class='ocr_line' id='line_1_31' title="bbox 108 1914 1556 1967; baseline 0.001 -16"><span class='ocrx_word' id='word_1_257' title='bbox 108 1914 314 1952; x_wconf 87' lang='lat' dir='ltr'>militarem</span> <span class='ocrx_word' id='word_1_258' title='bbox 343 1915 457 1964; x_wconf 79' lang='lat' dir='ltr'>longo</span> <span class='ocrx_word' id='word_1_259' title='bbox 480 1922 654 1966; x_wconf 88' lang='lat' dir='ltr'>tempore</span> <span class='ocrx_word' id='word_1_260' title='bbox 680 1917 774 1954; x_wconf 84' lang='lat' dir='ltr'>certi</span> <span class='ocrx_word' id='word_1_261' title='bbox 794 1917 971 1966; x_wconf 87' lang='lat' dir='ltr'>pactione</span> <span class='ocrx_word' id='word_1_262' title='bbox 990 1917 1172 1967; x_wconf 85' lang='lat' dir='ltr'>stipendii</span> <span class='ocrx_word' id='word_1_263' title='bbox 1197 1929 1357 1966; x_wconf 89' lang='lat' dir='ltr'>operam</span> <span class='ocrx_word' id='word_1_264' title='bbox 1377 1928 1556 1961; x_wconf 85' lang='lat' dir='ltr'>navasse,</span> 
     </span>
     <span class='ocr_line' id='line_1_32' title="bbox 107 1969 1558 2021; baseline 0.001 -14"><span class='ocrx_word' id='word_1_265' title='bbox 107 1969 211 2007; x_wconf 88' lang='lat' dir='ltr'>bello</span> <span class='ocrx_word' id='word_1_266' title='bbox 230 1969 336 2019; x_wconf 86' lang='lat' dir='ltr'>quod</span> <span class='ocrx_word' id='word_1_267' title='bbox 361 1970 425 2006; x_wconf 87' lang='lat' dir='ltr'>ille</span> <span class='ocrx_word' id='word_1_268' title='bbox 453 1970 639 2008; x_wconf 83' lang='lat' dir='ltr'>adversus</span> <span class='ocrx_word' id='word_1_269' title='bbox 658 1970 855 2008; x_wconf 89' lang='lat' dir='ltr'>ecclesiam</span> <span class='ocrx_word' id='word_1_270' title='bbox 873 1972 1026 2009; x_wconf 87' lang='lat' dir='ltr'>rebellis</span> <span class='ocrx_word' id='word_1_271' title='bbox 1044 1979 1182 2009; x_wconf 88' lang='lat' dir='ltr'>contra</span> <span class='ocrx_word' id='word_1_272' title='bbox 1203 1971 1384 2008; x_wconf 88' lang='lat' dir='ltr'>Carolum</span> <span class='ocrx_word' id='word_1_273' title='bbox 1399 1971 1558 2021; x_wconf 83' lang='lat' dir='ltr'>gerebat</span> 
     </span>
     <span class='ocr_line' id='line_1_33' title="bbox 108 2024 1558 2077; baseline 0.001 -14"><span class='ocrx_word' id='word_1_274' title='bbox 108 2025 271 2075; x_wconf 82' lang='lat' dir='ltr'>Apuliae</span> <span class='ocrx_word' id='word_1_275' title='bbox 294 2037 435 2075; x_wconf 85' lang='lat' dir='ltr'>regem.</span> <span class='ocrx_word' id='word_1_276' title='bbox 491 2032 688 2063; x_wconf 89' lang='lat' dir='ltr'>caeterum</span> <span class='ocrx_word' id='word_1_277' title='bbox 708 2026 786 2064; x_wconf 85' lang='lat' dir='ltr'>hoc</span> <span class='ocrx_word' id='word_1_278' title='bbox 803 2027 964 2064; x_wconf 86' lang='lat' dir='ltr'>tandem</span> <span class='ocrx_word' id='word_1_279' title='bbox 982 2027 1082 2064; x_wconf 84' lang='lat' dir='ltr'>bello</span> <span class='ocrx_word' id='word_1_280' title='bbox 1099 2024 1340 2077; x_wconf 86' lang='lat' dir='ltr'>nuptialibus</span> <span class='ocrx_word' id='word_1_281' title='bbox 1360 2027 1558 2065; x_wconf 71' lang='lat' dir='ltr'>conditio-</span> 
     </span>
     <span class='ocr_line' id='line_1_34' title="bbox 108 2081 1555 2132; baseline 0.001 -13"><span class='ocrx_word' id='word_1_282' title='bbox 108 2081 224 2119; x_wconf 87' lang='lat' dir='ltr'>nibus</span> <span class='ocrx_word' id='word_1_283' title='bbox 245 2081 463 2131; x_wconf 86' lang='lat' dir='ltr'>dirempto,.</span> <span class='ocrx_word' id='word_1_284' title='bbox 479 2081 618 2131; x_wconf 90' lang='lat' dir='ltr'>quibus</span> <span class='ocrx_word' id='word_1_285' title='bbox 636 2082 838 2119; x_wconf 85' lang='lat' dir='ltr'>Ecaterina</span> <span class='ocrx_word' id='word_1_286' title='bbox 857 2082 956 2132; x_wconf 89' lang='lat' dir='ltr'>regis</span> <span class='ocrx_word' id='word_1_287' title='bbox 975 2083 1101 2120; x_wconf 82' lang='lat' dir='ltr'>Caroli</span> <span class='ocrx_word' id='word_1_288' title='bbox 1122 2083 1200 2120; x_wconf 82' lang='lat' dir='ltr'>filia</span> <span class='ocrx_word' id='word_1_289' title='bbox 1219 2083 1317 2132; x_wconf 75' lang='lat' dir='ltr'>regis</span> <span class='ocrx_word' id='word_1_290' title='bbox 1333 2083 1452 2120; x_wconf 89' lang='lat' dir='ltr'>Siculi</span> <span class='ocrx_word' id='word_1_291' title='bbox 1470 2084 1555 2121; x_wconf 77' lang='lat' dir='ltr'>fra—</span> 
     </span>
     <span class='ocr_line' id='line_1_35' title="bbox 108 2137 1555 2188; baseline 0.002 -14"><span class='ocrx_word' id='word_1_292' title='bbox 108 2137 160 2175; x_wconf 85' lang='lat' dir='ltr'>tri</span> <span class='ocrx_word' id='word_1_293' title='bbox 178 2137 365 2174; x_wconf 88' lang='lat' dir='ltr'>collocata</span> <span class='ocrx_word' id='word_1_294' title='bbox 382 2137 454 2184; x_wconf 89' lang='lat' dir='ltr'>sit,</span> <span class='ocrx_word' id='word_1_295' title='bbox 481 2137 732 2175; x_wconf 75' lang='lat' dir='ltr'>Rontzerium</span> <span class='ocrx_word' id='word_1_296' title='bbox 751 2137 912 2175; x_wconf 85' lang='lat' dir='ltr'>haerere</span> <span class='ocrx_word' id='word_1_297' title='bbox 930 2138 1093 2188; x_wconf 87' lang='lat' dir='ltr'>amplius</span> <span class='ocrx_word' id='word_1_298' title='bbox 1111 2138 1153 2176; x_wconf 91' lang='lat' dir='ltr'>in</span> <span class='ocrx_word' id='word_1_299' title='bbox 1172 2138 1300 2176; x_wconf 85' lang='lat' dir='ltr'>Sicilia</span> <span class='ocrx_word' id='word_1_300' title='bbox 1318 2152 1399 2176; x_wconf 88' lang='lat' dir='ltr'>non</span> <span class='ocrx_word' id='word_1_301' title='bbox 1415 2139 1555 2178; x_wconf 75' lang='lat' dir='ltr'>valen-</span> 
     </span>
     <span class='ocr_line' id='line_1_36' title="bbox 107 2192 1554 2245; baseline 0.001 -14"><span class='ocrx_word' id='word_1_302' title='bbox 107 2199 201 2239; x_wconf 87' lang='lat' dir='ltr'>tem,</span> <span class='ocrx_word' id='word_1_303' title='bbox 230 2192 336 2242; x_wconf 89' lang='lat' dir='ltr'>quod</span> <span class='ocrx_word' id='word_1_304' title='bbox 353 2205 441 2230; x_wconf 88' lang='lat' dir='ltr'>eum</span> <span class='ocrx_word' id='word_1_305' title='bbox 457 2193 656 2230; x_wconf 87' lang='lat' dir='ltr'>Romanus</span> <span class='ocrx_word' id='word_1_306' title='bbox 678 2194 854 2243; x_wconf 82' lang='lat' dir='ltr'>pontifex</span> <span class='ocrx_word' id='word_1_307' title='bbox 873 2193 962 2230; x_wconf 84' lang='lat' dir='ltr'>dedi</span> <span class='ocrx_word' id='word_1_308' title='bbox 982 2194 1054 2231; x_wconf 89' lang='lat' dir='ltr'>sibi</span> <span class='ocrx_word' id='word_1_309' title='bbox 1077 2193 1319 2245; x_wconf 88' lang='lat' dir='ltr'>puniendum</span> <span class='ocrx_word' id='word_1_310' title='bbox 1340 2208 1362 2231; x_wconf 85' lang='lat' dir='ltr'>a</span> <span class='ocrx_word' id='word_1_311' title='bbox 1380 2206 1468 2244; x_wconf 88' lang='lat' dir='ltr'>rege</span> <span class='ocrx_word' id='word_1_312' title='bbox 1489 2195 1554 2232; x_wconf 91' lang='lat' dir='ltr'>Si-</span> 
     </span>
     <span class='ocr_line' id='line_1_37' title="bbox 102 2248 1475 2300; baseline 0.001 -13"><span class='ocrx_word' id='word_1_313' title='bbox 102 2248 198 2287; x_wconf 82' lang='lat' dir='ltr'>culo</span> <span class='ocrx_word' id='word_1_314' title='bbox 214 2248 416 2300; x_wconf 88' lang='lat' dir='ltr'>poscebat,</span> <span class='ocrx_word' id='word_1_315' title='bbox 446 2255 603 2299; x_wconf 86' lang='lat' dir='ltr'>pactum</span> <span class='ocrx_word' id='word_1_316' title='bbox 625 2248 673 2286; x_wconf 88' lang='lat' dir='ltr'>de</span> <span class='ocrx_word' id='word_1_317' title='bbox 691 2262 768 2298; x_wconf 93' lang='lat' dir='ltr'>quo</span> <span class='ocrx_word' id='word_1_318' title='bbox 790 2249 959 2286; x_wconf 87' lang='lat' dir='ltr'>diximus</span> <span class='ocrx_word' id='word_1_319' title='bbox 976 2250 1104 2287; x_wconf 87' lang='lat' dir='ltr'>iniisse</span> <span class='ocrx_word' id='word_1_320' title='bbox 1123 2263 1212 2288; x_wconf 90' lang='lat' dir='ltr'>cum</span> <span class='ocrx_word' id='word_1_321' title='bbox 1234 2248 1475 2288; x_wconf 86' lang='lat' dir='ltr'>Andronico.</span> 
     </span>
    </p>

    <p class='ocr_par' dir='ltr' id='par_1_8' title="bbox 108 2303 1555 2860">
     <span class='ocr_line' id='line_1_38' title="bbox 220 2303 1555 2354; baseline 0.001 -12"><span class='ocrx_word' id='word_1_322' title='bbox 220 2305 283 2342; x_wconf 83' lang='lat'>111.</span> <span class='ocrx_word' id='word_1_323' title='bbox 338 2307 397 2341; x_wconf 86' lang='lat' dir='ltr'>Ita</span> <span class='ocrx_word' id='word_1_324' title='bbox 415 2305 471 2341; x_wconf 90' lang='lat' dir='ltr'>ibi</span> <span class='ocrx_word' id='word_1_325' title='bbox 491 2303 764 2354; x_wconf 83' lang='lat' dir='ltr'>Pachymeres,</span> <span class='ocrx_word' id='word_1_326' title='bbox 792 2305 834 2341; x_wconf 90' lang='lat' dir='ltr'>in</span> <span class='ocrx_word' id='word_1_327' title='bbox 859 2304 976 2342; x_wconf 84' lang='lat' dir='ltr'>rebus</span> <span class='ocrx_word' id='word_1_328' title='bbox 1001 2318 1099 2354; x_wconf 83' lang='lat' dir='ltr'>quae</span> <span class='ocrx_word' id='word_1_329' title='bbox 1122 2305 1170 2343; x_wconf 86' lang='lat' dir='ltr'>de</span> <span class='ocrx_word' id='word_1_330' title='bbox 1188 2306 1320 2344; x_wconf 86' lang='lat' dir='ltr'>alienis</span> <span class='ocrx_word' id='word_1_331' title='bbox 1345 2306 1460 2344; x_wconf 84' lang='lat' dir='ltr'>terris</span> <span class='ocrx_word' id='word_1_332' title='bbox 1484 2311 1555 2344; x_wconf 84' lang='lat' dir='ltr'>aut</span> 
     </span>
     <span class='ocr_line' id='line_1_39' title="bbox 110 2360 1555 2411; baseline 0.001 -13"><span class='ocrx_word' id='word_1_333' title='bbox 110 2361 289 2411; x_wconf 79' lang='lat' dir='ltr'>gentibus</span> <span class='ocrx_word' id='word_1_334' title='bbox 312 2361 437 2398; x_wconf 89' lang='lat' dir='ltr'>obiter</span> <span class='ocrx_word' id='word_1_335' title='bbox 458 2366 669 2408; x_wconf 84' lang='lat' dir='ltr'>memorat,</span> <span class='ocrx_word' id='word_1_336' title='bbox 691 2373 762 2398; x_wconf 91' lang='lat' dir='ltr'>suo</span> <span class='ocrx_word' id='word_1_337' title='bbox 781 2373 889 2398; x_wconf 88' lang='lat' dir='ltr'>more</span> <span class='ocrx_word' id='word_1_338' title='bbox 915 2360 1145 2400; x_wconf 85' lang='lat' dir='ltr'>balbutiens.</span> <span class='ocrx_word' id='word_1_339' title='bbox 1201 2362 1328 2400; x_wconf 81' lang='lat' dir='ltr'>voluit</span> <span class='ocrx_word' id='word_1_340' title='bbox 1346 2363 1451 2401; x_wconf 90' lang='lat' dir='ltr'>enim</span> <span class='ocrx_word' id='word_1_341' title='bbox 1469 2362 1555 2400; x_wconf 87' lang='lat' dir='ltr'>sine</span> 
     </span>
     <span class='ocr_line' id='line_1_40' title="bbox 111 2416 1553 2467; baseline 0.001 -13"><span class='ocrx_word' id='word_1_342' title='bbox 111 2417 231 2454; x_wconf 88' lang='lat' dir='ltr'>dubio</span> <span class='ocrx_word' id='word_1_343' title='bbox 255 2416 334 2454; x_wconf 87' lang='lat' dir='ltr'>illic</span> <span class='ocrx_word' id='word_1_344' title='bbox 360 2416 534 2454; x_wconf 86' lang='lat' dir='ltr'>indicare</span> <span class='ocrx_word' id='word_1_345' title='bbox 554 2429 687 2467; x_wconf 87' lang='lat' dir='ltr'>pacem</span> <span class='ocrx_word' id='word_1_346' title='bbox 711 2417 855 2453; x_wconf 84' lang='lat' dir='ltr'>saetam</span> <span class='ocrx_word' id='word_1_347' title='bbox 882 2430 985 2454; x_wconf 89' lang='lat' dir='ltr'>anno</span> <span class='ocrx_word' id='word_1_348' title='bbox 1008 2416 1150 2455; x_wconf 81' lang='lat' dir='ltr'>Christi</span> <span class='ocrx_word' id='word_1_349' title='bbox 1172 2421 1279 2460; x_wconf 82' lang='lat'><strong>1302</strong></span> <span class='ocrx_word' id='word_1_350' title='bbox 1302 2418 1406 2457; x_wconf 84' lang='lat' dir='ltr'>inter</span> <span class='ocrx_word' id='word_1_351' title='bbox 1428 2419 1553 2456; x_wconf 87' lang='lat' dir='ltr'>Caro-</span> 
     </span>
     <span class='ocr_line' id='line_1_41' title="bbox 108 2471 1553 2524; baseline 0.001 -15"><span class='ocrx_word' id='word_1_352' title='bbox 108 2472 193 2510; x_wconf 89' lang='lat' dir='ltr'>lum</span> <span class='ocrx_word' id='word_1_353' title='bbox 210 2484 337 2523; x_wconf 88' lang='lat' dir='ltr'>regem</span> <span class='ocrx_word' id='word_1_354' title='bbox 351 2472 528 2523; x_wconf 85' lang='lat' dir='ltr'>Neapolis</span> <span class='ocrx_word' id='word_1_355' title='bbox 545 2478 585 2509; x_wconf 90' lang='lat' dir='ltr'>et</span> <span class='ocrx_word' id='word_1_356' title='bbox 604 2472 634 2508; x_wconf 86' lang='lat' dir='ltr'>F</span> <span class='ocrx_word' id='word_1_357' title='bbox 635 2471 847 2510; x_wconf 82' lang='lat' dir='ltr'>ridericum</span> <span class='ocrx_word' id='word_1_358' title='bbox 866 2471 906 2509; x_wconf 91' lang='lat' dir='ltr'>in</span> <span class='ocrx_word' id='word_1_359' title='bbox 924 2472 1054 2510; x_wconf 89' lang='lat' dir='ltr'>Sicilia</span> <span class='ocrx_word' id='word_1_360' title='bbox 1073 2472 1350 2522; x_wconf 85' lang='lat' dir='ltr'>dominantem,</span> <span class='ocrx_word' id='word_1_361' title='bbox 1379 2487 1456 2524; x_wconf 90' lang='lat' dir='ltr'>qua</span> <span class='ocrx_word' id='word_1_362' title='bbox 1471 2487 1553 2511; x_wconf 89' lang='lat' dir='ltr'>non</span> 
     </span>
     <span class='ocr_line' id='line_1_42' title="bbox 109 2527 1552 2579; baseline 0.001 -15"><span class='ocrx_word' id='word_1_363' title='bbox 109 2527 314 2566; x_wconf 84' lang='lat' dir='ltr'>Ecaterina</span> <span class='ocrx_word' id='word_1_364' title='bbox 336 2528 404 2566; x_wconf 85' lang='lat' dir='ltr'>sed</span> <span class='ocrx_word' id='word_1_365' title='bbox 425 2529 614 2566; x_wconf 84' lang='lat' dir='ltr'>Eleonora</span> <span class='ocrx_word' id='word_1_366' title='bbox 649 2528 748 2578; x_wconf 81' lang='lat' dir='ltr'>regis</span> <span class='ocrx_word' id='word_1_367' title='bbox 781 2528 908 2566; x_wconf 90' lang='lat' dir='ltr'>Caroli</span> <span class='ocrx_word' id='word_1_368' title='bbox 934 2528 1036 2578; x_wconf 82' lang='lat' dir='ltr'>filia,</span> <span class='ocrx_word' id='word_1_369' title='bbox 1065 2542 1145 2567; x_wconf 88' lang='lat' dir='ltr'>non</span> <span class='ocrx_word' id='word_1_370' title='bbox 1173 2529 1287 2567; x_wconf 79' lang='lat' dir='ltr'>fratri</span> <span class='ocrx_word' id='word_1_371' title='bbox 1311 2530 1410 2579; x_wconf 80' lang='lat' dir='ltr'>regis</span> <span class='ocrx_word' id='word_1_372' title='bbox 1433 2530 1552 2567; x_wconf 91' lang='lat' dir='ltr'>Siculi</span> 
     </span>
     <span class='ocr_line' id='line_1_43' title="bbox 111 2583 1552 2637; baseline 0.001 -18"><span class='ocrx_word' id='word_1_373' title='bbox 111 2583 179 2620; x_wconf 85' lang='lat' dir='ltr'>sed</span> <span class='ocrx_word' id='word_1_374' title='bbox 194 2583 268 2634; x_wconf 89' lang='lat' dir='ltr'>ipsi</span> <span class='ocrx_word' id='word_1_375' title='bbox 285 2585 482 2622; x_wconf 79' lang='lat' dir='ltr'>Friderico</span> <span class='ocrx_word' id='word_1_376' title='bbox 500 2584 689 2635; x_wconf 86' lang='lat' dir='ltr'>desponsa</span> <span class='ocrx_word' id='word_1_377' title='bbox 707 2583 853 2622; x_wconf 70' lang='lat' dir='ltr'>coniux</span> <span class='ocrx_word' id='word_1_378' title='bbox 875 2590 946 2632; x_wconf 90' lang='lat' dir='ltr'>est,</span> <span class='ocrx_word' id='word_1_379' title='bbox 978 2591 1099 2634; x_wconf 87' lang='lat' dir='ltr'>prout</span> <span class='ocrx_word' id='word_1_380' title='bbox 1113 2584 1336 2623; x_wconf 83' lang='lat' dir='ltr'>Fridericus</span> <span class='ocrx_word' id='word_1_381' title='bbox 1353 2586 1435 2637; x_wconf 88' lang='lat' dir='ltr'>ipse</span> <span class='ocrx_word' id='word_1_382' title='bbox 1451 2591 1552 2622; x_wconf 88' lang='lat' dir='ltr'>atte-</span> 
     </span>
     <span class='ocr_line' id='line_1_44' title="bbox 110 2639 1551 2692; baseline 0.003 -18"><span class='ocrx_word' id='word_1_383' title='bbox 110 2643 238 2678; x_wconf 82' lang='lat' dir='ltr'>statur</span> <span class='ocrx_word' id='word_1_384' title='bbox 261 2639 302 2677; x_wconf 89' lang='lat' dir='ltr'>in</span> <span class='ocrx_word' id='word_1_385' title='bbox 325 2640 587 2678; x_wconf 83' lang='lat' dir='ltr'>instrumento</span> <span class='ocrx_word' id='word_1_386' title='bbox 609 2641 876 2678; x_wconf 85' lang='lat' dir='ltr'>conventionis</span> <span class='ocrx_word' id='word_1_387' title='bbox 900 2639 1010 2677; x_wconf 88' lang='lat' dir='ltr'>istius</span> <span class='ocrx_word' id='word_1_388' title='bbox 1034 2640 1187 2690; x_wconf 89' lang='lat' dir='ltr'>publice</span> <span class='ocrx_word' id='word_1_389' title='bbox 1213 2654 1284 2692; x_wconf 85' lang='lat' dir='ltr'>per</span> <span class='ocrx_word' id='word_1_390' title='bbox 1302 2641 1428 2692; x_wconf 86' lang='lat' dir='ltr'>ipsum</span> <span class='ocrx_word' id='word_1_391' title='bbox 1447 2640 1551 2679; x_wconf 88' lang='lat' dir='ltr'>edito</span> 
     </span>
     <span class='ocr_line' id='line_1_45' title="bbox 110 2692 1552 2746; baseline 0.004 -18"><span class='ocrx_word' id='word_1_392' title='bbox 110 2692 162 2730; x_wconf 75' lang='lat' dir='ltr'>ad</span> <span class='ocrx_word' id='word_1_393' title='bbox 181 2693 361 2733; x_wconf 83' lang='lat' dir='ltr'>Castrum</span> <span class='ocrx_word' id='word_1_394' title='bbox 378 2695 532 2734; x_wconf 90' lang='lat' dir='ltr'>Novum</span> <span class='ocrx_word' id='word_1_395' title='bbox 550 2695 611 2734; x_wconf 76' lang='lat' dir='ltr'>&lt;lie</span> <span class='ocrx_word' id='word_1_396' title='bbox 632 2699 682 2737; x_wconf 86' lang='lat'>19</span> <span class='ocrx_word' id='word_1_397' title='bbox 703 2697 842 2734; x_wconf 89' lang='lat' dir='ltr'>mensis</span> <span class='ocrx_word' id='word_1_398' title='bbox 861 2695 1023 2746; x_wconf 81' lang='lat' dir='ltr'>Augusti</span> <span class='ocrx_word' id='word_1_399' title='bbox 1043 2710 1146 2734; x_wconf 88' lang='lat' dir='ltr'>anno</span> <span class='ocrx_word' id='word_1_400' title='bbox 1164 2696 1308 2735; x_wconf 71' lang='lat' dir='ltr'>clu-isti</span> <span class='ocrx_word' id='word_1_401' title='bbox 1327 2700 1456 2744; x_wconf 80' lang='lat'><strong>1302,</strong></span> <span class='ocrx_word' id='word_1_402' title='bbox 1485 2697 1552 2734; x_wconf 89' lang='lat' dir='ltr'>in-</span> 
     </span>
     <span class='ocr_line' id='line_1_46' title="bbox 112 2747 1550 2801; baseline 0.004 -17"><span class='ocrx_word' id='word_1_403' title='bbox 112 2747 282 2787; x_wconf 83' lang='lat' dir='ltr'>dictione</span> <span class='ocrx_word' id='word_1_404' title='bbox 307 2751 381 2798; x_wconf 81' lang='lat'>15‚</span> <span class='ocrx_word' id='word_1_405' title='bbox 410 2751 518 2800; x_wconf 84' lang='lat' dir='ltr'>quod</span> <span class='ocrx_word' id='word_1_406' title='bbox 542 2757 672 2790; x_wconf 86' lang='lat' dir='ltr'>totum</span> <span class='ocrx_word' id='word_1_407' title='bbox 699 2753 840 2790; x_wconf 84' lang='lat' dir='ltr'>recitat</span> <span class='ocrx_word' id='word_1_408' title='bbox 856 2752 1060 2790; x_wconf 22' lang='lat' dir='ltr'>*Odoricus</span> <span class='ocrx_word' id='word_1_409' title='bbox 1090 2753 1304 2790; x_wconf 81' lang='lat' dir='ltr'>Rainaldus</span> <span class='ocrx_word' id='word_1_410' title='bbox 1335 2765 1381 2790; x_wconf 84' lang='lat' dir='ltr'>eo</span> <span class='ocrx_word' id='word_1_411' title='bbox 1397 2751 1550 2801; x_wconf 80' lang='lat' dir='ltr'>Annali,</span> 
     </span>
     <span class='ocr_line' id='line_1_47' title="bbox 111 2803 1554 2860; baseline 0.003 -18"><span class='ocrx_word' id='word_1_412' title='bbox 111 2803 219 2843; x_wconf 82' lang='lat' dir='ltr'>unde</span> <span class='ocrx_word' id='word_1_413' title='bbox 245 2805 492 2850; x_wconf 74' lang='lat' dir='ltr'>manifestum</span> <span class='ocrx_word' id='word_1_414' title='bbox 518 2813 577 2845; x_wconf 88' lang='lat' dir='ltr'>est</span> <span class='ocrx_word' id='word_1_415' title='bbox 603 2807 652 2855; x_wconf 81' lang='lat' dir='ltr'>ab</span> <span class='ocrx_word' id='word_1_416' title='bbox 678 2807 746 2846; x_wconf 91' lang='lat' dir='ltr'>illo</span> <span class='ocrx_word' id='word_1_417' title='bbox 774 2808 852 2846; x_wconf 83' lang='lat' dir='ltr'>iam</span> <span class='ocrx_word' id='word_1_418' title='bbox 883 2814 1057 2858; x_wconf 84' lang='lat' dir='ltr'>tempore</span> <span class='ocrx_word' id='word_1_419' title='bbox 1085 2808 1239 2848; x_wconf 83' lang='lat' dir='ltr'>institui</span> <span class='ocrx_word' id='word_1_420' title='bbox 1266 2814 1448 2860; x_wconf 67' lang='lat' dir='ltr'>coeptum</span> <span class='ocrx_word' id='word_1_421' title='bbox 1473 2821 1554 2847; x_wconf 86' lang='lat' dir='ltr'>esse</span> 
     </span>
    </p>
   </div>
   <div class='ocr_carea' id='block_1_7' title="bbox 1578 1922 1696 1958">
    <p class='ocr_par' dir='ltr' id='par_1_9' title="bbox 1578 1922 1696 1958">
     <span class='ocr_line' id='line_1_48' title="bbox 1578 1922 1696 1958; baseline 0 -1"><span class='ocrx_word' id='word_1_422' title='bbox 1578 1922 1608 1957; x_wconf 80' lang='grc' dir='ltr'>Ρ</span> <span class='ocrx_word' id='word_1_423' title='bbox 1630 1923 1696 1958; x_wconf 81' lang='grc'>578</span> 
     </span>
    </p>
   </div>
  </div>
 </body>
</html>
