1858 3126
258 163 361 210 416
686 158 922 206 GEORGII
954 161 1305 210 PACHYMERIS

262 277 408 334 τηρίαν
444 274 699 331 πορίζεσθαι.
771 279 888 319 πᾶσα
917 275 961 318 δ’
984 277 1143 320 ἐκείνων
1173 280 1382 333 περιουσία
1406 279 1455 323 οὗ
1471 284 1629 336 μᾶλλον
1652 286 1727 325 τοῦ

262 344 503 400 κεκτημένου
541 343 568 399 ἢ
604 348 680 387 τοῦ
721 342 1031 399 καταλαβόντος
1069 350 1153 389 τῶν
1180 345 1478 406 Ἀμογαβάρων
1512 352 1724 408 ἐφαίνετο·

261 414 370 459 οὕτω
391 413 469 470 γὰρ
487 414 742 468 ἲὸιωνυμεΐτο
766 414 814 457 τὸ
839 414 985 467 ἔθνος,
1024 419 1083 474 τῷ
1108 413 1382 472 ἐξλἈβάρων,
1421 415 1534 471 οἶμαι
1547 451 1561 470 ,
1597 417 1726 462 κατά-

258 488 422 541 γεσθαι.
470 482 518 525 οὗ
538 480 667 535 μόνον
688 482 728 525 δ’
752 482 1005 538 αὐτόχθονες
1028 483 1151 527 ταῦτ’
1174 484 1375 540 ἔπασχον,
1413 484 1512 528 ἀλλ’
1531 485 1587 536 ὥς
1606 489 1725 531 εἰπεῖν

260 552 441 607 ἀνατολὴ
471 555 586 594 πᾶσα
605 551 838 607 Ῥωμαίων,
878 551 940 596 ὅτι
960 554 1027 595 καὶ
1052 551 1108 603 ὥς
1129 556 1370 614 προσφυγίῳ
1387 552 1640 611 χρησάμενοι
1667 560 1759 615 τῷὸ

258 622 550 676 ἐπιτειχίσματι
575 619 723 671 πάντες
749 622 834 664 ἐκεῖ
856 622 1113 677 κατέδραμον
1126 656 1139 675 ,
1174 625 1241 665 καὶ
1271 621 1387 679 καινή
1412 641 1474 674 τις
1499 622 1654 675 ἅλωσις
1677 620 1728 680 ἦν

259 691 373 749 παρὰ
407 695 489 733 τῶν
525 691 680 733 οἰκείων
711 697 797 740 τοῖς
826 690 901 733 ἀπ’
934 693 1099 748 ἐχθρῶν
1132 690 1363 748 φεύγουσιν.
1389 733 1404 743 ,
1434 694 1489 736 ἐῶ
1523 692 1728 748 σωμάτων

205 771 237 805 D
260 758 629 818 ἆκρωτηριασμοὺς
649 761 715 802 καὶ
736 757 888 816 φόνους
910 762 976 802 καὶ
993 759 1241 815 μιασμάτων
1269 760 1452 818 φορυτὸν
1480 761 1616 812 ἄλλως
1622 795 1637 816 ,
1666 760 1728 812 οἷς

258 831 298 874 οἳ
331 827 496 883 ἀμύνειν
527 826 762 878 ἐπιστάντες
789 828 887 878 τοὺς
918 829 1094 880 ἀθλίους
1131 830 1491 887 πυργηρουμένους
1520 831 1564 874 ἔκ
1592 829 1728 886 πάσης

255 899 498 954 περιέβαλον
520 896 728 953 ἀπηνείας.
774 895 795 940 ὅ
818 898 896 954 γὰρ
915 903 1027 955 σφᾶς
1049 898 1179 956 ἄγων,
1215 899 1264 942 τὸ
1282 900 1356 954 μὲν
1376 897 1727 957 προσθεραπεῦειν
1739 909 1783 944 10

254 969 393 1011 θέλων
414 967 587 1017 ἐκείνους
608 965 664 1017 ὦς
680 967 756 1022 τὴν
776 966 908 1023 ἀρχὴν
928 969 1063 1026 ἐκείνῳ
1084 967 1424 1022 πεπιστευκότας,
1454 969 1501 1012 τὸ
1521 970 1566 1012 δὲ
1585 968 1729 1019 δεδιὼς

257 1037 330 1080 τὸν
355 1036 459 1093 παρ’
494 1035 630 1079 αὐτῶν
662 1037 874 1089 κίνδυνον,
911 1039 945 1079 εἶ
974 1037 1103 1080 αὐτοῦ
1136 1038 1284 1088 ἱκανῶς
1303 1038 1356 1080 τὰ
1377 1038 1481 1081 κατὰ
1499 1039 1639 1094 χρείαν
1659 1035 1727 1080 εὖ-

257 1105 404 1163 ρόντος
431 1103 663 1162 ὑστέρησαν
690 1106 831 1148 ἐκεῖνοι
860 1109 942 1148 τῶν
965 1105 1244 1161 ἦλπισμένων,
1285 1106 1379 1149 οὐδ’
1405 1105 1595 1150 ὁπωσοῦν
1623 1106 1726 1150 ἀνα-

257 1176 435 1219 στέλλειν
457 1172 580 1229 εῗχεν,
618 1173 712 1217 ἀλλ’
736 1173 916 1217 ἐνεδίδου
940 1175 1056 1231 σφίσι
1079 1175 1132 1218 τὰ
1155 1174 1261 1218 κατὰ
1283 1179 1382 1218 νοῦν
1405 1173 1619 1233 πράττειν,
1657 1177 1726 1218 καὶ

205 1256 236 1292 Ε
259 1244 395 1289 ταῦθ’
426 1243 705 1299 ἶκανουμένοις
721 1244 892 1294 καὶτοῖς
914 1244 957 1286 ἐκ
972 1244 1174 1298 βασιλέως
1199 1244 1465 1302 σιτηρεσίοις,
1501 1243 1579 1288 κᾶν
1605 1243 1724 1288 οὐδὲν
1736 1251 1779 1287 15

347 1379 381 1412 9.
406 1374 632 1417 ὑποστάντες
643 1376 662 1410 ’.Ρ

255 1492 350 1539 pati,
382 1492 442 1537 qui
473 1492 617 1526 salutem
651 1491 757 1526 nollet
790 1492 935 1537 pecunia
963 1491 1141 1527 redimere.
1189 1503 1256 1538 quo
1281 1492 1316 1526 in
1339 1495 1412 1527 toto
1435 1493 1566 1528 nefario
1600 1503 1726 1539 genere

255 1543 419 1584 quaestus
443 1542 513 1572 tam
535 1538 712 1583 impudens
736 1538 874 1572 licentia
905 1542 981 1573 erat
1003 1540 1143 1572 istorum
1166 1539 1456 1583 Amogabarorum
1487 1539 1566 1583 (sic
1588 1539 1726 1584 proprie

254 1585 444 1619 vocabatur
475 1595 517 1617 ea
548 1595 656 1628 genS,
686 1584 766 1618 inde
799 1584 900 1618 credo
932 1585 1023 1629 quod
1055 1596 1098 1618 ex
1122 1584 1243 1619 Abaris
1275 1585 1449 1629 originem·
1469 1585 1651 1628 traheret)
1685 1587 1724 1618 ut

254 1630 401 1676 quadam
423 1629 518 1663 velut
539 1629 606 1664 iam
629 1641 693 1664 usu
723 1634 825 1675 parta
858 1631 1055 1675 raptoribus
1083 1630 1288 1664 auctoritate
1319 1630 1526 1675 praedandi,
1560 1629 1724 1676 quidquid

254 1677 402 1723 quisque
426 1687 527 1721 quam
551 1675 678 1722 optimo
703 1687 741 1710 se
763 1681 901 1721 putaret
923 1677 998 1710 iure
1018 1676 1217 1722 possidere,
1240 1676 1274 1710 id
1299 1677 1395 1710 simul
1417 1680 1637 1721 apparuerat,
1659 1675 1724 1710 sibi

255 1723 356 1768 quasi
388 1721 539 1766 legitime
570 1722 761 1768 quaesitum
783 1722 870 1756 latro
894 1722 1026 1756 advena
1057 1721 1342 1756 confidentissime
1366 1727 1546 1765 arrogaret
1566 1722 1725 1766 iusteque

253 1779 439 1814 usurpasse
469 1768 582 1802 videri
612 1768 726 1802 vellet.
773 1779 837 1802 nec
870 1767 1034 1813 indigenis
1065 1768 1151 1802 haec
1183 1768 1289 1802 solum
1321 1771 1382 1802 aut
1403 1768 1496 1802 natis
1519 1767 1638 1811 Cyzici
1661 1768 1724 1802 tie-

254 1817 361 1856 bant,
396 1814 458 1848 sed
488 1814 562 1848 sine
592 1814 786 1848 discrimine
816 1814 947 1860 pariter
970 1815 1100 1848 cunctis
1123 1814 1181 1860 qui
1209 1826 1229 1848 e
1252 1814 1378 1848 circum
1398 1813 1564 1848 universis
1585 1812 1723 1848 ditionis

255 1862 432 1896 Romanae
455 1860 649 1905 regionibus
671 1861 765 1894 intra
787 1872 883 1902 eam,
905 1865 945 1895 ut
960 1867 1014 1895 est
1031 1861 1180 1902 dictum,
1201 1861 1415 1895 munitionem
1438 1860 1587 1906 perfugii
1609 1859 1724 1904 gratia

255 1919 334 1943 sese
355 1913 571 1952 receperant.
616 1910 796 1953 praetereo
825 1907 1052 1942 mutilationes
1083 1917 1259 1952 corporum
1283 1919 1325 1941 ac
1348 1906 1472 1941 caedes
1491 1905 1724 1941 infandorum-

256 1966 325 1999 que
348 1965 445 1988 omne
468 1965 575 1998 genus
597 1953 774 1989 colluviem
797 1953 980 1995 scelerum,
1010 1964 1074 1999 per
1096 1965 1207 1998 quae,
1229 1953 1287 1998 qui
1313 1952 1488 1987 defensuri
1508 1952 1638 1987 scilicet
1659 1963 1722 1986 ve-

257 2004 397 2042 nerant,
430 2000 634 2034 miserrimos
656 1999 866 2034 immanitate
887 1999 1014 2034 furoris
1037 2003 1188 2034 extrema
1211 1998 1360 2044 undique
1382 2010 1562 2045 oppressos
1585 1999 1722 2032 obtere-

257 2048 355 2082 bant.
403 2057 507 2080 causa
530 2051 607 2080 erat
629 2046 853 2091 Amogabaris
875 2047 959 2080 haec
986 2047 1185 2091 frequenter
1209 2050 1246 2079 et
1267 2045 1379 2090 palam
1401 2045 1523 2090 agendi
1544 2044 1634 2090 quod
1657 2043 1726 2077 im-

256 2103 348 2137 pune
376 2092 570 2135 faciebant,
601 2104 722 2137 magno
753 2093 861 2133 duce,
892 2103 992 2138 quem
1027 2103 1128 2126 unum
1160 2092 1432 2135 venerabantur,
1459 2091 1544 2137 ipsis
1577 2089 1723 2125 obnoxio

256 2138 383 2182 partim
407 2139 497 2182 grati
521 2139 622 2173 animi
645 2151 745 2173 sensu
769 2139 894 2184 partim
908 2137 1107 2172 formidine:
1131 2149 1208 2172 nam
1232 2142 1268 2172 et
1289 2139 1332 2172 ab
1354 2137 1430 2172 aliis
1455 2141 1575 2182 sponte
1598 2148 1637 2171 se
1657 2134 1724 2181 ipsi

257 2184 534 2227 subiicientibus,
567 2197 635 2230 qua
669 2185 854 2227 eminebat,
888 2187 1094 2230 potestatem
1126 2184 1300 2230 accepisse
1321 2196 1360 2218 se
1382 2184 1600 2224 meminerat3
1635 2185 1672 2215 et
1693 2179 1723 2214 si

255 2231 406 2263 taedium
429 2230 504 2264 illos
527 2232 578 2264 sui
602 2231 768 2276 cepisset,
791 2243 835 2265 ne
858 2232 1033 2265 auferrent
1055 2230 1144 2276 quod
1166 2231 1350 2271 dederant,
1373 2229 1455 2275 quin
1473 2234 1510 2263 et
1532 2228 1576 2262 de
1598 2238 1637 2262 se
1658 2236 1722 2272 pe-

254 2275 330 2310 iora
353 2282 563 2318 statuerent,
587 2278 772 2313 metuebat.
817 2277 910 2311 illam
933 2282 1046 2312 autem
1068 2277 1208 2311 videbat
1228 2281 1264 2311 et
1285 2276 1428 2310 maxime
1449 2273 1582 2309 obviam
1605 2277 1642 2306 et
1663 2283 1724 2306 ve-

256 2322 538 2356 hementissimam
562 2334 620 2356 eos
643 2326 763 2358 contra
786 2334 823 2357 se
846 2323 1003 2357 irritandi
1037 2323 1221 2364 rationem,
1257 2322 1286 2357 si
1316 2322 1436 2367 plenus
1456 2319 1532 2364 ipse
1554 2322 1592 2352 et
1613 2318 1723 2352 abun—

256 2367 340 2401 dans
375 2369 545 2411 congestis
578 2370 621 2402 ab
653 2369 875 2413 imperatore
891 2369 1062 2403 donativis
1090 2368 1303 2402 intercedere
1325 2379 1366 2401 ac
1389 2364 1538 2400 cavillari
1568 2364 1721 2404 auderet,

255 2425 324 2458 quo
358 2413 467 2447 minus
499 2414 551 2448 sui
585 2414 710 2448 milites
742 2427 804 2449 sna
837 2415 902 2449 sibi
924 2415 1020 2448 lucra
1042 2415 1117 2448 iure
1139 2413 1306 2447 iniuriave
1328 2412 1535 2446 conficerent
1557 2415 1593 2444 et
1614 2421 1722 2455 quae-

256 2470 400 2504 cumque
432 2460 696 2505 concupiverant
727 2462 912 2496 auferrent.
959 2460 1053 2494 cuius
1085 2459 1163 2493 ideo
1192 2457 1428 2503 improbissimi
1458 2461 1619 2502 quaestus
1646 2455 1722 2501 ple-

255 2505 425 2540 nissimam
448 2505 531 2550 ipsis
553 2506 749 2539 facultatem
772 2506 979 2549 indulgebat,
1007 2505 1187 2539 connivens
1210 2505 1255 2538 ad
1278 2503 1399 2545 omnia,
1422 2505 1458 2536 et
1481 2501 1643 2548 quidquid
1667 2506 1722 2536 at-

258 2555 459 2591 tentassent,
482 2563 526 2585 ne
549 2551 681 2585 minimo
705 2551 838 2596 quidem
862 2555 946 2585 nutu
968 2551 1034 2585 sibi
1059 2551 1167 2584 minus
1190 2549 1328 2595 probari
1341 2548 1515 2582 declarare
1530 2548 1722 2590 sustinens3

255 2610 300 2632 ne
322 2598 401 2632 dum
424 2600 462 2632 ut
489 2601 647 2631 coercere
669 2597 916 2642 increpareque
941 2597 1084 2631 auderet
1117 2596 1226 2629 libere
1248 2594 1463 2641 obsequendo
1487 2594 1601 2639 pravis
1625 2593 1722 2638 cupi-

255 2645 422 2679 ditatibus
453 2643 489 2677 in
522 2643 675 2677 facinora
705 2643 832 2688 passim
865 2645 1079 2687 erumpentes
1110 2641 1341 2682 odiosissim,
1376 2644 1435 2675 aut
1465 2651 1600 2686 quoquo
1623 2640 1721 2674 modo

258 2690 464 2736 intercipere
482 2694 639 2735 speratas
661 2689 747 2732 ipsis
770 2689 983 2734 quantumvis
1006 2687 1146 2721 iniustas
1169 2692 1204 2721 et
1225 2693 1383 2721 cruentas
1399 2687 1556 2733 praedas.
1601 2696 1720 2732 quam-

258 2749 361 2782 quam
384 2741 461 2771 erat
482 2747 564 2771 sane
586 2747 647 2770 cur
668 2735 691 2768 ii
717 2735 866 2769 contenti
889 2745 965 2768 esse
987 2733 1096 2767 iuberi
1123 2738 1218 2767 recte
1250 2738 1407 2778 possent,
1441 2732 1606 2766 alimentis
1626 2732 1722 2775 large

261 2785 304 2817 ab
336 2783 543 2828 imperatore
568 2781 792 2828 suppeditatis
813 2786 884 2815 tam
906 2781 1005 2825 longo
1029 2779 1093 2814 iam
1118 2784 1288 2824 tempore,
1320 2791 1386 2825 quo
1409 2782 1483 2813 toto
1506 2778 1590 2813 nihil
1610 2777 1721 2813 adhuc

260 2829 435 2874 egissent,
467 2828 550 2863 nihil
582 2829 764 2864 etiamnum
795 2832 956 2873 agerent,
986 2837 1055 2873 quo
1076 2825 1136 2861 illa
1158 2826 1383 2872 promeruisse
1405 2825 1614 2860 viderentur.
1659 2822 1719 2858 sed
