<?xml version="1.0" encoding="UTF-8"?>
<!DOCTYPE html PUBLIC "-//W3C//DTD XHTML 1.0 Transitional//EN"
    "http://www.w3.org/TR/xhtml1/DTD/xhtml1-transitional.dtd">
<html xmlns="http://www.w3.org/1999/xhtml" xml:lang="en" lang="en">
 <head>
  <title>
</title>
<meta http-equiv="Content-Type" content="text/html;charset=utf-8" />
  <meta name='ocr-system' content='tesseract 3.04.00' />
  <meta name='ocr-capabilities' content='ocr_page ocr_carea ocr_par ocr_line ocrx_word'/>
</head>
<body>
  <div class='ocr_page' id='page_1' title='image "./corpusscriptorum18niebuoft_0620.png"; bbox 0 0 1858 3126; ppageno 0'>
   <div class='ocr_carea' id='block_1_1' title="bbox 282 137 1318 188">
    <p class='ocr_par' dir='ltr' id='par_1_1' title="bbox 282 137 1318 188">
     <span class='ocr_line' id='line_1_1' title="bbox 282 137 1318 188; baseline 0 -2"><span class='ocrx_word' id='word_1_1' title='bbox 282 137 380 188; x_wconf 80' lang='grc'>604</span> <span class='ocrx_word' id='word_1_2' title='bbox 492 171 495 173; x_wconf 56' lang='lat'>&gt;</span> <span class='ocrx_word' id='word_1_3' title='bbox 700 138 935 183; x_wconf 85' lang='lat' dir='ltr'>GEORGII</span> <span class='ocrx_word' id='word_1_4' title='bbox 967 140 1318 186; x_wconf 82' lang='lat' dir='ltr'>PACHYMERIS</span> 
     </span>
    </p>
   </div>
   <div class='ocr_carea' id='block_1_2' title="bbox 147 247 1794 1613">
    <p class='ocr_par' dir='ltr' id='par_1_2' title="bbox 147 247 1794 1613">
     <span class='ocr_line' id='line_1_2' title="bbox 283 247 1733 310; baseline 0.005 -16"><span class='ocrx_word' id='word_1_5' title='bbox 283 251 426 294; x_wconf 71' lang='grc' dir='ltr'><strong><em>ἑκατὸν</em></strong></span> <span class='ocrx_word' id='word_1_6' title='bbox 449 247 718 308; x_wconf 78' lang='grc' dir='ltr'><strong><em>ἀπῳκηκότας</em></strong></span> <span class='ocrx_word' id='word_1_7' title='bbox 742 252 783 303; x_wconf 74' lang='grc' dir='ltr'>ἐξ</span> <span class='ocrx_word' id='word_1_8' title='bbox 813 251 1016 306; x_wconf 78' lang='grc' dir='ltr'><strong><em>ἀνατολῆς</em></strong></span> <span class='ocrx_word' id='word_1_9' title='bbox 1042 252 1343 308; x_wconf 79' lang='grc' dir='ltr'><em>καταλαβόντες</em></span> <span class='ocrx_word' id='word_1_10' title='bbox 1369 253 1451 299; x_wconf 75' lang='grc' dir='ltr'><strong><em>ἔκεῒ</em></strong></span> <span class='ocrx_word' id='word_1_11' title='bbox 1465 257 1541 300; x_wconf 75' lang='grc' dir='ltr'>σὺν</span> <span class='ocrx_word' id='word_1_12' title='bbox 1559 254 1733 310; x_wconf 77' lang='grc' dir='ltr'><strong><em>τούτοις,</em></strong></span> 
     </span>
     <span class='ocr_line' id='line_1_3' title="bbox 282 317 1737 380; baseline 0.005 -20"><span class='ocrx_word' id='word_1_13' title='bbox 282 319 338 369; x_wconf 77' lang='grc' dir='ltr'><strong><em>ὥς</em></strong></span> <span class='ocrx_word' id='word_1_14' title='bbox 367 317 563 372; x_wconf 78' lang='grc' dir='ltr'><strong><em>δυνατόν,</em></strong></span> <span class='ocrx_word' id='word_1_15' title='bbox 596 319 670 375; x_wconf 85' lang='grc' dir='ltr'>τὴν</span> <span class='ocrx_word' id='word_1_16' title='bbox 701 321 962 376; x_wconf 71' lang='grc' dir='ltr'><strong><em>ἐνδεχομένην</em></strong></span> <span class='ocrx_word' id='word_1_17' title='bbox 992 322 1215 375; x_wconf 74' lang='grc' dir='ltr'><strong><em>ἐπιμέλειαν</em></strong></span> <span class='ocrx_word' id='word_1_18' title='bbox 1236 324 1447 367; x_wconf 71' lang='grc' dir='ltr'><strong><em>ἐποιοῦντο</em></strong></span> <span class='ocrx_word' id='word_1_19' title='bbox 1471 327 1537 368; x_wconf 76' lang='grc' dir='ltr'><strong><em>καὶ</em></strong></span> <span class='ocrx_word' id='word_1_20' title='bbox 1557 324 1610 374; x_wconf 83' lang='grc' dir='ltr'><strong><em>ὥς</em></strong></span> <span class='ocrx_word' id='word_1_21' title='bbox 1631 325 1737 380; x_wconf 78' lang='grc' dir='ltr'><strong><em>εἶχον</em></strong></span> 
     </span>
     <span class='ocr_line' id='line_1_4' title="bbox 281 385 1736 449; baseline 0.005 -19"><span class='ocrx_word' id='word_1_22' title='bbox 281 388 382 437; x_wconf 72' lang='grc' dir='ltr'><strong><em>τοὺς</em></strong></span> <span class='ocrx_word' id='word_1_23' title='bbox 404 385 591 437; x_wconf 69' lang='grc' dir='ltr'><strong><em>ἐπιόντας</em></strong></span> <span class='ocrx_word' id='word_1_24' title='bbox 626 387 843 444; x_wconf 78' lang='grc' dir='ltr'><strong><em>ἠμύνοντο.</em></strong></span> <span class='ocrx_word' id='word_1_25' title='bbox 914 389 952 432; x_wconf 79' lang='grc' dir='ltr'><strong><em>οἱ</em></strong></span> <span class='ocrx_word' id='word_1_26' title='bbox 972 391 1017 432; x_wconf 78' lang='grc' dir='ltr'>δὲ</span> <span class='ocrx_word' id='word_1_27' title='bbox 1033 390 1103 447; x_wconf 74' lang='grc' dir='ltr'>ἐφ’</span> <span class='ocrx_word' id='word_1_28' title='bbox 1124 389 1294 447; x_wconf 71' lang='grc' dir='ltr'><strong><em>ἡμέραις</em></strong></span> <span class='ocrx_word' id='word_1_29' title='bbox 1313 391 1420 436; x_wconf 76' lang='grc' dir='ltr'><strong><em>ὀκτὼ</em></strong></span> <span class='ocrx_word' id='word_1_30' title='bbox 1442 395 1634 449; x_wconf 76' lang='grc' dir='ltr'><strong><em>σφοδρῶς</em></strong></span> <span class='ocrx_word' id='word_1_31' title='bbox 1647 396 1736 437; x_wconf 80' lang='grc' dir='ltr'><strong><em>ἐπι-</em></strong></span> 
     </span>
     <span class='ocr_line' id='line_1_5' title="bbox 283 456 1736 517; baseline 0.005 -19"><span class='ocrx_word' id='word_1_32' title='bbox 283 456 490 509; x_wconf 85' lang='grc' dir='ltr'><strong><em>τιθέμενοι</em></strong></span> <span class='ocrx_word' id='word_1_33' title='bbox 511 456 628 499; x_wconf 73' lang='grc' dir='ltr'><strong><em>οὐδέν</em></strong></span> <span class='ocrx_word' id='word_1_34' title='bbox 656 462 729 512; x_wconf 86' lang='grc' dir='ltr'>τῆς</span> <span class='ocrx_word' id='word_1_35' title='bbox 751 458 856 501; x_wconf 78' lang='grc' dir='ltr'><strong><em>καθ’</em></strong></span> <span class='ocrx_word' id='word_1_36' title='bbox 890 456 1045 514; x_wconf 74' lang='grc' dir='ltr'><strong><em>ἡμέραν</em></strong></span> <span class='ocrx_word' id='word_1_37' title='bbox 1062 457 1198 515; x_wconf 83' lang='grc' dir='ltr'><strong><em>μάχης</em></strong></span> <span class='ocrx_word' id='word_1_38' title='bbox 1215 459 1401 517; x_wconf 80' lang='grc' dir='ltr'><strong><em>ἠφίεσαν.</em></strong></span> <span class='ocrx_word' id='word_1_39' title='bbox 1473 460 1736 512; x_wconf 71' lang='grc' dir='ltr'><strong><em>ἀπαιτοῦντες</em></strong></span> 
     </span>
     <span class='ocr_line' id='line_1_6' title="bbox 282 525 1769 585; baseline 0.004 -18"><span class='ocrx_word' id='word_1_40' title='bbox 282 526 327 567; x_wconf 74' lang='grc' dir='ltr'>δὲ</span> <span class='ocrx_word' id='word_1_41' title='bbox 349 527 413 567; x_wconf 78' lang='grc' dir='ltr'>καὶ</span> <span class='ocrx_word' id='word_1_42' title='bbox 436 525 489 568; x_wconf 83' lang='grc' dir='ltr'><strong><em>τὰ</em></strong></span> <span class='ocrx_word' id='word_1_43' title='bbox 505 531 579 568; x_wconf 86' lang='grc' dir='ltr'>τοῦ</span> <span class='ocrx_word' id='word_1_44' title='bbox 598 528 811 582; x_wconf 83' lang='grc' dir='ltr'><strong><em>Καίσαρος</em></strong></span> <span class='ocrx_word' id='word_1_45' title='bbox 832 527 934 570; x_wconf 86' lang='grc' dir='ltr'><strong><em>ὀστᾶ</em></strong></span> <span class='ocrx_word' id='word_1_46' title='bbox 955 529 1021 569; x_wconf 83' lang='grc' dir='ltr'>καὶ</span> <span class='ocrx_word' id='word_1_47' title='bbox 1047 527 1144 578; x_wconf 78' lang='grc' dir='ltr'><strong><em>τούς</em></strong></span> <span class='ocrx_word' id='word_1_48' title='bbox 1166 528 1223 571; x_wconf 68' lang='grc' dir='ltr'>ἔτι</span> <span class='ocrx_word' id='word_1_49' title='bbox 1253 526 1465 585; x_wconf 73' lang='grc' dir='ltr'><strong><em>περιόντας</em></strong></span> <span class='ocrx_word' id='word_1_50' title='bbox 1494 534 1577 572; x_wconf 84' lang='grc' dir='ltr'>τῶν</span> <span class='ocrx_word' id='word_1_51' title='bbox 1601 532 1769 575; x_wconf 67' lang='lat' dir='ltr'>Koite-5</span> 
     </span>
     <span class='ocr_line' id='line_1_7' title="bbox 282 591 1740 654; baseline 0.003 -19"><span class='ocrx_word' id='word_1_52' title='bbox 282 591 431 646; x_wconf 77' lang='grc' dir='ltr'><strong><em>λὰνων,</em></strong></span> <span class='ocrx_word' id='word_1_53' title='bbox 469 593 557 637; x_wconf 83' lang='grc' dir='ltr'><strong><em>ὅσοι</em></strong></span> <span class='ocrx_word' id='word_1_54' title='bbox 577 599 658 637; x_wconf 82' lang='grc' dir='ltr'>τῶν</span> <span class='ocrx_word' id='word_1_55' title='bbox 676 594 856 639; x_wconf 78' lang='grc' dir='ltr'><strong><em>ἁλόντων</em></strong></span> <span class='ocrx_word' id='word_1_56' title='bbox 875 600 948 639; x_wconf 83' lang='grc' dir='ltr'>τοῦ</span> <span class='ocrx_word' id='word_1_57' title='bbox 967 594 1212 652; x_wconf 83' lang='grc' dir='ltr'><strong><em>Ῥοντζερίου</em></strong></span> <span class='ocrx_word' id='word_1_58' title='bbox 1235 597 1508 653; x_wconf 73' lang='grc' dir='ltr'><strong><em>φονευθέντος</em></strong></span> <span class='ocrx_word' id='word_1_59' title='bbox 1525 599 1740 654; x_wconf 84' lang='grc' dir='ltr'><strong><em>Καίσαρος</em></strong></span> 
     </span>
     <span class='ocr_line' id='line_1_8' title="bbox 226 663 1741 722; baseline 0.002 -18"><span class='ocrx_word' id='word_1_60' title='bbox 226 674 259 708; x_wconf 82' lang='grc' dir='ltr'><strong>Ε</strong></span> <span class='ocrx_word' id='word_1_61' title='bbox 284 663 634 719; x_wconf 75' lang='grc' dir='ltr'><strong><em>κατελείφθησαν,</em></strong></span> <span class='ocrx_word' id='word_1_62' title='bbox 672 666 765 721; x_wconf 87' lang='grc' dir='ltr'><strong><em>περί</em></strong></span> <span class='ocrx_word' id='word_1_63' title='bbox 787 682 866 707; x_wconf 85' lang='grc' dir='ltr'>που</span> <span class='ocrx_word' id='word_1_64' title='bbox 895 664 991 712; x_wconf 69' lang='grc' dir='ltr'><strong><em>τοὺς</em></strong></span> <span class='ocrx_word' id='word_1_65' title='bbox 1015 665 1161 708; x_wconf 81' lang='grc' dir='ltr'><strong><em>εἶ’κοσιν</em></strong></span> <span class='ocrx_word' id='word_1_66' title='bbox 1194 666 1584 722; x_wconf 63' lang='grc' dir='ltr'><strong><em>ἐναποληφθέντας,</em></strong></span> <span class='ocrx_word' id='word_1_67' title='bbox 1622 668 1656 709; x_wconf 72' lang='grc' dir='ltr'><strong><em>εἴ</em></strong></span> <span class='ocrx_word' id='word_1_68' title='bbox 1672 667 1741 708; x_wconf 81' lang='grc' dir='ltr'>καὶ</span> 
     </span>
     <span class='ocr_line' id='line_1_9' title="bbox 283 730 1741 790; baseline 0.003 -18"><span class='ocrx_word' id='word_1_69' title='bbox 283 731 330 773; x_wconf 84' lang='grc' dir='ltr'><strong><em>τὸ</em></strong></span> <span class='ocrx_word' id='word_1_70' title='bbox 354 730 458 773; x_wconf 74' lang='grc' dir='ltr'><strong><em>ἄστυ</em></strong></span> <span class='ocrx_word' id='word_1_71' title='bbox 479 733 716 787; x_wconf 78' lang='grc' dir='ltr'><strong><em>παραδοῖεν,</em></strong></span> <span class='ocrx_word' id='word_1_72' title='bbox 755 733 932 790; x_wconf 68' lang='grc' dir='ltr'><strong><em>ἔφασκον</em></strong></span> <span class='ocrx_word' id='word_1_73' title='bbox 950 735 1076 787; x_wconf 72' lang='grc' dir='ltr'><strong><em>μηδὲν</em></strong></span> <span class='ocrx_word' id='word_1_74' title='bbox 1097 733 1220 790; x_wconf 74' lang='grc' dir='ltr'><strong><em>ἄχαρι</em></strong></span> <span class='ocrx_word' id='word_1_75' title='bbox 1238 735 1467 780; x_wconf 82' lang='grc' dir='ltr'><strong><em>πείσεσθαι.</em></strong></span> <span class='ocrx_word' id='word_1_76' title='bbox 1537 733 1592 784; x_wconf 80' lang='grc' dir='ltr'><strong><em>ὥς</em></strong></span> <span class='ocrx_word' id='word_1_77' title='bbox 1610 734 1654 777; x_wconf 77' lang='grc' dir='ltr'>δ’</span> <span class='ocrx_word' id='word_1_78' title='bbox 1674 734 1741 776; x_wconf 73' lang='grc' dir='ltr'><strong><em>ἐπὶ</em></strong></span> 
     </span>
     <span class='ocr_line' id='line_1_10' title="bbox 280 800 1736 858; baseline 0.003 -17"><span class='ocrx_word' id='word_1_79' title='bbox 280 801 424 853; x_wconf 80' lang='grc' dir='ltr'><strong><em>μηδενὶ</em></strong></span> <span class='ocrx_word' id='word_1_80' title='bbox 452 800 550 850; x_wconf 81' lang='grc' dir='ltr'><strong><em>τούς</em></strong></span> <span class='ocrx_word' id='word_1_81' title='bbox 576 801 690 851; x_wconf 77' lang='grc' dir='ltr'><strong><em>ἐντὸς</em></strong></span> <span class='ocrx_word' id='word_1_82' title='bbox 715 804 950 856; x_wconf 76' lang='grc' dir='ltr'><strong><em>πειθηνίους</em></strong></span> <span class='ocrx_word' id='word_1_83' title='bbox 977 800 1106 856; x_wconf 76' lang='grc' dir='ltr'><strong><em>εἶχον,</em></strong></span> <span class='ocrx_word' id='word_1_84' title='bbox 1150 803 1425 858; x_wconf 75' lang='grc' dir='ltr'><strong><em>ἐνεργέστερον</em></strong></span> <span class='ocrx_word' id='word_1_85' title='bbox 1461 801 1736 858; x_wconf 76' lang='grc' dir='ltr'><strong><em>ἐπολιόρκουν.</em></strong></span> 
     </span>
     <span class='ocr_line' id='line_1_11' title="bbox 281 868 1794 927; baseline 0.003 -17"><span class='ocrx_word' id='word_1_86' title='bbox 281 870 350 910; x_wconf 80' lang='grc' dir='ltr'><strong><em>καὶ</em></strong></span> <span class='ocrx_word' id='word_1_87' title='bbox 369 868 420 910; x_wconf 81' lang='grc' dir='ltr'><strong><em>τὰ</em></strong></span> <span class='ocrx_word' id='word_1_88' title='bbox 439 870 513 922; x_wconf 78' lang='grc' dir='ltr'>μὲν</span> <span class='ocrx_word' id='word_1_89' title='bbox 531 874 674 924; x_wconf 84' lang='grc' dir='ltr'><strong><em>πρῶτα</em></strong></span> <span class='ocrx_word' id='word_1_90' title='bbox 694 870 767 925; x_wconf 87' lang='grc' dir='ltr'>τὴν</span> <span class='ocrx_word' id='word_1_91' title='bbox 785 876 859 913; x_wconf 86' lang='grc' dir='ltr'>τοῦ</span> <span class='ocrx_word' id='word_1_92' title='bbox 884 871 1053 926; x_wconf 86' lang='grc' dir='ltr'><strong><em>Βαρέως</em></strong></span> <span class='ocrx_word' id='word_1_93' title='bbox 1073 870 1181 914; x_wconf 76' lang='grc' dir='ltr'><strong><em>οὕτω</em></strong></span> <span class='ocrx_word' id='word_1_94' title='bbox 1201 870 1331 926; x_wconf 80' lang='grc' dir='ltr'><strong><em>πύλην</em></strong></span> <span class='ocrx_word' id='word_1_95' title='bbox 1349 871 1616 927; x_wconf 77' lang='grc' dir='ltr'><strong><em>καλουμένην,</em></strong></span> <span class='ocrx_word' id='word_1_96' title='bbox 1654 875 1737 927; x_wconf 81' lang='grc' dir='ltr'>πῦρ</span> <span class='ocrx_word' id='word_1_97' title='bbox 1750 882 1794 916; x_wconf 84' lang='grc'>10</span> 
     </span>
     <span class='ocr_line' id='line_1_12' title="bbox 282 936 1738 998; baseline 0.002 -19"><span class='ocrx_word' id='word_1_98' title='bbox 282 936 468 990; x_wconf 69' lang='grc' dir='ltr'><strong><em>ἐνιέντες,</em></strong></span> <span class='ocrx_word' id='word_1_99' title='bbox 507 944 785 993; x_wconf 82' lang='grc' dir='ltr'><strong><em>πυρπολοῦσιν</em></strong></span> <span class='ocrx_word' id='word_1_100' title='bbox 807 941 862 989; x_wconf 76' lang='grc' dir='ltr'>εἷς</span> <span class='ocrx_word' id='word_1_101' title='bbox 881 939 1017 988; x_wconf 81' lang='grc' dir='ltr'><strong><em>τέλος·</em></strong></span> <span class='ocrx_word' id='word_1_102' title='bbox 1056 938 1112 990; x_wconf 82' lang='grc' dir='ltr'><strong><em>ὡς</em></strong></span> <span class='ocrx_word' id='word_1_103' title='bbox 1141 940 1186 982; x_wconf 72' lang='grc' dir='ltr'>δ’</span> <span class='ocrx_word' id='word_1_104' title='bbox 1211 939 1379 982; x_wconf 71' lang='grc' dir='ltr'><strong><em>ἔνδοθεν</em></strong></span> <span class='ocrx_word' id='word_1_105' title='bbox 1399 941 1466 982; x_wconf 81' lang='grc' dir='ltr'>καὶ</span> <span class='ocrx_word' id='word_1_106' title='bbox 1494 939 1599 995; x_wconf 74' lang='grc' dir='ltr'><strong><em>αὕτη</em></strong></span> <span class='ocrx_word' id='word_1_107' title='bbox 1617 944 1676 998; x_wconf 76' lang='grc' dir='ltr'><strong><em>τῷ</em></strong></span> <span class='ocrx_word' id='word_1_108' title='bbox 1694 941 1738 982; x_wconf 69' lang='grc' dir='ltr'><strong><em>ἐκ</em></strong></span> 
     </span>
     <span class='ocr_line' id='line_1_13' title="bbox 239 1005 1739 1064; baseline 0.003 -19"><span class='ocrx_word' id='word_1_109' title='bbox 239 1043 241 1045; x_wconf 74' lang='grc'><strong><em>,</em></strong></span> <span class='ocrx_word' id='word_1_110' title='bbox 285 1010 443 1061; x_wconf 84' lang='grc' dir='ltr'><strong><em>πετρῶν</em></strong></span> <span class='ocrx_word' id='word_1_111' title='bbox 481 1009 706 1061; x_wconf 80' lang='grc' dir='ltr'><strong><em>τειχίσματι</em></strong></span> <span class='ocrx_word' id='word_1_112' title='bbox 751 1005 1065 1064; x_wconf 70' lang='grc' dir='ltr'><strong><em>περιεφράγνυτο</em></strong></span> <span class='ocrx_word' id='word_1_113' title='bbox 1086 1041 1099 1060; x_wconf 89' lang='grc'><strong><em>,</em></strong></span> <span class='ocrx_word' id='word_1_114' title='bbox 1161 1006 1494 1063; x_wconf 73' lang='grc' dir='ltr'><strong><em>ἀμηχανήσαντες</em></strong></span> <span class='ocrx_word' id='word_1_115' title='bbox 1539 1006 1739 1058; x_wconf 73' lang='grc' dir='ltr'><strong><em>ἑλεπόλεις</em></strong></span> 
     </span>
     <span class='ocr_line' id='line_1_14' title="bbox 285 1073 1740 1132; baseline 0.001 -16"><span class='ocrx_word' id='word_1_116' title='bbox 285 1074 436 1117; x_wconf 73' lang='grc' dir='ltr'><strong><em>ἱστᾶσι.</em></strong></span> <span class='ocrx_word' id='word_1_117' title='bbox 506 1077 573 1118; x_wconf 84' lang='grc' dir='ltr'>καὶ</span> <span class='ocrx_word' id='word_1_118' title='bbox 598 1074 820 1131; x_wconf 78' lang='grc' dir='ltr'><strong><em>μηχάνημά</em></strong></span> <span class='ocrx_word' id='word_1_119' title='bbox 849 1094 886 1119; x_wconf 90' lang='grc' dir='ltr'>τι</span> <span class='ocrx_word' id='word_1_120' title='bbox 911 1075 1188 1132; x_wconf 89' lang='grc' dir='ltr'><strong><em>πολιορκικόν,</em></strong></span> <span class='ocrx_word' id='word_1_121' title='bbox 1239 1075 1563 1132; x_wconf 83' lang='grc' dir='ltr'><strong><em>προωθουμένην</em></strong></span> <span class='ocrx_word' id='word_1_122' title='bbox 1583 1073 1740 1129; x_wconf 75' lang='grc' dir='ltr'><strong><em>εὐκινή-</em></strong></span> 
     </span>
     <span class='ocr_line' id='line_1_15' title="bbox 147 1139 1736 1200; baseline 0 -14"><span class='ocrx_word' id='word_1_123' title='bbox 147 1152 176 1186; x_wconf 87' lang='grc' dir='ltr'>Ρ</span> <span class='ocrx_word' id='word_1_124' title='bbox 197 1151 266 1187; x_wconf 74' lang='grc'>422</span> <span class='ocrx_word' id='word_1_125' title='bbox 287 1160 369 1192; x_wconf 90' lang='grc' dir='ltr'>τως</span> <span class='ocrx_word' id='word_1_126' title='bbox 386 1139 616 1199; x_wconf 80' lang='grc' dir='ltr'><strong><em>ὖπότροχον</em></strong></span> <span class='ocrx_word' id='word_1_127' title='bbox 638 1146 812 1197; x_wconf 79' lang='grc' dir='ltr'><strong><em>κλίμακα</em></strong></span> <span class='ocrx_word' id='word_1_128' title='bbox 826 1178 839 1197; x_wconf 89' lang='grc'><strong><em>,</em></strong></span> <span class='ocrx_word' id='word_1_129' title='bbox 873 1142 1047 1200; x_wconf 78' lang='grc' dir='ltr'><strong><em>βύρσαις</em></strong></span> <span class='ocrx_word' id='word_1_130' title='bbox 1074 1149 1186 1198; x_wconf 78' lang='grc' dir='ltr'><strong><em>βοῶν</em></strong></span> <span class='ocrx_word' id='word_1_131' title='bbox 1216 1145 1274 1187; x_wconf 74' lang='grc' dir='ltr'><strong><em>δι’</em></strong></span> <span class='ocrx_word' id='word_1_132' title='bbox 1309 1143 1405 1187; x_wconf 79' lang='grc' dir='ltr'><strong><em>ὅλου</em></strong></span> <span class='ocrx_word' id='word_1_133' title='bbox 1420 1145 1736 1199; x_wconf 82' lang='grc' dir='ltr'><strong><em>κεκαλυμμένην,</em></strong></span> 
     </span>
     <span class='ocr_line' id='line_1_16' title="bbox 287 1210 1792 1270; baseline -0.001 -16"><span class='ocrx_word' id='word_1_134' title='bbox 287 1210 618 1265; x_wconf 72' lang='grc' dir='ltr'><strong><em>ἔξετοιμάσαντες</em></strong></span> <span class='ocrx_word' id='word_1_135' title='bbox 640 1213 832 1270; x_wconf 85' lang='grc' dir='ltr'><strong><em>φέροντες</em></strong></span> <span class='ocrx_word' id='word_1_136' title='bbox 849 1214 951 1268; x_wconf 80' lang='grc' dir='ltr'><strong><em>πρὸς</em></strong></span> <span class='ocrx_word' id='word_1_137' title='bbox 972 1220 1057 1264; x_wconf 84' lang='grc' dir='ltr'><strong><em>τοῖς</em></strong></span> <span class='ocrx_word' id='word_1_138' title='bbox 1079 1215 1245 1268; x_wconf 83' lang='grc' dir='ltr'><strong><em>τείχεσιν</em></strong></span> <span class='ocrx_word' id='word_1_139' title='bbox 1260 1214 1410 1266; x_wconf 53' lang='lat' dir='ltr'>torm,</span> <span class='ocrx_word' id='word_1_140' title='bbox 1446 1214 1513 1255; x_wconf 81' lang='grc' dir='ltr'>καὶ</span> <span class='ocrx_word' id='word_1_141' title='bbox 1531 1212 1628 1262; x_wconf 74' lang='grc' dir='ltr'><strong><em>τούς</em></strong></span> <span class='ocrx_word' id='word_1_142' title='bbox 1650 1213 1736 1254; x_wconf 75' lang='grc' dir='ltr'><strong><em>ἔπι-</em></strong></span> <span class='ocrx_word' id='word_1_143' title='bbox 1749 1218 1792 1254; x_wconf 83' lang='grc'>15</span> 
     </span>
     <span class='ocr_line' id='line_1_17' title="bbox 285 1278 1742 1339; baseline 0.001 -17"><span class='ocrx_word' id='word_1_144' title='bbox 285 1280 540 1335; x_wconf 78' lang='grc' dir='ltr'><strong><em>βησομένους</em></strong></span> <span class='ocrx_word' id='word_1_145' title='bbox 561 1279 799 1339; x_wconf 71' lang='grc' dir='ltr'><strong><em>ἐξώτρυνον.</em></strong></span> <span class='ocrx_word' id='word_1_146' title='bbox 866 1278 917 1337; x_wconf 75' lang='grc' dir='ltr'>ἦν</span> <span class='ocrx_word' id='word_1_147' title='bbox 936 1282 978 1324; x_wconf 82' lang='grc' dir='ltr'>δ’</span> <span class='ocrx_word' id='word_1_148' title='bbox 1001 1283 1042 1325; x_wconf 73' lang='grc' dir='ltr'>ἐν</span> <span class='ocrx_word' id='word_1_149' title='bbox 1066 1282 1204 1332; x_wconf 81' lang='grc' dir='ltr'><strong><em>αὐτοῖς</em></strong></span> <span class='ocrx_word' id='word_1_150' title='bbox 1233 1283 1299 1324; x_wconf 81' lang='grc' dir='ltr'>καὶ</span> <span class='ocrx_word' id='word_1_151' title='bbox 1321 1280 1342 1324; x_wconf 83' lang='grc' dir='ltr'><strong><em>ὃ</em></strong></span> <span class='ocrx_word' id='word_1_152' title='bbox 1371 1281 1562 1337; x_wconf 84' lang='grc' dir='ltr'><strong><em>Φαρέντα</em></strong></span> <span class='ocrx_word' id='word_1_153' title='bbox 1589 1282 1742 1335; x_wconf 82' lang='grc' dir='ltr'><strong><em>Τζιμῆς</em></strong></span> 
     </span>
     <span class='ocr_line' id='line_1_18' title="bbox 286 1347 1741 1408; baseline 0 -17"><span class='ocrx_word' id='word_1_154' title='bbox 286 1350 468 1404; x_wconf 86' lang='grc' dir='ltr'><strong><em>σημαίαν</em></strong></span> <span class='ocrx_word' id='word_1_155' title='bbox 489 1357 579 1400; x_wconf 82' lang='grc' dir='ltr'><strong><em>ταῖς</em></strong></span> <span class='ocrx_word' id='word_1_156' title='bbox 602 1352 712 1407; x_wconf 81' lang='grc' dir='ltr'><strong><em>χερσὶ</em></strong></span> <span class='ocrx_word' id='word_1_157' title='bbox 733 1350 868 1408; x_wconf 80' lang='grc' dir='ltr'><strong><em>φέρων</em></strong></span> <span class='ocrx_word' id='word_1_158' title='bbox 885 1352 951 1393; x_wconf 85' lang='grc' dir='ltr'>καὶ</span> <span class='ocrx_word' id='word_1_159' title='bbox 977 1351 1019 1402; x_wconf 77' lang='grc' dir='ltr'>ἐξ</span> <span class='ocrx_word' id='word_1_160' title='bbox 1037 1349 1165 1407; x_wconf 69' lang='grc' dir='ltr'><strong><em>ι’ἱκρας</em></strong></span> <span class='ocrx_word' id='word_1_161' title='bbox 1183 1347 1353 1405; x_wconf 75' lang='grc' dir='ltr'><strong><em>κορύζης</em></strong></span> <span class='ocrx_word' id='word_1_162' title='bbox 1371 1349 1447 1407; x_wconf 80' lang='grc' dir='ltr'>ῥὴξ</span> <span class='ocrx_word' id='word_1_163' title='bbox 1463 1350 1537 1404; x_wconf 75' lang='grc' dir='ltr'>μὲν</span> <span class='ocrx_word' id='word_1_164' title='bbox 1555 1350 1741 1398; x_wconf 78' lang='grc' dir='ltr'><strong><em>Σικελίας</em></strong></span> 
     </span>
     <span class='ocr_line' id='line_1_19' title="bbox 285 1415 1739 1477; baseline 0.001 -19"><span class='ocrx_word' id='word_1_165' title='bbox 285 1415 559 1474; x_wconf 80' lang='grc' dir='ltr'><strong><em>φημιζόμενος</em></strong></span> <span class='ocrx_word' id='word_1_166' title='bbox 581 1451 594 1472; x_wconf 91' lang='grc'><strong><em>,</em></strong></span> <span class='ocrx_word' id='word_1_167' title='bbox 642 1418 796 1469; x_wconf 66' lang='grc' dir='ltr'><strong><em>εὔελπις</em></strong></span> <span class='ocrx_word' id='word_1_168' title='bbox 834 1418 890 1463; x_wconf 82' lang='grc' dir='ltr'>ὢν</span> <span class='ocrx_word' id='word_1_169' title='bbox 932 1421 999 1462; x_wconf 82' lang='grc' dir='ltr'>καὶ</span> <span class='ocrx_word' id='word_1_170' title='bbox 1038 1420 1102 1462; x_wconf 76' lang='grc' dir='ltr'><strong><em>ἐπὶ</em></strong></span> <span class='ocrx_word' id='word_1_171' title='bbox 1127 1424 1178 1477; x_wconf 82' lang='grc' dir='ltr'><strong><em>τῇ</em></strong></span> <span class='ocrx_word' id='word_1_172' title='bbox 1215 1417 1362 1462; x_wconf 80' lang='grc' dir='ltr'><strong><em>ἁλώσει</em></strong></span> <span class='ocrx_word' id='word_1_173' title='bbox 1394 1417 1490 1462; x_wconf 82' lang='grc' dir='ltr'><strong><em>ὅσον</em></strong></span> <span class='ocrx_word' id='word_1_174' title='bbox 1523 1417 1639 1462; x_wconf 72' lang='grc' dir='ltr'><strong><em>οὔπω</em></strong></span> <span class='ocrx_word' id='word_1_175' title='bbox 1664 1421 1739 1460; x_wconf 78' lang='grc' dir='ltr'>τοῦ</span> 
     </span>
     <span class='ocr_line' id='line_1_20' title="bbox 285 1484 1739 1543; baseline 0 -16"><span class='ocrx_word' id='word_1_176' title='bbox 285 1484 444 1535; x_wconf 74' lang='grc' dir='ltr'><strong><em>ἄστεος.</em></strong></span> <span class='ocrx_word' id='word_1_177' title='bbox 516 1488 559 1529; x_wconf 74' lang='grc' dir='ltr'><strong><em>ἐκ</em></strong></span> <span class='ocrx_word' id='word_1_178' title='bbox 576 1488 711 1543; x_wconf 86' lang='grc' dir='ltr'><strong><em>χειρὸς</em></strong></span> <span class='ocrx_word' id='word_1_179' title='bbox 729 1489 864 1531; x_wconf 88' lang='grc' dir='ltr'><strong><em>τοίνυν</em></strong></span> <span class='ocrx_word' id='word_1_180' title='bbox 896 1486 1157 1543; x_wconf 79' lang='grc' dir='ltr'><strong><em>καταστάσης</em></strong></span> <span class='ocrx_word' id='word_1_181' title='bbox 1177 1492 1250 1542; x_wconf 78' lang='grc' dir='ltr'>τῆς</span> <span class='ocrx_word' id='word_1_182' title='bbox 1267 1485 1402 1542; x_wconf 83' lang='grc' dir='ltr'><strong><em>μα’χης</em></strong></span> <span class='ocrx_word' id='word_1_183' title='bbox 1425 1487 1492 1528; x_wconf 76' lang='grc' dir='ltr'>καὶ</span> <span class='ocrx_word' id='word_1_184' title='bbox 1509 1485 1739 1542; x_wconf 80' lang='grc' dir='ltr'><strong><em>ἇναρριχω-</em></strong></span> 
     </span>
     <span class='ocr_line' id='line_1_21' title="bbox 283 1552 1794 1613; baseline 0 -18"><span class='ocrx_word' id='word_1_185' title='bbox 283 1553 416 1607; x_wconf 84' lang='grc' dir='ltr'><strong><em>μένων</em></strong></span> <span class='ocrx_word' id='word_1_186' title='bbox 433 1553 513 1609; x_wconf 71' lang='grc' dir='ltr'>ἤδη</span> <span class='ocrx_word' id='word_1_187' title='bbox 532 1559 614 1597; x_wconf 85' lang='grc' dir='ltr'>τῶν</span> <span class='ocrx_word' id='word_1_188' title='bbox 645 1556 934 1613; x_wconf 80' lang='grc' dir='ltr'><strong><em>θερμοτέρων,</em></strong></span> <span class='ocrx_word' id='word_1_189' title='bbox 973 1557 1011 1599; x_wconf 79' lang='grc' dir='ltr'><strong><em>οἳ</em></strong></span> <span class='ocrx_word' id='word_1_190' title='bbox 1041 1557 1153 1606; x_wconf 75' lang='grc' dir='ltr'><strong><em>ἐντὸς</em></strong></span> <span class='ocrx_word' id='word_1_191' title='bbox 1181 1552 1586 1609; x_wconf 79' lang='grc' dir='ltr'><strong><em>ἆντιπαλαμῶμενόι,</em></strong></span> <span class='ocrx_word' id='word_1_192' title='bbox 1622 1555 1794 1596; x_wconf 78' lang='grc' dir='ltr'><strong><em>κίονα20</em></strong></span> 
     </span>
    </p>
   </div>
   <div class='ocr_carea' id='block_1_3' title="bbox 277 1682 1742 2819">
    <p class='ocr_par' dir='ltr' id='par_1_3' title="bbox 277 1682 1742 2649">
     <span class='ocr_line' id='line_1_22' title="bbox 282 1682 1739 1730; baseline 0 -12"><span class='ocrx_word' id='word_1_193' title='bbox 282 1683 428 1730; x_wconf 75' lang='lat' dir='ltr'>repertis</span> <span class='ocrx_word' id='word_1_194' title='bbox 449 1696 493 1719; x_wconf 89' lang='lat' dir='ltr'>ex</span> <span class='ocrx_word' id='word_1_195' title='bbox 515 1685 684 1720; x_wconf 80' lang='lat' dir='ltr'>Orientali</span> <span class='ocrx_word' id='word_1_196' title='bbox 706 1686 897 1720; x_wconf 79' lang='lat' dir='ltr'>continente</span> <span class='ocrx_word' id='word_1_197' title='bbox 918 1684 1093 1730; x_wconf 85' lang='lat' dir='ltr'>profugis,</span> <span class='ocrx_word' id='word_1_198' title='bbox 1125 1697 1198 1719; x_wconf 90' lang='lat' dir='ltr'>cnm</span> <span class='ocrx_word' id='word_1_199' title='bbox 1229 1685 1282 1719; x_wconf 86' lang='lat' dir='ltr'>his</span> <span class='ocrx_word' id='word_1_200' title='bbox 1303 1684 1448 1730; x_wconf 85' lang='lat' dir='ltr'>ingressi</span> <span class='ocrx_word' id='word_1_201' title='bbox 1470 1682 1684 1718; x_wconf 73' lang='lat' dir='ltr'>Orestiadem</span> <span class='ocrx_word' id='word_1_202' title='bbox 1705 1684 1739 1718; x_wconf 86' lang='lat' dir='ltr'>ei</span> 
     </span>
     <span class='ocr_line' id='line_1_23' title="bbox 282 1729 1739 1776; baseline -0.001 -12"><span class='ocrx_word' id='word_1_203' title='bbox 282 1730 429 1764; x_wconf 87' lang='lat' dir='ltr'>tuendae</span> <span class='ocrx_word' id='word_1_204' title='bbox 452 1742 514 1776; x_wconf 89' lang='lat' dir='ltr'>pro</span> <span class='ocrx_word' id='word_1_205' title='bbox 537 1731 626 1765; x_wconf 89' lang='lat' dir='ltr'>virili</span> <span class='ocrx_word' id='word_1_206' title='bbox 649 1732 881 1773; x_wconf 85' lang='lat' dir='ltr'>attendebant,</span> <span class='ocrx_word' id='word_1_207' title='bbox 902 1731 1038 1765; x_wconf 83' lang='lat' dir='ltr'>fortiter</span> <span class='ocrx_word' id='word_1_208' title='bbox 1059 1732 1262 1776; x_wconf 80' lang='lat' dir='ltr'>repellendis</span> <span class='ocrx_word' id='word_1_209' title='bbox 1285 1732 1467 1765; x_wconf 79' lang='lat' dir='ltr'><strong>assultibus</strong></span> <span class='ocrx_word' id='word_1_210' title='bbox 1489 1729 1646 1764; x_wconf 80' lang='lat' dir='ltr'>hostium.</span> <span class='ocrx_word' id='word_1_211' title='bbox 1678 1729 1739 1775; x_wconf 87' lang='lat' dir='ltr'>qui</span> 
     </span>
     <span class='ocr_line' id='line_1_24' title="bbox 282 1774 1739 1822; baseline 0 -13"><span class='ocrx_word' id='word_1_212' title='bbox 282 1782 363 1821; x_wconf 87' lang='lat' dir='ltr'>post</span> <span class='ocrx_word' id='word_1_213' title='bbox 387 1776 457 1810; x_wconf 90' lang='lat' dir='ltr'>dies</span> <span class='ocrx_word' id='word_1_214' title='bbox 481 1780 558 1811; x_wconf 87' lang='lat' dir='ltr'>octo</span> <span class='ocrx_word' id='word_1_215' title='bbox 581 1778 766 1812; x_wconf 78' lang='lat' dir='ltr'>acerrimae</span> <span class='ocrx_word' id='word_1_216' title='bbox 788 1778 848 1812; x_wconf 85' lang='lat' dir='ltr'>sed</span> <span class='ocrx_word' id='word_1_217' title='bbox 873 1789 1010 1822; x_wconf 87' lang='lat' dir='ltr'>prorsus</span> <span class='ocrx_word' id='word_1_218' title='bbox 1031 1777 1148 1810; x_wconf 83' lang='lat' dir='ltr'>irritae</span> <span class='ocrx_word' id='word_1_219' title='bbox 1170 1777 1444 1822; x_wconf 78' lang='lat' dir='ltr'>oppugnationis,</span> <span class='ocrx_word' id='word_1_220' title='bbox 1467 1774 1672 1822; x_wconf 79' lang='lat' dir='ltr'>pelliciendis</span> <span class='ocrx_word' id='word_1_221' title='bbox 1694 1774 1739 1809; x_wconf 87' lang='lat' dir='ltr'>ad</span> 
     </span>
     <span class='ocr_line' id='line_1_25' title="bbox 284 1820 1739 1869; baseline -0.001 -14"><span class='ocrx_word' id='word_1_222' title='bbox 284 1822 491 1857; x_wconf 88' lang='lat' dir='ltr'>deditionem</span> <span class='ocrx_word' id='word_1_223' title='bbox 513 1835 598 1869; x_wconf 90' lang='lat' dir='ltr'>quos</span> <span class='ocrx_word' id='word_1_224' title='bbox 618 1835 814 1869; x_wconf 84' lang='lat' dir='ltr'>expugnare</span> <span class='ocrx_word' id='word_1_225' title='bbox 834 1823 1074 1867; x_wconf 75' lang='lat' dir='ltr'>nequivissent,</span> <span class='ocrx_word' id='word_1_226' title='bbox 1096 1823 1157 1857; x_wconf 85' lang='lat' dir='ltr'>has</span> <span class='ocrx_word' id='word_1_227' title='bbox 1175 1823 1386 1857; x_wconf 82' lang='lat' dir='ltr'>conditiones</span> <span class='ocrx_word' id='word_1_228' title='bbox 1408 1822 1610 1857; x_wconf 80' lang='lat' dir='ltr'>offerebant.</span> <span class='ocrx_word' id='word_1_229' title='bbox 1657 1820 1739 1854; x_wconf 85' lang='lat' dir='ltr'>red-</span> 
     </span>
     <span class='ocr_line' id='line_1_26' title="bbox 284 1866 1740 1913; baseline -0.001 -12"><span class='ocrx_word' id='word_1_230' title='bbox 284 1867 449 1902; x_wconf 87' lang='lat' dir='ltr'>derentur</span> <span class='ocrx_word' id='word_1_231' title='bbox 480 1869 544 1903; x_wconf 88' lang='lat' dir='ltr'>sibi</span> <span class='ocrx_word' id='word_1_232' title='bbox 573 1881 651 1904; x_wconf 84' lang='lat' dir='ltr'>ossa</span> <span class='ocrx_word' id='word_1_233' title='bbox 686 1869 845 1904; x_wconf 85' lang='lat' dir='ltr'>Caesaris</span> <span class='ocrx_word' id='word_1_234' title='bbox 867 1869 1058 1908; x_wconf 72' lang='lat' dir='ltr'>Romen-ii,</span> <span class='ocrx_word' id='word_1_235' title='bbox 1091 1874 1126 1903; x_wconf 86' lang='lat' dir='ltr'>et</span> <span class='ocrx_word' id='word_1_236' title='bbox 1150 1869 1270 1913; x_wconf 79' lang='lat' dir='ltr'>viginti</span> <span class='ocrx_word' id='word_1_237' title='bbox 1293 1869 1447 1910; x_wconf 83' lang='lat' dir='ltr'>circiter,</span> <span class='ocrx_word' id='word_1_238' title='bbox 1467 1875 1552 1913; x_wconf 80' lang='lat' dir='ltr'>quot</span> <span class='ocrx_word' id='word_1_239' title='bbox 1573 1866 1684 1901; x_wconf 82' lang='lat' dir='ltr'>adbuc</span> <span class='ocrx_word' id='word_1_240' title='bbox 1705 1866 1740 1900; x_wconf 86' lang='lat' dir='ltr'>in</span> 
     </span>
     <span class='ocr_line' id='line_1_27' title="bbox 286 1912 1740 1961; baseline -0.001 -14"><span class='ocrx_word' id='word_1_241' title='bbox 286 1913 374 1947; x_wconf 83' lang='lat' dir='ltr'>vivis</span> <span class='ocrx_word' id='word_1_242' title='bbox 397 1915 526 1949; x_wconf 85' lang='lat' dir='ltr'>servari</span> <span class='ocrx_word' id='word_1_243' title='bbox 551 1916 766 1958; x_wconf 78' lang='lat' dir='ltr'>ferebantur,</span> <span class='ocrx_word' id='word_1_244' title='bbox 791 1927 832 1950; x_wconf 88' lang='lat' dir='ltr'>ex</span> <span class='ocrx_word' id='word_1_245' title='bbox 856 1914 1017 1960; x_wconf 81' lang='lat' dir='ltr'>profectis</span> <span class='ocrx_word' id='word_1_246' title='bbox 1039 1926 1112 1948; x_wconf 89' lang='lat' dir='ltr'>cum</span> <span class='ocrx_word' id='word_1_247' title='bbox 1136 1926 1176 1948; x_wconf 89' lang='lat' dir='ltr'>eo</span> <span class='ocrx_word' id='word_1_248' title='bbox 1199 1915 1332 1961; x_wconf 87' lang='lat' dir='ltr'>quando</span> <span class='ocrx_word' id='word_1_249' title='bbox 1357 1918 1410 1949; x_wconf 83' lang='lat' dir='ltr'>est</span> <span class='ocrx_word' id='word_1_250' title='bbox 1433 1924 1636 1960; x_wconf 81' lang='lat' dir='ltr'>oppressus,</span> <span class='ocrx_word' id='word_1_251' title='bbox 1668 1912 1740 1946; x_wconf 82' lang='lat' dir='ltr'>Ca-</span> 
     </span>
     <span class='ocr_line' id='line_1_28' title="bbox 281 1959 1740 2006; baseline -0.001 -13"><span class='ocrx_word' id='word_1_252' title='bbox 281 1960 406 1994; x_wconf 43' lang='lat' dir='ltr'>‘telanis</span> <span class='ocrx_word' id='word_1_253' title='bbox 427 1962 623 1996; x_wconf 80' lang='lat' dir='ltr'>comitibus:</span> <span class='ocrx_word' id='word_1_254' title='bbox 646 1963 762 1996; x_wconf 87' lang='lat' dir='ltr'>urbem</span> <span class='ocrx_word' id='word_1_255' title='bbox 784 1965 963 2006; x_wconf 86' lang='lat' dir='ltr'>practerea</span> <span class='ocrx_word' id='word_1_256' title='bbox 982 1961 1169 1995; x_wconf 81' lang='lat' dir='ltr'>traderent.</span> <span class='ocrx_word' id='word_1_257' title='bbox 1215 1973 1257 1996; x_wconf 84' lang='lat' dir='ltr'>ea</span> <span class='ocrx_word' id='word_1_258' title='bbox 1278 1960 1308 1995; x_wconf 84' lang='lat' dir='ltr'>si</span> <span class='ocrx_word' id='word_1_259' title='bbox 1331 1960 1474 2002; x_wconf 83' lang='lat' dir='ltr'>fierent,</span> <span class='ocrx_word' id='word_1_260' title='bbox 1497 1959 1740 2004; x_wconf 74' lang='lat' dir='ltr'>pollicebantur</span> 
     </span>
     <span class='ocr_line' id='line_1_29' title="bbox 287 2003 1740 2054; baseline 0 -16"><span class='ocrx_word' id='word_1_261' title='bbox 287 2006 410 2039; x_wconf 87' lang='lat' dir='ltr'>nemini</span> <span class='ocrx_word' id='word_1_262' title='bbox 441 2008 730 2042; x_wconf 87' lang='lat' dir='ltr'>Orestiadensium</span> <span class='ocrx_word' id='word_1_263' title='bbox 764 2008 946 2054; x_wconf 80' lang='lat' dir='ltr'>quidquam</span> <span class='ocrx_word' id='word_1_264' title='bbox 979 2018 1017 2041; x_wconf 88' lang='lat' dir='ltr'>se</span> <span class='ocrx_word' id='word_1_265' title='bbox 1047 2007 1090 2040; x_wconf 90' lang='lat' dir='ltr'>de</span> <span class='ocrx_word' id='word_1_266' title='bbox 1111 2012 1248 2041; x_wconf 83' lang='lat' dir='ltr'>caetero</span> <span class='ocrx_word' id='word_1_267' title='bbox 1270 2007 1441 2041; x_wconf 78' lang='lat' dir='ltr'>molestiae</span> <span class='ocrx_word' id='word_1_268' title='bbox 1471 2006 1634 2040; x_wconf 79' lang='lat' dir='ltr'>illaturos.</span> <span class='ocrx_word' id='word_1_269' title='bbox 1679 2003 1740 2039; x_wconf 86' lang='lat' dir='ltr'>ubi</span> 
     </span>
     <span class='ocr_line' id='line_1_30' title="bbox 288 2051 1742 2098; baseline -0.001 -14"><span class='ocrx_word' id='word_1_270' title='bbox 288 2056 401 2084; x_wconf 88' lang='lat' dir='ltr'>autem</span> <span class='ocrx_word' id='word_1_271' title='bbox 433 2053 553 2087; x_wconf 87' lang='lat' dir='ltr'>surdos</span> <span class='ocrx_word' id='word_1_272' title='bbox 585 2054 628 2088; x_wconf 89' lang='lat' dir='ltr'>ad</span> <span class='ocrx_word' id='word_1_273' title='bbox 661 2053 772 2088; x_wconf 86' lang='lat' dir='ltr'>omnia</span> <span class='ocrx_word' id='word_1_274' title='bbox 804 2055 958 2088; x_wconf 88' lang='lat' dir='ltr'>obsessos</span> <span class='ocrx_word' id='word_1_275' title='bbox 991 2057 1214 2098; x_wconf 86' lang='lat' dir='ltr'>repererunt,</span> <span class='ocrx_word' id='word_1_276' title='bbox 1244 2054 1288 2087; x_wconf 82' lang='lat' dir='ltr'>ad</span> <span class='ocrx_word' id='word_1_277' title='bbox 1317 2051 1596 2086; x_wconf 86' lang='lat' dir='ltr'>vehementiorem</span> <span class='ocrx_word' id='word_1_278' title='bbox 1617 2061 1657 2084; x_wconf 89' lang='lat' dir='ltr'>se</span> <span class='ocrx_word' id='word_1_279' title='bbox 1677 2061 1742 2094; x_wconf 86' lang='lat' dir='ltr'>op-</span> 
     </span>
     <span class='ocr_line' id='line_1_31' title="bbox 277 2097 1740 2144; baseline 0.001 -16"><span class='ocrx_word' id='word_1_280' title='bbox 277 2098 527 2142; x_wconf 69' lang='lat' dir='ltr'>pugnationem</span> <span class='ocrx_word' id='word_1_281' title='bbox 550 2100 764 2144; x_wconf 87' lang='lat' dir='ltr'>accingentes</span> <span class='ocrx_word' id='word_1_282' title='bbox 787 2106 866 2134; x_wconf 86' lang='lat' dir='ltr'>ante</span> <span class='ocrx_word' id='word_1_283' title='bbox 888 2099 996 2133; x_wconf 89' lang='lat' dir='ltr'>omnia</span> <span class='ocrx_word' id='word_1_284' title='bbox 1018 2103 1161 2144; x_wconf 89' lang='lat' dir='ltr'>portam,</span> <span class='ocrx_word' id='word_1_285' title='bbox 1185 2099 1238 2132; x_wconf 91' lang='lat' dir='ltr'>cui</span> <span class='ocrx_word' id='word_1_286' title='bbox 1260 2111 1281 2133; x_wconf 90' lang='lat' dir='ltr'>a</span> <span class='ocrx_word' id='word_1_287' title='bbox 1307 2100 1390 2142; x_wconf 77' lang='lat' dir='ltr'>bary</span> <span class='ocrx_word' id='word_1_288' title='bbox 1413 2109 1474 2132; x_wconf 85' lang='lat' dir='ltr'>seu</span> <span class='ocrx_word' id='word_1_289' title='bbox 1494 2097 1600 2142; x_wconf 77' lang='lat' dir='ltr'>gravi</span> <span class='ocrx_word' id='word_1_290' title='bbox 1619 2105 1740 2130; x_wconf 79' lang='lat' dir='ltr'>nomen</span> 
     </span>
     <span class='ocr_line' id='line_1_32' title="bbox 290 2140 1740 2190; baseline -0.001 -15"><span class='ocrx_word' id='word_1_291' title='bbox 290 2148 388 2184; x_wconf 89' lang='lat' dir='ltr'>erat,</span> <span class='ocrx_word' id='word_1_292' title='bbox 411 2143 490 2187; x_wconf 84' lang='lat' dir='ltr'>igne</span> <span class='ocrx_word' id='word_1_293' title='bbox 512 2145 635 2179; x_wconf 87' lang='lat' dir='ltr'>iniecto</span> <span class='ocrx_word' id='word_1_294' title='bbox 659 2151 856 2180; x_wconf 84' lang='lat' dir='ltr'>consumunt</span> <span class='ocrx_word' id='word_1_295' title='bbox 879 2149 1004 2188; x_wconf 82' lang='lat' dir='ltr'>totam,</span> <span class='ocrx_word' id='word_1_296' title='bbox 1030 2145 1123 2179; x_wconf 88' lang='lat' dir='ltr'>aditu</span> <span class='ocrx_word' id='word_1_297' title='bbox 1147 2157 1210 2190; x_wconf 90' lang='lat' dir='ltr'>per</span> <span class='ocrx_word' id='word_1_298' title='bbox 1231 2145 1265 2179; x_wconf 87' lang='lat' dir='ltr'>id</span> <span class='ocrx_word' id='word_1_299' title='bbox 1287 2146 1407 2178; x_wconf 87' lang='lat' dir='ltr'>ostium</span> <span class='ocrx_word' id='word_1_300' title='bbox 1428 2144 1496 2177; x_wconf 84' lang='lat' dir='ltr'>iam</span> <span class='ocrx_word' id='word_1_301' title='bbox 1519 2147 1639 2187; x_wconf 83' lang='lat' dir='ltr'>patens</span> <span class='ocrx_word' id='word_1_302' title='bbox 1658 2140 1740 2184; x_wconf 87' lang='lat' dir='ltr'>ipsis</span> 
     </span>
     <span class='ocr_line' id='line_1_33' title="bbox 289 2188 1740 2238; baseline 0 -17"><span class='ocrx_word' id='word_1_303' title='bbox 289 2188 395 2222; x_wconf 87' lang='lat' dir='ltr'>libero</span> <span class='ocrx_word' id='word_1_304' title='bbox 418 2190 554 2233; x_wconf 84' lang='lat' dir='ltr'>futuro,</span> <span class='ocrx_word' id='word_1_305' title='bbox 577 2191 643 2225; x_wconf 87' lang='lat' dir='ltr'>nisi</span> <span class='ocrx_word' id='word_1_306' title='bbox 665 2192 757 2226; x_wconf 85' lang='lat' dir='ltr'>cives</span> <span class='ocrx_word' id='word_1_307' title='bbox 779 2194 1085 2236; x_wconf 82' lang='lat' dir='ltr'>praeoccupassent</span> <span class='ocrx_word' id='word_1_308' title='bbox 1114 2202 1241 2225; x_wconf 89' lang='lat' dir='ltr'>murum</span> <span class='ocrx_word' id='word_1_309' title='bbox 1274 2191 1363 2224; x_wconf 84' lang='lat' dir='ltr'>intus</span> <span class='ocrx_word' id='word_1_310' title='bbox 1393 2202 1413 2223; x_wconf 88' lang='lat' dir='ltr'>e</span> <span class='ocrx_word' id='word_1_311' title='bbox 1443 2188 1555 2233; x_wconf 87' lang='lat' dir='ltr'>lapide</span> <span class='ocrx_word' id='word_1_312' title='bbox 1575 2190 1740 2238; x_wconf 67' lang='lat' dir='ltr'>structum</span> 
     </span>
     <span class='ocr_line' id='line_1_34' title="bbox 286 2232 1741 2282; baseline -0.001 -16"><span class='ocrx_word' id='word_1_313' title='bbox 286 2232 368 2277; x_wconf 84' lang='lat' dir='ltr'>ipsis</span> <span class='ocrx_word' id='word_1_314' title='bbox 393 2246 574 2279; x_wconf 84' lang='lat' dir='ltr'>opponere.</span> <span class='ocrx_word' id='word_1_315' title='bbox 618 2238 682 2271; x_wconf 86' lang='lat' dir='ltr'>hoc</span> <span class='ocrx_word' id='word_1_316' title='bbox 715 2237 764 2271; x_wconf 81' lang='lat' dir='ltr'>illi</span> <span class='ocrx_word' id='word_1_317' title='bbox 794 2237 870 2272; x_wconf 80' lang='lat' dir='ltr'>viso</span> <span class='ocrx_word' id='word_1_318' title='bbox 903 2238 1124 2282; x_wconf 81' lang='lat' dir='ltr'>desperantes</span> <span class='ocrx_word' id='word_1_319' title='bbox 1153 2237 1230 2270; x_wconf 90' lang='lat' dir='ltr'>illac</span> <span class='ocrx_word' id='word_1_320' title='bbox 1262 2235 1472 2280; x_wconf 82' lang='lat' dir='ltr'>ingressum,</span> <span class='ocrx_word' id='word_1_321' title='bbox 1504 2233 1548 2267; x_wconf 83' lang='lat' dir='ltr'>ad</span> <span class='ocrx_word' id='word_1_322' title='bbox 1569 2232 1741 2266; x_wconf 76' lang='lat' dir='ltr'>machmas</span> 
     </span>
     <span class='ocr_line' id='line_1_35' title="bbox 286 2276 1739 2328; baseline -0.001 -17"><span class='ocrx_word' id='word_1_323' title='bbox 286 2279 468 2314; x_wconf 87' lang='lat' dir='ltr'>moliendas</span> <span class='ocrx_word' id='word_1_324' title='bbox 501 2282 643 2316; x_wconf 86' lang='lat' dir='ltr'>animum</span> <span class='ocrx_word' id='word_1_325' title='bbox 674 2283 855 2328; x_wconf 81' lang='lat' dir='ltr'>appellunt.</span> <span class='ocrx_word' id='word_1_326' title='bbox 909 2287 1136 2317; x_wconf 83' lang='lat' dir='ltr'>constructam</span> <span class='ocrx_word' id='word_1_327' title='bbox 1168 2294 1248 2325; x_wconf 77' lang='lat' dir='ltr'>ergo</span> <span class='ocrx_word' id='word_1_328' title='bbox 1281 2281 1402 2315; x_wconf 85' lang='lat' dir='ltr'>turrim</span> <span class='ocrx_word' id='word_1_329' title='bbox 1431 2279 1520 2312; x_wconf 83' lang='lat' dir='ltr'>intus</span> <span class='ocrx_word' id='word_1_330' title='bbox 1542 2276 1635 2311; x_wconf 84' lang='lat' dir='ltr'>scala</span> <span class='ocrx_word' id='word_1_331' title='bbox 1658 2287 1739 2321; x_wconf 86' lang='lat' dir='ltr'>per-</span> 
     </span>
     <span class='ocr_line' id='line_1_36' title="bbox 287 2323 1740 2367; baseline -0.001 -11"><span class='ocrx_word' id='word_1_332' title='bbox 287 2323 399 2366; x_wconf 83' lang='lat' dir='ltr'>viam,</span> <span class='ocrx_word' id='word_1_333' title='bbox 425 2326 587 2361; x_wconf 87' lang='lat' dir='ltr'>subiectis</span> <span class='ocrx_word' id='word_1_334' title='bbox 611 2329 695 2362; x_wconf 89' lang='lat' dir='ltr'>rotis</span> <span class='ocrx_word' id='word_1_335' title='bbox 720 2329 870 2362; x_wconf 84' lang='lat' dir='ltr'>mobilem</span> <span class='ocrx_word' id='word_1_336' title='bbox 894 2334 930 2362; x_wconf 88' lang='lat' dir='ltr'>et</span> <span class='ocrx_word' id='word_1_337' title='bbox 961 2329 1095 2362; x_wconf 86' lang='lat' dir='ltr'>taurino</span> <span class='ocrx_word' id='word_1_338' title='bbox 1120 2328 1269 2361; x_wconf 80' lang='lat' dir='ltr'>exterius</span> <span class='ocrx_word' id='word_1_339' title='bbox 1292 2326 1383 2360; x_wconf 90' lang='lat' dir='ltr'>corio</span> <span class='ocrx_word' id='word_1_340' title='bbox 1405 2324 1636 2367; x_wconf 68' lang='lat' dir='ltr'>undecumque</span> <span class='ocrx_word' id='word_1_341' title='bbox 1657 2333 1740 2366; x_wconf 88' lang='lat' dir='ltr'>pro-</span> 
     </span>
     <span class='ocr_line' id='line_1_37' title="bbox 286 2370 1739 2418; baseline -0.001 -15"><span class='ocrx_word' id='word_1_342' title='bbox 286 2373 435 2413; x_wconf 78' lang='lat' dir='ltr'>tectam,</span> <span class='ocrx_word' id='word_1_343' title='bbox 468 2373 578 2406; x_wconf 84' lang='lat' dir='ltr'>muris·</span> <span class='ocrx_word' id='word_1_344' title='bbox 603 2374 800 2416; x_wconf 83' lang='lat' dir='ltr'>admovent3</span> <span class='ocrx_word' id='word_1_345' title='bbox 835 2384 1142 2418; x_wconf 86' lang='lat' dir='ltr'>conscensurosque</span> <span class='ocrx_word' id='word_1_346' title='bbox 1174 2373 1207 2406; x_wconf 92' lang='lat' dir='ltr'>in</span> <span class='ocrx_word' id='word_1_347' title='bbox 1229 2373 1318 2406; x_wconf 88' lang='lat' dir='ltr'>illam</span> <span class='ocrx_word' id='word_1_348' title='bbox 1339 2370 1481 2411; x_wconf 78' lang='lat' dir='ltr'>milites,</span> <span class='ocrx_word' id='word_1_349' title='bbox 1515 2379 1557 2402; x_wconf 87' lang='lat' dir='ltr'>ac</span> <span class='ocrx_word' id='word_1_350' title='bbox 1578 2378 1640 2412; x_wconf 90' lang='lat' dir='ltr'>per</span> <span class='ocrx_word' id='word_1_351' title='bbox 1663 2378 1739 2402; x_wconf 83' lang='lat' dir='ltr'>eam</span> 
     </span>
     <span class='ocr_line' id='line_1_38' title="bbox 287 2413 1740 2464; baseline -0.002 -15"><span class='ocrx_word' id='word_1_352' title='bbox 287 2426 417 2450; x_wconf 79' lang='lat' dir='ltr'>summa</span> <span class='ocrx_word' id='word_1_353' title='bbox 439 2417 614 2461; x_wconf 86' lang='lat' dir='ltr'>pinnarum</span> <span class='ocrx_word' id='word_1_354' title='bbox 637 2419 729 2452; x_wconf 83' lang='lat' dir='ltr'>urbis</span> <span class='ocrx_word' id='word_1_355' title='bbox 751 2426 974 2464; x_wconf 82' lang='lat' dir='ltr'>occupaturos</span> <span class='ocrx_word' id='word_1_356' title='bbox 1006 2419 1048 2453; x_wconf 88' lang='lat' dir='ltr'>ad</span> <span class='ocrx_word' id='word_1_357' title='bbox 1077 2430 1146 2452; x_wconf 90' lang='lat' dir='ltr'>rem</span> <span class='ocrx_word' id='word_1_358' title='bbox 1170 2426 1308 2452; x_wconf 83' lang='lat' dir='ltr'>strenue</span> <span class='ocrx_word' id='word_1_359' title='bbox 1328 2415 1528 2460; x_wconf 81' lang='lat' dir='ltr'>gerendam,</span> <span class='ocrx_word' id='word_1_360' title='bbox 1555 2413 1740 2447; x_wconf 79' lang='lat' dir='ltr'>adhortan-</span> 
     </span>
     <span class='ocr_line' id='line_1_39' title="bbox 288 2459 1739 2508; baseline -0.002 -13"><span class='ocrx_word' id='word_1_361' title='bbox 288 2464 343 2495; x_wconf 79' lang='lat' dir='ltr'>tes</span> <span class='ocrx_word' id='word_1_362' title='bbox 367 2466 404 2495; x_wconf 89' lang='lat' dir='ltr'>et</span> <span class='ocrx_word' id='word_1_363' title='bbox 426 2463 575 2506; x_wconf 85' lang='lat' dir='ltr'>praemia</span> <span class='ocrx_word' id='word_1_364' title='bbox 610 2463 795 2508; x_wconf 79' lang='lat' dir='ltr'>pollicendo</span> <span class='ocrx_word' id='word_1_365' title='bbox 828 2465 987 2498; x_wconf 84' lang='lat' dir='ltr'>animant.</span> <span class='ocrx_word' id='word_1_366' title='bbox 1033 2464 1202 2498; x_wconf 86' lang='lat' dir='ltr'>eminebat</span> <span class='ocrx_word' id='word_1_367' title='bbox 1231 2463 1318 2496; x_wconf 87' lang='lat' dir='ltr'>inter</span> <span class='ocrx_word' id='word_1_368' title='bbox 1348 2463 1408 2495; x_wconf 85' lang='lat' dir='ltr'>bos</span> <span class='ocrx_word' id='word_1_369' title='bbox 1432 2461 1624 2494; x_wconf 80' lang='lat' dir='ltr'>hortatores</span> <span class='ocrx_word' id='word_1_370' title='bbox 1649 2459 1739 2492; x_wconf 81' lang='lat' dir='ltr'>Pha-</span> 
     </span>
     <span class='ocr_line' id='line_1_40' title="bbox 287 2504 1739 2558; baseline -0.003 -16"><span class='ocrx_word' id='word_1_371' title='bbox 287 2507 394 2542; x_wconf 80' lang='lat' dir='ltr'>renda</span> <span class='ocrx_word' id='word_1_372' title='bbox 414 2508 551 2542; x_wconf 79' lang='lat' dir='ltr'>Tzimes</span> <span class='ocrx_word' id='word_1_373' title='bbox 572 2510 727 2542; x_wconf 88' lang='lat' dir='ltr'>vexillum</span> <span class='ocrx_word' id='word_1_374' title='bbox 751 2514 889 2552; x_wconf 85' lang='lat' dir='ltr'>gestans</span> <span class='ocrx_word' id='word_1_375' title='bbox 912 2509 1063 2543; x_wconf 89' lang='lat' dir='ltr'>manibus</span> <span class='ocrx_word' id='word_1_376' title='bbox 1077 2535 1087 2552; x_wconf 94' lang='lat'>,</span> <span class='ocrx_word' id='word_1_377' title='bbox 1114 2520 1211 2554; x_wconf 89' lang='lat' dir='ltr'>quem</span> <span class='ocrx_word' id='word_1_378' title='bbox 1233 2506 1407 2551; x_wconf 82' lang='lat' dir='ltr'>arroganti</span> <span class='ocrx_word' id='word_1_379' title='bbox 1427 2505 1573 2539; x_wconf 87' lang='lat' dir='ltr'>ludibrio</span> <span class='ocrx_word' id='word_1_380' title='bbox 1594 2504 1739 2558; x_wconf 74' lang='lat' dir='ltr'>circum-</span> 
     </span>
     <span class='ocr_line' id='line_1_41' title="bbox 290 2550 1738 2599; baseline -0.003 -12"><span class='ocrx_word' id='word_1_381' title='bbox 290 2557 422 2588; x_wconf 83' lang='lat' dir='ltr'>stantes</span> <span class='ocrx_word' id='word_1_382' title='bbox 440 2553 578 2588; x_wconf 83' lang='lat' dir='ltr'>Siciliae</span> <span class='ocrx_word' id='word_1_383' title='bbox 600 2565 713 2598; x_wconf 84' lang='lat' dir='ltr'>regem</span> <span class='ocrx_word' id='word_1_384' title='bbox 737 2554 990 2599; x_wconf 84' lang='lat' dir='ltr'>praedicabant.</span> <span class='ocrx_word' id='word_1_385' title='bbox 1036 2555 1133 2588; x_wconf 83' lang='lat' dir='ltr'>buius</span> <span class='ocrx_word' id='word_1_386' title='bbox 1157 2565 1198 2587; x_wconf 87' lang='lat' dir='ltr'>ea</span> <span class='ocrx_word' id='word_1_387' title='bbox 1216 2555 1416 2587; x_wconf 85' lang='lat' dir='ltr'>cernebatur</span> <span class='ocrx_word' id='word_1_388' title='bbox 1432 2550 1636 2586; x_wconf 75' lang='lat' dir='ltr'>confidentia</span> <span class='ocrx_word' id='word_1_389' title='bbox 1657 2560 1738 2583; x_wconf 85' lang='lat' dir='ltr'>con-</span> 
     </span>
     <span class='ocr_line' id='line_1_42' title="bbox 289 2595 1739 2649; baseline -0.003 -15"><span class='ocrx_word' id='word_1_390' title='bbox 289 2599 435 2634; x_wconf 78' lang='lat' dir='ltr'>tumacis</span> <span class='ocrx_word' id='word_1_391' title='bbox 455 2599 543 2642; x_wconf 89' lang='lat' dir='ltr'>oris,</span> <span class='ocrx_word' id='word_1_392' title='bbox 567 2605 606 2633; x_wconf 90' lang='lat' dir='ltr'>ut</span> <span class='ocrx_word' id='word_1_393' title='bbox 629 2600 728 2634; x_wconf 83' lang='lat' dir='ltr'>facile</span> <span class='ocrx_word' id='word_1_394' title='bbox 750 2599 892 2633; x_wconf 86' lang='lat' dir='ltr'>sentires</span> <span class='ocrx_word' id='word_1_395' title='bbox 914 2599 1010 2644; x_wconf 86' lang='lat' dir='ltr'>quasi</span> <span class='ocrx_word' id='word_1_396' title='bbox 1033 2600 1076 2633; x_wconf 88' lang='lat' dir='ltr'>de</span> <span class='ocrx_word' id='word_1_397' title='bbox 1097 2599 1164 2633; x_wconf 86' lang='lat' dir='ltr'>iam</span> <span class='ocrx_word' id='word_1_398' title='bbox 1187 2602 1288 2644; x_wconf 86' lang='lat' dir='ltr'>capta</span> <span class='ocrx_word' id='word_1_399' title='bbox 1303 2598 1409 2642; x_wconf 87' lang='lat' dir='ltr'>ipsum</span> <span class='ocrx_word' id='word_1_400' title='bbox 1432 2596 1495 2631; x_wconf 89' lang='lat' dir='ltr'>sibi</span> <span class='ocrx_word' id='word_1_401' title='bbox 1517 2595 1654 2649; x_wconf 68' lang='lat' dir='ltr'>civitate</span> <span class='ocrx_word' id='word_1_402' title='bbox 1675 2606 1739 2648; x_wconf 66' lang='lat' dir='ltr'>ap-</span> 
     </span>
    </p>

    <p class='ocr_par' dir='ltr' id='par_1_4' title="bbox 289 2640 1740 2819">
     <span class='ocr_line' id='line_1_43' title="bbox 316 2640 1738 2690; baseline -0.003 -12"><span class='ocrx_word' id='word_1_403' title='bbox 316 2645 472 2680; x_wconf 67' lang='lat' dir='ltr'>laudere-</span> <span class='ocrx_word' id='word_1_404' title='bbox 508 2657 605 2680; x_wconf 89' lang='lat' dir='ltr'>manu</span> <span class='ocrx_word' id='word_1_405' title='bbox 628 2645 732 2690; x_wconf 85' lang='lat' dir='ltr'>igitur</span> <span class='ocrx_word' id='word_1_406' title='bbox 755 2645 798 2679; x_wconf 89' lang='lat' dir='ltr'>ad</span> <span class='ocrx_word' id='word_1_407' title='bbox 822 2645 906 2679; x_wconf 88' lang='lat' dir='ltr'>muri</span> <span class='ocrx_word' id='word_1_408' title='bbox 931 2644 1084 2678; x_wconf 80' lang='lat' dir='ltr'>viciniam</span> <span class='ocrx_word' id='word_1_409' title='bbox 1107 2645 1261 2678; x_wconf 85' lang='lat' dir='ltr'>machina</span> <span class='ocrx_word' id='word_1_410' title='bbox 1282 2647 1462 2688; x_wconf 86' lang='lat' dir='ltr'>promota,</span> <span class='ocrx_word' id='word_1_411' title='bbox 1486 2653 1527 2676; x_wconf 90' lang='lat' dir='ltr'>ac</span> <span class='ocrx_word' id='word_1_412' title='bbox 1540 2640 1738 2676; x_wconf 68' lang='lat' dir='ltr'>fervidius-1-</span> 
     </span>
     <span class='ocr_line' id='line_1_44' title="bbox 290 2656 1740 2738; baseline -0.003 -13"><span class='ocrx_word' id='word_1_413' title='bbox 290 2656 356 2725; x_wconf 55' lang='lat' dir='ltr'>gns</span> <span class='ocrx_word' id='word_1_414' title='bbox 378 2691 568 2738; x_wconf 84' lang='lat' dir='ltr'>quibusque</span> <span class='ocrx_word' id='word_1_415' title='bbox 588 2691 654 2726; x_wconf 84' lang='lat' dir='ltr'>iam</span> <span class='ocrx_word' id='word_1_416' title='bbox 675 2703 778 2736; x_wconf 85' lang='lat' dir='ltr'>super</span> <span class='ocrx_word' id='word_1_417' title='bbox 799 2702 873 2724; x_wconf 82' lang='lat' dir='ltr'>eam</span> <span class='ocrx_word' id='word_1_418' title='bbox 905 2701 1046 2724; x_wconf 86' lang='lat' dir='ltr'>ascensu</span> <span class='ocrx_word' id='word_1_419' title='bbox 1074 2695 1214 2724; x_wconf 85' lang='lat' dir='ltr'>strenuo</span> <span class='ocrx_word' id='word_1_420' title='bbox 1245 2694 1436 2734; x_wconf 81' lang='lat' dir='ltr'>superatam</span> <span class='ocrx_word' id='word_1_421' title='bbox 1465 2688 1654 2728; x_wconf 83' lang='lat' dir='ltr'>stantibus,</span> <span class='ocrx_word' id='word_1_422' title='bbox 1674 2686 1740 2720; x_wconf 88' lang='lat' dir='ltr'>de-</span> 
     </span>
     <span class='ocr_line' id='line_1_45' title="bbox 289 2732 1738 2786; baseline -0.003 -15"><span class='ocrx_word' id='word_1_423' title='bbox 289 2738 443 2771; x_wconf 81' lang='lat' dir='ltr'>fensores</span> <span class='ocrx_word' id='word_1_424' title='bbox 466 2738 551 2772; x_wconf 83' lang='lat' dir='ltr'>muri</span> <span class='ocrx_word' id='word_1_425' title='bbox 571 2739 704 2782; x_wconf 84' lang='lat' dir='ltr'>longam</span> <span class='ocrx_word' id='word_1_426' title='bbox 727 2742 763 2771; x_wconf 93' lang='lat' dir='ltr'>et</span> <span class='ocrx_word' id='word_1_427' title='bbox 795 2747 1011 2781; x_wconf 84' lang='lat' dir='ltr'>praegravem</span> <span class='ocrx_word' id='word_1_428' title='bbox 1035 2735 1077 2770; x_wconf 87' lang='lat' dir='ltr'>ad</span> <span class='ocrx_word' id='word_1_429' title='bbox 1111 2736 1175 2771; x_wconf 88' lang='lat' dir='ltr'>boc</span> <span class='ocrx_word' id='word_1_430' title='bbox 1203 2736 1238 2769; x_wconf 86' lang='lat' dir='ltr'>in</span> <span class='ocrx_word' id='word_1_431' title='bbox 1265 2735 1300 2768; x_wconf 81' lang='lat' dir='ltr'>id</span> <span class='ocrx_word' id='word_1_432' title='bbox 1324 2734 1497 2778; x_wconf 77' lang='lat' dir='ltr'>fastigium</span> <span class='ocrx_word' id='word_1_433' title='bbox 1525 2732 1738 2786; x_wconf 46' lang='lat' dir='ltr'>ante-subla-</span> 
     </span>
     <span class='ocr_line' id='line_1_46' title="bbox 289 2778 1739 2819; baseline -0.004 -1"><span class='ocrx_word' id='word_1_434' title='bbox 289 2788 360 2818; x_wconf 84' lang='lat' dir='ltr'>tam</span> <span class='ocrx_word' id='word_1_435' title='bbox 383 2783 540 2819; x_wconf 87' lang='lat' dir='ltr'>deorsum</span> <span class='ocrx_word' id='word_1_436' title='bbox 562 2784 747 2818; x_wconf 88' lang='lat' dir='ltr'>columnam</span> <span class='ocrx_word' id='word_1_437' title='bbox 767 2781 983 2819; x_wconf 55' lang='lat' dir='ltr'>devolventes</span> <span class='ocrx_word' id='word_1_438' title='bbox 1003 2781 1124 2817; x_wconf 86' lang='lat' dir='ltr'>turrim</span> <span class='ocrx_word' id='word_1_439' title='bbox 1144 2782 1257 2817; x_wconf 84' lang='lat' dir='ltr'>subito</span> <span class='ocrx_word' id='word_1_440' title='bbox 1279 2792 1360 2816; x_wconf 86' lang='lat' dir='ltr'>casu</span> <span class='ocrx_word' id='word_1_441' title='bbox 1382 2780 1544 2815; x_wconf 83' lang='lat' dir='ltr'>afflictam</span> <span class='ocrx_word' id='word_1_442' title='bbox 1566 2778 1739 2819; x_wconf 56' lang='lat' dir='ltr'>deliciunt,</span> 
     </span>
    </p>
   </div>
  </div>
 </body>
</html>
