1858 3126
503 191 508 195 .
589 154 693 198 ΠΒ.
724 152 779 197 Π,
843 152 1043 196 NOTAE.
1436 147 1535 196 749

103 270 215 305 taxat
242 269 358 305 tenus
388 277 436 304 ac
462 263 804 317 praesumptione,
833 261 933 300 citra
957 261 1078 300 ullam
1104 259 1286 312 legitimis
1304 258 1539 301 celebratam

101 322 243 361 ritibus
271 321 596 373 assumptionem,
625 320 744 357 fuisse
769 317 956 356 tributam
982 317 1211 356 Andronico
1234 317 1382 355 iuniori
1401 317 1538 369 appel-

99 377 285 416 lationem
303 375 573 429 imperatoris,
601 382 641 413 et
660 374 789 413 senior
805 373 1058 412 Andronicus
1079 373 1314 411 demonstrat
1337 373 1445 421 dum,
1472 385 1539 411 re-

100 433 251 472 ferente
278 433 551 471 Cantacuzeno
578 431 606 469 l.
642 435 660 473 ι
698 443 731 468 c.
757 433 807 477 9,
843 429 1113 467 Andronicum
1144 442 1232 467 eum
1262 429 1540 478 palaeologum

101 488 336 540 simpliciter
350 494 468 526 vocat
491 493 531 525 et
554 493 598 525 ut
619 486 838 538 principem
856 485 1013 535 agnosci
1034 484 1233 534 prohibet3
1262 491 1301 522 et
1318 485 1404 536 ipse
1426 484 1541 522 fateri

100 544 261 582 videtur
293 543 541 582 Andronicus
572 542 724 588 iunior,
754 541 847 579 dum
866 541 1000 579 eodem
1016 540 1119 578 libro
1138 554 1171 578 c.
1190 544 1245 582 23
1263 540 1364 591 petit
1387 540 1436 578 ab
1463 554 1540 579 avo

34 626 38 628 -
103 599 259 638 admitti
284 612 327 637 se
353 599 396 637 in
427 598 668 637 consortium
698 596 852 648 imperii
880 610 971 634 cum
996 596 1082 634 iure
1102 596 1375 634 successionis.
1431 602 1540 634 recte

102 656 224 706 igitur
242 668 331 693 cum
352 654 469 693 simul
481 660 720 706 assumptus,
747 652 866 690 simul
882 652 1070 690 inunctus
1087 665 1134 690 ac
1153 658 1363 691 coronatus
1373 651 1542 690 Andro—

102 711 217 750 nicus
238 710 374 749 iunior
390 711 485 760 suit,
516 711 623 761 quod
640 715 774 748 narrat
792 709 1084 746 Cantacuzenus
1098 721 1132 746 c.
1150 707 1201 749 41
1215 737 1227 756 ‚
1257 707 1360 746 scuti
1389 714 1542 760 partem

102 766 339 806 anteriorem
362 766 446 818 ipse
476 779 572 805 avus
597 766 795 816 Augustus
827 764 980 812 tenuit,
1008 777 1055 802 eo
1088 770 1275 802 consueto
1305 764 1388 802 ritu
1411 765 1541 815 ipsum

102 821 272 862 evehens
287 822 331 860 in
349 821 563 872 Augustam
582 822 831 871 dignitatem,
862 820 967 871 quod
987 821 1161 858 nondum
1186 821 1351 858 fecerat:
1381 819 1540 870 quando

103 884 232 916 autem
255 877 442 916 inunctus
470 884 510 916 et
537 883 747 915 coronatus
768 878 975 914 dumtaxat
994 877 1071 914 iam
1097 882 1208 914 antea
1229 882 1387 914 evectus
1404 876 1446 913 in
1465 875 1542 913 im-

102 934 259 987 perium
287 947 310 971 a
333 939 444 985 patre
467 933 638 971 michael
662 939 745 979 est,
775 939 932 970 scutum
961 932 1003 970 in
1033 946 1112 983 quo
1142 930 1367 970 elevabatur
1386 946 1408 969 a
1429 937 1542 983 patre

101 989 301 1028 sublatum
322 1003 405 1028 non
429 995 507 1037 est,
536 995 657 1041 prout
683 988 943 1040 Pachymeres
969 1001 1052 1026 rem
1071 1002 1094 1025 a
1110 1001 1153 1026 se
1172 987 1295 1026 visam
1318 987 1539 1025 describens

100 1044 309 1097 significat.
364 1044 414 1083 de
430 1045 576 1097 sparsis
594 1045 636 1083 in
654 1044 730 1082 hac
746 1044 950 1082 occasione
970 1044 1013 1081 in
1033 1044 1225 1096 populum
1244 1043 1459 1082 nummulis
1478 1044 1541 1081 in·

99 1107 164 1140 tra
179 1100 255 1138 lini
274 1106 472 1150 segmenta
489 1100 640 1151 ligatis,
670 1113 841 1151 quorum
858 1099 924 1138 hic
942 1100 1118 1138 meminit
1146 1099 1420 1151 pachymeres,
1447 1098 1540 1137 vids

102 1169 202 1208 quae
217 1157 492 1195 annotavimus
509 1157 552 1195 in
574 1157 772 1194 Glossario
793 1156 888 1194 tomi
904 1156 1047 1207 prioris
1065 1156 1187 1194 verbo
1207 1151 1436 1206 ε’πικόμπια.

211 1225 255 1264 p·
276 1214 356 1253 197
374 1226 413 1251 v.
434 1212 474 1255 4.
527 1213 640 1251 Irene
668 1210 901 1250 marchionis
927 1211 1210 1250 montisserrati
1235 1211 1279 1249 in
1304 1210 1536 1249 Lombardia
1557 1206 1586 1241 P
1611 1207 1676 1241 536

101 1267 204 1316 filia,
225 1267 397 1306 secunda
417 1267 563 1306 coniux
583 1268 800 1306 Andronici
820 1267 985 1305 senioris
1005 1267 1274 1319 imperatoris,
1302 1273 1381 1305 tres
1399 1267 1435 1304 ei
1453 1280 1540 1304 ma-

101 1336 165 1362 res
190 1323 365 1374 peperit,
412 1324 596 1362 Ioannem
609 1352 622 1372 ‚
658 1323 934 1371 Theodorum,
974 1324 1226 1362 Demetrium.
1289 1321 1367 1360 hoc
1396 1322 1540 1360 diserte

102 1379 219 1416 docet
235 1379 527 1418 Cantacuzenus
545 1379 781 1430 praefatione
799 1379 847 1416 ad
861 1379 1071 1417 Historiam
1087 1393 1126 1431 p.
1146 1381 1172 1422 5
1189 1379 1252 1420 ed.
1272 1380 1363 1429 Reg.
1380 1385 1539 1417 mortuo

102 1434 189 1472 sine
219 1434 354 1473 liberis
380 1435 501 1473 fratre
524 1435 656 1472 Irenes
681 1434 909 1473 marchione
930 1434 1232 1484 montisserrati,
1264 1448 1354 1472 cum
1373 1434 1423 1471 ad
1448 1447 1541 1471 suc-

102 1488 315 1528 cessionem
332 1490 578 1542 principatus
601 1490 681 1529 eius
702 1491 915 1528 mittendus
935 1498 1034 1530 esset
1060 1491 1202 1542 aliquis
1222 1503 1272 1528 ex
1287 1490 1420 1528 henes
1437 1489 1541 1538 filiis,

100 1551 215 1598 pater
241 1545 416 1584 omnium
444 1547 648 1584 minimum
679 1547 917 1584 Demetrium
944 1560 991 1584 eo
1020 1546 1252 1593 destinavit,
1288 1551 1327 1583 et
1355 1545 1543 1597 despotae

100 1600 220 1639 titulo
253 1600 488 1640 honoratum
515 1603 557 1639 in
584 1603 893 1653 Longobardiam
922 1603 1026 1641 misit
1050 1603 1102 1640 ad
1125 1603 1236 1640 illam
1259 1601 1542 1640 haereditatem

101 1655 189 1694 iure
207 1663 382 1694 materno
414 1658 662 1696 cernendam.
701 1660 782 1696 'sed
804 1665 928 1696 mater
949 1659 1082 1707 Irene,
1114 1672 1214 1709 quae
1239 1663 1336 1696 tunc
1358 1657 1499 1708 procu]
1518 1669 1543 1694 a

101 1712 189 1750 viro
207 1711 504 1751 Thessalonicae
522 1714 702 1764 degebat,
733 1728 928 1765 quaeque,
960 1721 1007 1752 ut
1029 1714 1286 1766 Pachymeres
1319 1712 1465 1750 alicubi
1482 1712 1543 1749 ti-

102 1766 246 1805 midius
264 1768 434 1816 indicat,
463 1770 588 1807 multo
606 1776 735 1808 autem
754 1771 925 1808 exertius
948 1771 1139 1820 Gregoras
1160 1769 1370 1820 profitetur
1383 1794 1395 1812 ‚
1422 1767 1543 1806 ratio-

102 1835 173 1859 nes
186 1822 231 1859 in
245 1823 380 1861 multis
401 1837 563 1874 sequens
582 1826 758 1876 proprias
778 1825 885 1863 haud
916 1827 1084 1863 multum
1105 1824 1276 1864 obnoxie
1295 1822 1428 1862 mariti
1444 1823 1542 1874 pla—

104 1876 194 1914 citis
210 1890 297 1914 suas
325 1878 556 1929 subiungere
585 1881 735 1918 solebat
761 1881 1009 1929 voluntates,
1051 1881 1240 1931 aptiorem
1268 1878 1540 1930 praerogativa

104 1933 242 1970 aetatis
258 1932 462 1971 adultioris
485 1934 534 1970 ad
559 1933 635 1972 hoc
656 1935 907 1973 Theodorum
930 1943 1162 1983 autumans,
1191 1946 1279 1972 eum
1298 1946 1349 1971 ex
1365 1934 1539 1987 propin-

104 1987 234 2038 quiori
265 1993 423 2026 strenue
447 1989 633 2037 mittens,
679 1990 891 2028 adventum
929 1990 1111 2028 Demetrii
1140 1989 1355 2040 praevenit.
1417 2002 1539 2041 quare

103 2041 397 2081 marchionatus
433 2044 801 2083 Montisferratensis
841 2046 1122 2095 possessionem
1157 2044 1386 2084 Theodorus
1424 2045 1536 2094 adiit,

105 2097 268 2148 coniuge
282 2104 443 2149 accepta
462 2099 615 2150 Spinuli
640 2100 853 2138 Genuensis
868 2100 945 2138 viri
962 2100 1137 2151 primarii
1158 2099 1253 2148 filia,
1283 2113 1331 2138 ex
1349 2115 1424 2152 qua
1446 2115 1535 2140 cum

103 2153 255 2205 prolem
278 2154 482 2192 dumtaxat
503 2154 730 2193 femininam
749 2157 981 2206 suscepisset
1007 2162 1046 2193 et
1069 2156 1127 2194 sic
1158 2155 1317 2194 obiisset
1337 2157 1421 2195 sine
1448 2171 1538 2195 ma-

105 2209 217 2247 scula
244 2209 399 2257 sobole,
427 2209 804 2248 Montisferratenses
828 2211 1008 2249 loannem
1029 2211 1227 2262 despotam
1246 2212 1478 2251 nominatim
1492 2218 1539 2251 ut

104 2264 406 2315 primogenitum
438 2265 568 2303 Irenes
609 2265 650 2303 in
679 2266 899 2317 principem
937 2267 1154 2318 petierunt,
1202 2267 1540 2320 impetratumque

105 2319 278 2360 tandem.
335 2320 434 2358 haec
461 2326 598 2359 narrat
627 2328 760 2360 noster
783 2323 853 2363 1.7
886 2335 919 2359 c.
951 2324 1024 2370 18,
1061 2322 1127 2360 ubi
1151 2328 1191 2360 et
1224 2322 1406 2362 observat
1430 2323 1540 2363 hunc

104 2373 288 2414 loannem
315 2377 433 2427 plane
460 2389 501 2414 se
528 2377 839 2415 accommodasse
864 2377 915 2414 ad
944 2390 1071 2416 mores
1102 2377 1291 2417 Italorum
1318 2385 1358 2417 et
1383 2386 1538 2430 gratum

106 2429 270 2469 subditi·
286 2431 420 2470 fuisse.
474 2445 704 2484 propagasse
718 2432 784 2470 hic
803 2432 948 2471 dicitur
968 2433 1125 2483 longam
1151 2433 1292 2472 seriem*
1308 2435 1535 2487 principum

103 2497 187 2522 non
202 2485 539 2526 schismaticorum
556 2489 695 2527 domus
714 2488 1020 2539 Palaeologicae,
1039 2489 1082 2527 in
1106 2501 1199 2528 vera
1221 2490 1464 2542 professione
1480 2491 1535 2528 fi-

105 2539 169 2578 dei
189 2541 401 2581 catholicae
420 2544 627 2582 Romanae.

215 2610 260 2648 p.
278 2601 362 2639 202
377 2611 417 2636 v.
434 2602 474 2640 7.
529 2601 778 2638 inconcessae
794 2600 1026 2650 affinitatis.
1083 2605 1167 2638 erat
1182 2599 1255 2640 ista
1275 2600 1446 2639 affinitas
1465 2614 1543 2651 qua

109 2648 159 2687 de
177 2653 354 2701 personis
371 2661 484 2691 sexto
502 2654 605 2694 inter
622 2669 664 2694 se
678 2656 801 2706 gradu
827 2654 1070 2706 cognationis
1098 2655 1264 2706 iunctis,
1294 2656 1541 2694 matrimonio

108 2705 364 2755 copulandis,
391 2709 553 2760 speciali
570 2711 619 2749 ad
637 2711 680 2748 id
698 2711 906 2749 obtinenda
925 2710 1187 2762 praelatorum
1203 2711 1387 2750 ecelesiae
1406 2711 1540 2760 venia,

107 2760 367 2813 tractabatur,
403 2769 611 2814 iit-auctor
634 2765 766 2818 capite
796 2766 991 2819 superiori
1019 2765 1245 2820 declaravit.
1308 2767 1436 2818 atqui,
1475 2768 1535 2806 uti
