1820 3112
206 155 303 201 208
613 151 852 196 GEORGII
894 150 1245 196 PACHYMERIS

204 271 272 311 καὶ
298 266 357 322 μὴ
385 264 448 308 ἐπ’
483 265 697 320 ἐκκλησίαν
725 260 943 320 συνήγετο,
992 264 1102 322 ἐφεὶς
1129 266 1198 307 καὶ
1219 268 1271 321 τῇ
1295 263 1454 325 συζόγῳ
1477 266 1668 324 δεσποίνῃ

204 337 380 391 εὐμενῶς
423 333 462 377 οἳ
501 332 602 388 ἔχειν
638 334 709 376 καὶ
733 329 996 391 θεραπεύειν,
1043 331 1100 382 ὥς
1129 332 1285 391 αἱροΐτ’
1318 332 1370 378 ἂν
1398 335 1570 389 ἐκεῖνος,
1616 336 1670 379 τὰ

203 402 350 449 εῗκότα.
1374 404 1381 411 ’
1409 454 1411 458 ¹

62 475 92 508 P
118 474 183 510 142
342 470 386 517 8.
461 469 528 513 Τὰ
556 470 630 525 μὲν
663 465 735 514 οὖν
761 474 836 525 τῆς
856 469 1069 525 ἐκκλησίας
1092 471 1158 512 καὶ
1177 470 1218 520 ἒς
1248 471 1399 527 ἐκείνην
1421 469 1495 526 τὴν
1514 469 1670 528 ἡμέραν

204 543 245 593 ἐς
264 538 359 585 τόδε
383 538 524 589 τέλους
547 537 785 594 κατηντήκει
795 572 809 593 ,
846 538 897 582 τὰ
919 540 963 581 δὲ
992 543 1067 594 τῆς
1083 536 1309 592 Ῥωμαῖδος
1328 537 1584 596 ἐξησθενῆκει
1602 539 1703 586 art-5

201 616 305 654 λεον.
377 607 656 663 πλεονέκτημα
689 608 768 664 γὰρ
807 605 904 663 ἡμῖν
936 607 1086 664 ἐγένετο
1123 607 1221 657 τούς
1250 606 1460 666 παρόντας
1494 605 1672 664 χρόνους

204 682 364 735 μισθοῦ
392 683 479 727 τοῖς
510 674 767 731 μεσιτεύουσι
795 678 862 719 καὶ
897 674 1124 732 λημμάτων
1160 676 1212 719 τὰ
1243 677 1376 720 πολλὰ
1397 675 1670 734 πράττεσθαι.

204 752 328 791 τοῦτο
348 750 514 796 πολλοῖς
534 746 608 799 μὲν
638 752 724 795 τοῖς
753 744 794 795 ἒς
815 744 943 801 ἀρχὴν
968 744 1238 800 εὖδοκίμοιςῆ
1259 746 1316 801 μὴ
1333 745 1671 801 καταδεχομένοις

204 813 477 870 καταβάλλειν
506 814 670 872 (πολλῷ
700 813 778 870 γὰρ
814 814 890 869 οὐχ
914 812 1062 869 ’ἥκιστα
1094 818 1242 866 τοῦτο,
1293 813 1379 874 ὅσῳ
1407 815 1474 858 καὶ
1513 813 1672 865 ἀξιοῦσι
1683 844 1692 851 ,ν

206 881 449 940 λαμβάνειν)
472 881 498 938 ἢ
527 882 586 938 μὴ
619 882 859 936 δυναμένοις
876 882 975 933 ἴσως
1000 879 1160 925 ε’κόλουε
1182 882 1258 933 τὰς
1290 880 1432 937 τιμάς,
1469 881 1608 933 ἄλλοις
1626 882 1672 926 δὲ
1683 895 1728 931 10

205 953 440 1010 παρρησίαν
479 951 614 994 ἐδίδου
647 953 853 1004 διδοῦσιν,
893 949 949 1001 ὡς
977 950 1077 1002 ἕξειν
1107 952 1324 1004 ἐλπίζουσι.
1394 949 1584 1009 δεύτερον
1607 950 1673 994 ἐπὶ

208 1021 371 1071 τούτοις
403 1021 469 1063 καὶ
498 1020 545 1063 τὸ
576 1021 748 1070 ἐλλιπῶς
774 1019 850 1070 τὰς
886 1019 1215 1075 ἀποτεταγμένας
1246 1020 1527 1064 ἀποδίδοσθαι
1550 1017 1674 1078 ρόγας

158 1104 188 1136 Β
212 1098 296 1141 τοῖς
327 1091 368 1132 ἓν
395 1095 485 1139 ταῖς
514 1088 682 1145 ἄκραις,
728 1085 937 1145 ἡγεμόνων
963 1089 1011 1132 τὸ
1047 1088 1168 1131 πλεόν
1195 1088 1415 1145 κακότητι,
1462 1086 1673 1134 θελόντων

205 1166 292 1210 τοῖς
313 1159 502 1202 ἐντεῦθεν
530 1155 795 1214 ὖπερημὲρως
818 1155 952 1215 πάντῃ
978 1157 1202 1211 διδομένοις
1232 1155 1580 1215 στραγγεῦεσθαι,
1617 1155 1672 1207 ὧς

206 1228 463 1286 κερδαίνοιεν.
533 1230 667 1269 ταῦτα
698 1226 748 1281 δὴ
783 1227 847 1269 ἐπὶ
883 1225 1012 1269 ταύτὸ
1048 1226 1321 1280 συναχθέντα.
1399 1226 1447 1269 τὸ
1484 1226 1566 1283 γὰρ
1595 1228 1671 1269 τοῦ
1683 1228 1727 1266 15

206 1294 496 1352 βασιλεύοντος
527 1294 729 1345 εὐσταθὲς
762 1296 829 1338 καὶ
847 1294 896 1337 τὸ
916 1295 1020 1352 πρὸς
1037 1295 1185 1351 κρίσεις
1204 1312 1247 1338 τε
1273 1296 1342 1337 καὶ
1359 1291 1544 1345 κολάσεις
1563 1310 1671 1349 συμ-

203 1361 438 1421 παθητικόν
465 1381 508 1407 τε
542 1365 610 1406 καὶ
639 1362 792 1420 ἥμερον
810 1363 914 1419 μέγα
946 1381 986 1406 τι
1007 1363 1054 1406 τὸ
1085 1363 1208 1406 κακὸν
1227 1365 1294 1406 καὶ
1316 1363 1390 1406 οὐκ
1408 1363 1546 1406 οῗστόν
1568 1361 1672 1413 ὅλως

204 1441 290 1485 τοῖς
307 1436 517 1477 παθοῦσιν
535 1429 752 1490 εῗργάζετο.
810 1432 911 1482 τέως
932 1433 956 1475 δ
963 1431 975 1448 ’
999 1430 1053 1482 ὥς
1073 1429 1171 1486 εἶχεν
1193 1430 1217 1487 ἦ
1241 1435 1313 1475 τοῦ
1331 1431 1531 1486 βασιλέως
1548 1428 1670 1489 ὁρμή,

205 1621 288 1645 usus
321 1613 397 1652 est,
426 1610 494 1644 etsi
524 1621 592 1644 non
626 1612 679 1644 est
714 1610 746 1645 is
777 1611 941 1645 ecclesiae
964 1611 1160 1653 adiunctus,
1194 1610 1394 1656 permittens
1415 1609 1570 1645 dominae
1590 1620 1675 1645 suae

206 1656 341 1701 coniugi
363 1659 402 1689 ut
423 1657 561 1690 faveret
582 1655 632 1690 illi
654 1656 854 1703 prolixeque
876 1656 1130 1702 gratificaretur
1153 1656 1187 1692 in
1209 1656 1252 1691 iis
1275 1667 1365 1702 quae
1385 1656 1510 1692 rationi
1531 1667 1674 1691 eonsen-

206 1706 309 1738 tanea
331 1702 437 1736 vellet
458 1708 518 1736 aut
538 1703 707 1747 posceret.

301 1749 334 1783 8.
378 1747 414 1781 Is
439 1750 550 1782 status
582 1748 626 1782 ad
649 1748 736 1782 hanc
767 1747 856 1782 diem
879 1747 1187 1783 ecclesiasticarum
1209 1759 1321 1783 rerum
1342 1747 1429 1790 suit,
1459 1747 1675 1794 politicarum

209 1796 323 1828 autem
345 1793 446 1838 longe
467 1793 656 1838 pessimus,
685 1794 874 1839 Republica
896 1795 1081 1829 Romaniae
1100 1801 1285 1829 extremam
1311 1794 1380 1829 iam
1408 1793 1443 1828 in
1466 1793 1676 1837 debilitatem

209 1840 365 1875 redacta.
413 1850 516 1874 causa
546 1839 611 1874 suit
641 1839 766 1874 abusus
798 1851 841 1874 ex
864 1840 978 1883 facili,
1011 1840 1154 1885 pellacia
1177 1840 1265 1874 lucri
1286 1840 1453 1885 utrimque
1473 1839 1677 1884 praesentis,
1733 1879 1739 1887 .

210 1886 400 1921 inolescens
422 1897 484 1930 per
506 1885 591 1920 haec
613 1888 786 1931 tempora,
818 1886 975 1920 mercede
998 1897 1039 1920 ac
1071 1886 1168 1921 donis
1202 1885 1335 1920 emendi
1364 1885 1501 1931 quidvis
1533 1883 1678 1931 quisque

211 1932 317 1966 vellet
347 1943 368 1966 e
398 1930 552 1977 principe
584 1942 606 1966 a
634 1931 806 1977 primariis
837 1931 909 1966 eius
937 1933 972 1967 in
1005 1932 1166 1976 regimine
1196 1931 1373 1966 ministris.
1419 1931 1464 1966 ob
1496 1930 1562 1969 hoc
1583 1930 1680 1966 multi

211 1977 360 2023 alioquin
386 1977 458 2022 apti
480 1976 733 2022 magistratibus
755 1978 915 2022 gerendis
935 1989 957 2013 a
980 1979 1154 2023 republica
1175 1979 1400 2019 arcebantur,
1423 1977 1514 2023 quod
1537 1988 1605 2016 non
1623 1976 1679 2011 in-

212 2024 377 2057 ducerent.
398 2023 435 2057 in
458 2022 602 2057 animum
625 2027 792 2070 sumptum
814 2025 940 2066 facere,
965 2024 1067 2069 vulgo
1089 2023 1219 2058 scilicet
1243 2023 1432 2059 hominibus
1453 2028 1577 2058 natura
1598 2033 1680 2068 pro-

215 2069 366 2103 nioribus
388 2069 431 2103 ad
455 2069 683 2114 accipiendum
706 2081 807 2115 quam
839 2070 883 2104 ad
904 2070 1061 2105 dandum.
1107 2069 1187 2104 vice
1218 2081 1319 2115 porro
1343 2070 1527 2115 proborum
1549 2079 1678 2114 gnavu—

211 2126 354 2159 rumque
377 2114 428 2148 sic
448 2115 657 2149 exclusorum
680 2115 908 2151 functionibus
930 2116 1074 2162 publicis
1106 2127 1169 2162 per
1200 2116 1288 2151 tales
1309 2115 1487 2150 utilissime
1508 2112 1677 2160 gerendis,

213 2160 450 2195 subintrabant
486 2173 526 2195 eo
560 2173 628 2195 non
651 2164 721 2196 tam
742 2161 900 2197 industrii
932 2167 1067 2197 actores
1098 2173 1198 2207 quam
1220 2161 1317 2197 avari
1339 2165 1546 2196 mercatores
1554 2184 1575 2202 ‚.
1596 2170 1678 2205 pro-

211 2206 332 2250 fligata
362 2206 399 2239 in
430 2205 466 2239 id
499 2212 703 2252 quaestuose
733 2208 865 2243 modica
895 2209 1040 2254 pecunia
1069 2207 1241 2243 licentiam
1271 2206 1339 2242 sibi
1358 2210 1521 2252 parantes
1542 2205 1678 2250 impune

215 2251 417 2286 corradendi
441 2263 507 2296 quo
540 2254 695 2288 damnum
728 2254 825 2299 large
848 2259 1115 2300 compensarent.
1161 2254 1248 2289 alter
1269 2254 1346 2288 fons
1368 2249 1595 2287 enervationis
1615 2250 1679 2285 im·

212 2296 303 2342 perii
324 2297 389 2331 fuit
411 2297 613 2342 parsimonia
642 2299 742 2344 plene
772 2300 1006 2336 solvendarum
1029 2312 1073 2335 ex
1094 2300 1164 2335 fide
1184 2298 1401 2346 pensionum,
1437 2308 1527 2342 quae
1547 2296 1680 2342 praesi-

215 2342 333 2377 diariis
355 2344 483 2377 arcium
505 2343 540 2377 in
561 2345 665 2379 limite
687 2346 828 2380 sitarum
852 2347 930 2381 olim
951 2351 1104 2381 statutae
1125 2347 1262 2380 fuerant
1283 2344 1319 2378 in
1340 2342 1531 2377 mercedem
1552 2353 1680 2388 operae

213 2388 367 2423 militaris
390 2388 474 2423 adeo
509 2389 578 2424 illic
601 2391 644 2425 ad
669 2403 871 2426 communem
905 2393 1045 2428 tutelam
1068 2390 1292 2426 necessariae.
1338 2389 1403 2423 hae
1425 2388 1681 2433 malignenune

214 2434 514 2480 suppeditabantur
539 2436 682 2471 avaritia
703 2438 952 2483 praefectorum
975 2437 1161 2482 erogationi
1186 2434 1352 2481 pecuniae
1383 2433 1560 2480 publicae,
1594 2445 1681 2479 quo-

214 2491 289 2514 rum
313 2481 546 2525 apponebatur
569 2482 672 2516 lucris
699 2482 788 2527 quod
821 2494 884 2527 per
907 2487 1039 2518 astutas
1066 2481 1321 2516 frustrationum
1342 2485 1436 2514 artes
1459 2479 1681 2515 diffundenda

215 2527 450 2571 praetextibus
481 2527 587 2561 vafris
619 2528 793 2563 solutionis
825 2528 881 2562 die
911 2528 1042 2563 miseris
1069 2527 1227 2562 militibus
1249 2526 1512 2561 subtrahebatur
1533 2525 1680 2571 pretium

217 2571 376 2606 sudorum
398 2583 439 2606 ac
460 2573 642 2616 sanguinis.
690 2574 744 2608 his
766 2574 896 2608 duobus
917 2574 1024 2614 malis,
1047 2585 1089 2608 ne
1110 2573 1145 2607 in
1168 2583 1268 2606 unum
1292 2570 1449 2606 coeuntia
1471 2571 1682 2609 exundarent

218 2617 254 2651 in
277 2617 459 2663 perniciem
481 2618 657 2662 publicam,
679 2631 779 2654 unum
803 2631 878 2655 esse
901 2623 1059 2666 potuerat
1081 2618 1205 2653 efficax
1225 2617 1409 2666 remedium
1430 2617 1474 2651 ab
1496 2617 1681 2662 imperato-

219 2663 269 2698 ris
292 2663 494 2698 auctoritate
516 2675 653 2705 summa,
677 2665 704 2700 si
727 2666 758 2700 is
781 2665 895 2700 delato
917 2664 1183 2711 corruptelarum
1206 2675 1291 2709 quas
1312 2662 1567 2698 memoravimus
1589 2661 1682 2697 indi-

221 2708 276 2743 cio
299 2709 344 2744 ad
366 2721 426 2745 eas
449 2710 652 2744 coercendas
675 2711 798 2745 adduci
821 2711 997 2758 potuisset.
1043 2709 1103 2745 sed
1128 2721 1172 2744 ne
1195 2710 1258 2744 hoc
1280 2709 1492 2753 contingeret
1512 2712 1574 2747 ant
1598 2719 1682 2754 spe-

221 2758 379 2798 raretur,
409 2755 571 2790 obstabat
603 2756 818 2792 immobilitas
847 2757 920 2792 eius
949 2768 970 2792 a
991 2759 1110 2791 tenore
1143 2755 1303 2791 dimoveri
1324 2753 1586 2800 allegationibus
1603 2753 1682 2789 unis

223 2800 360 2846 nescia,
391 2801 534 2848 huicque
555 2801 713 2837 adiuncta
735 2803 896 2848 segnities
918 2801 1128 2848 castigandi,
1161 2801 1283 2847 noxiae
1301 2800 1451 2838 lenitatis
1473 2799 1682 2846 indulgentia
