1858 3126
489 163 594 207 LIB.
619 162 698 208 111.·
748 162 1235 213 CHRONOLOGICUS.
1497 163 1595 212 863

162 268 240 331 22⁸3}
279 269 443 331 rffss'ssssssi
466 268 630 330 'mfflngffi
676 274 784 312 cessit
816 272 889 312 sub
911 272 1029 312 finem
1046 272 1249 323 Octobris,
1277 277 1319 311 et
1339 272 1418 312 auis
1438 275 1596 326 quidem

301 337 426 375 ani-:nm=
593 369 601 377 ‚
675 327 863 368 militibus
899 335 1074 368 trecenta
1114 340 1365 368 nummorum
1405 327 1523 369 millia
1554 332 1597 370 in

278 370 443 432 manuus-cnm
469 369 631 397 Andronici
676 386 960 438 stipendiorum
994 386 1218 424 debitorum
1249 386 1481 424 solutionem
1522 401 1597 439 po·-

144 443 251 483 1306
359 444 388 482 2
521 439 576 482 24
676 442 823 494 poscit,
851 443 1016 480 Tentzae
1047 443 1189 480 deinde
1217 442 1447 493 suffragatus
1467 442 1600 483 hono*

478 492 623 572 Μῑὶιξω·
675 499 756 538 rari
777 505 866 536 eum
885 499 1011 550 petiit.
1066 499 1283 551 imperator
1311 505 1446 537 tantae
1475 512 1599 551 pecu-

676 556 766 594 niae
778 550 1016 606 ssagitatione
1038 556 1241 607 perculsus
1262 555 1391 607 primo
1418 557 1598 594 assentiri

677 618 812 663 negat,
843 615 976 662 postea
999 618 1130 650 tamen
1144 612 1288 650 iterum
1310 612 1470 650 adeunti
1484 613 1597 650 illum

675 669 886 707 Rontzerio
913 682 960 706 ac
988 669 1271 719 stipendiorum
1301 668 1529 720 petitionem
1558 670 1599 707 in

674 738 867 763 summam
874 725 1176 763 moderatiorem
1187 725 1436 763 contrahenti
1446 732 1601 764 utrum-

676 788 750 832 que
765 781 953 832 indulget.
1012 781 1039 822 l.
1058 785 1084 823 6
1107 795 1128 818 a
1150 794 1183 820 c.
1205 781 1232 823 4
1254 781 1305 819 ad
1327 784 1366 823 8.

733 847 909 886 Andreas
954 848 1083 899 pirata
1116 849 1340 900 imperatori
1390 851 1598 890 militarem

676 918 833 956 operam
856 918 944 942 cum
965 904 1117 943 duabus
1137 906 1295 943 armatis
1316 905 1481 944 navibus
1503 905 1598 946 offe-

674 975 765 999 rens
788 961 1024 1000 admittitur.
1080 961 1150 999 sed
1167 961 1216 998 ab
1245 962 1400 999 infensis
1420 964 1598 1002 Andreae

675 1017 834 1056 Venetis
870 1017 990 1054 altera
1031 1018 1112 1055 eius
1147 1017 1306 1056 navium
1339 1020 1596 1070 comburitur,

675 1074 759 1126 ipso
777 1087 866 1112 cum
884 1073 1004 1111 altera
1023 1074 1206 1125 fugiente⁴
1263 1074 1289 1114 l.
1310 1077 1335 1115 6
1355 1088 1390 1116 e.
1412 1079 1474 1116 10.

732 1140 988 1192 Mpyrigerius
1014 1141 1161 1178 Tentza
1190 1141 1291 1178 circa
1318 1142 1490 1180 medium
1518 1145 1596 1182 De-

676 1198 868 1235 cembrem
885 1198 1262 1247 Constantinopolim
1284 1199 1410 1236 accitu
1427 1199 1597 1251 impera-

675 1254 772 1291 toris
794 1254 974 1304 appellit,
1005 1266 1284 1292 exscensurum
1306 1268 1346 1291 se
1370 1268 1390 1291 e
1416 1257 1507 1294 navi
1525 1270 1598 1294 ne-

675 1323 781 1361 gans,
800 1309 873 1347 nisi
896 1309 1048 1347 obsides
1068 1309 1270 1348 darentur.
1328 1311 1486 1349 tandem
1505 1326 1599 1364 per-

677 1379 812 1404 suasus
846 1365 897 1403 ad
925 1367 1067 1403 festum
1093 1365 1239 1404 Christi
1270 1368 1410 1404 natalis
1435 1381 1598 1407 exscen-

678 1422 770 1460 dere
790 1425 948 1460 creatur
969 1421 1054 1459 dux
1073 1433 1247 1473 magnus,
1277 1430 1321 1460 er.
1335 1423 1454 1461 fidem
1472 1425 1599 1476 impe-

676 1478 822 1528 ratori,
853 1477 921 1516 sed
947 1489 1036 1516 cum
1065 1479 1312 1531 exceptione,
1340 1480 1461 1522 iurat.
1516 1482 1545 1519 1.
1573 1484 1600 1523 6

676 1548 710 1574 c.
735 1538 783 1576 11
811 1540 851 1572 et
872 1537 936 1575 12.

731 1594 942 1640 Adhibitus
957 1601 1051 1640 inde
1069 1600 1121 1639 ad
1140 1602 1343 1640 consilium
1363 1617 1480 1654 super
1497 1605 1600 1655 peti-

677 1658 848 1696 tionibus
865 1658 1140 1696 Catelanorum
1155 1687 1165 1706 ,
1194 1658 1260 1696 ubi
1279 1659 1433 1697 audivit
1456 1661 1503 1697 ab
1522 1662 1599 1699 im-

675 1721 857 1766 peratore
881 1721 1073 1765 quantum
1095 1715 1175 1765 ipse
1195 1714 1272 1751 iam
1293 1715 1459 1752 dedisset
1478 1717 1597 1755 cate-

676 1771 774 1809 lanis
797 1777 836 1809 et
865 1776 1059 1821 quantum
1081 1770 1210 1808 adhuc
1234 1770 1327 1808 dare
1347 1777 1507 1820 paratus
1534 1786 1598 1810 es-

676 1833 746 1874 set,
776 1827 886 1878 queri
905 1827 1031 1877 coepit
1048 1834 1166 1863 ‘avare
1184 1839 1314 1863 secum
1333 1827 1403 1876 agi,
1433 1828 1497 1864 cui
1515 1834 1599 1866 tam

675 1895 799 1933 pauca
819 1889 1062 1919 caeterorum
1084 1882 1374 1931 comparatione
1400 1882 1597 1921 donaren-

676 1943 758 1975 tur.
813 1937 982 1987 indeque
1012 1936 1264 1974 desectionem
1289 1937 1337 1973 ab
1362 1938 1595 1990 imperatore

677 1992 877 2044 cogitavit.
933 1992 960 2029 l.
979 1995 1005 2034 6
1029 2004 1062 2032 c.
1091 1994 1138 2032 14
1161 1997 1199 2028 et
1220 1992 1283 2034 15.

1168 2076 1171 2077 γ
1247 2074 1255 2077 ,

731 2124 988 2175 Mpyrigerius
1005 2124 1195 2162 invitatus
1217 2125 1265 2162 ab
1290 2126 1526 2175 imperatore
1546 2129 1597 2166 ad
1619 2126 1649 2161 1¹
1672 2129 1737 2164 62ss

475 2211 607 2240 michael
677 2180 982 2231 comparendum
1001 2192 1129 2217 secum
1154 2181 1270 2218 simul
1298 2182 1339 2218 in
1358 2183 1455 2219 festo
1476 2183 1596 2221 lumi-

525 2249 575 2290 14
611 2233 618 2240 ⁶
677 2245 793 2284 num,
822 2235 899 2274 hoc
930 2241 988 2272 est
1019 2235 1278 2286 Epiphaniae,
1309 2237 1539 2276 celebrando
1570 2243 1596 2281 6

678 2292 866 2338 Ianuarii,
909 2298 1095 2342 proterve
1124 2297 1279 2329 recusat
1312 2293 1388 2344 ire,
1429 2294 1595 2333 irridens

453 2308 460 2393 l
679 2348 795 2386 etiam
820 2348 1074 2397 contemptim
1097 2360 1275 2385 concessa
1301 2349 1371 2386 sibi
1395 2349 1441 2387 ab
1464 2350 1598 2402 Augu-

679 2409 739 2441 sto
765 2403 929 2453 insignia
957 2402 1173 2454 honorum3
1203 2417 1248 2441 ac
1273 2407 1389 2442 tertio
1414 2413 1503 2456 post
1533 2408 1595 2443 die

678 2460 764 2498 vela
784 2460 874 2497 fecit
895 2459 1135 2510 Calliopolim
1162 2460 1213 2497 ad
1231 2461 1502 2500 Catelanorum
1528 2476 1595 2498 ca·—

678 2522 779 2564 stra,
807 2515 1020 2553 insalutato
1045 2516 1240 2565 Augusto,
1282 2519 1350 2566 qui
1387 2530 1476 2554 eum
1502 2518 1596 2554 salis

678 2577 919 2623 compertum
938 2582 1076 2622 parare
1097 2571 1350 2609 defectionem
1368 2573 1502 2610 invadi
1523 2573 1593 2610 de—

680 2628 870 2677 tinerique
891 2641 912 2665 a
933 2628 1010 2665 suis
1028 2627 1164 2664 vetuit.
1220 2628 1244 2667 l.
1271 2632 1296 2670 6
1319 2642 1352 2667 c.
1380 2628 1441 2669 15.

733 2685 948 2734 Imperator
974 2682 1111 2721 videns
1131 2683 1331 2720 Catelanos
1361 2683 1474 2733 plane
1505 2689 1593 2721 c'er-

676 2745 739 2777 tos
765 2740 854 2778 belli
885 2740 1007 2790 palam
1036 2739 1219 2775 Romanis
1246 2739 1456 2786 inferendi,
1486 2740 1591 2788 quod

677 2794 944 2838 Genuensibus
970 2794 1121 2834 dudum
1145 2800 1183 2832 et
1201 2794 1397 2833 recentius
1414 2794 1591 2833 michae-li

146 2132 252 2171 1307
361 2129 386 2167 3
