1820 3112
218 163 283 211 48
642 161 878 208 GEORGH
910 161 1264 206 PACHYMERIS
1312 155 1313 158 ¹

221 277 310 335 ἅμα
335 283 436 336 γοῦν
461 278 514 322 τὰ
535 281 618 322 τῶν
639 275 836 335 ἑσπερίων
856 275 998 331 ὕμνων
1016 274 1096 319 ὕπὸ
1118 271 1256 335 σκότῳ
1275 273 1508 326 τελέσαντες
1518 307 1533 330 ‚
1562 292 1690 333 παρι-

223 347 364 398 δόντες
387 347 462 404 τὴν
489 348 766 402 λειτουργίαν,
805 345 881 390 οὔκ
900 345 994 389 οἶδα
1014 345 1083 388 διὰ
1101 345 1174 388 τὸν
1191 343 1335 401 καιρὸν
1351 343 1412 400 μὴ
1430 345 1690 401 ἔκχωροῦντα

102 421 132 454 Ρ
154 421 199 456 28
221 416 247 473 ἢ
266 420 425 472 μᾶλλον
443 415 511 458 διὰ
530 415 577 458 τὸ
595 416 653 471 μὴ
673 418 858 459 δικαιοῦν
880 414 938 458 ἔτι
959 412 1210 470 ἇγιασθῆναι
1226 411 1326 463 τοὺς
1345 413 1691 469 συγχωρηθέντος

221 489 281 543 τῷ
309 486 402 544 ἱερῷ
433 482 661 539 κλάσματι,
700 482 755 534 ὥς
784 482 811 539 ἡ
839 481 1037 539 ὖστεραία
1057 482 1227 535 ἔδειξεν,
1262 480 1332 525 ἐπ’
1358 480 1473 525 οἴκου
1493 478 1690 525 ἀπελύετο

222 554 406 603 ἕκαστος.
478 551 533 603 ὥς
562 553 607 595 δὲ
637 557 711 607 τῆς
738 553 848 610 ἱερᾶς
878 553 945 594 καὶ
971 549 1152 608 μεγάλης
1169 550 1356 606 πέμπτης
1373 550 1544 593 ἐτελεῖτο
1563 547 1589 605 ἦ
1610 553 1727 595 aea-5

219 623 390 679 τουργιά
415 623 480 663 καὶ
512 621 628 664 αὐτοὶ
657 625 956 677 συμπαρῆσαν,
994 621 1135 663 ἐκεῖνοι
1156 621 1350 670 θέλοντες
1366 619 1485 676 σφίσι
1504 621 1693 674 παραλο-

218 692 420 747 γίσασθαι
439 690 511 732 τὸν
533 688 754 745 ἁγιασμόν,
793 689 1030 744 πέμψαντες
1056 688 1268 745 κρυφηδὸν
1288 689 1332 738 ἐξ
1354 687 1506 745 ἀγορᾶς
1527 684 1695 741 λαμβά-

222 775 363 802 νουσιν
391 758 538 812 ἄρτον,
578 760 645 800 καὶ
672 757 894 808 κλάσαντες
919 760 975 807 εἷς
1004 757 1130 800 λεπτὰ
1155 757 1285 813 μηδὲν
1307 754 1433 799 εἰδόσι
1453 757 1694 811 μετεδίδουν

223 826 279 878 ὥς
299 828 408 882 ἱεροῦ
432 826 560 882 ἄρτου
583 825 832 880 κλασμάτων
843 859 856 879 ,
895 825 917 869 ὃ
941 827 991 882 δὴ
1012 827 1079 868 καὶ
1097 826 1284 882 γνωσθὲν
1301 823 1474 880 ὕστερον
1491 823 1568 867 οὐκ
1587 822 1693 878 εἶχον

170 906 202 940 Β
225 894 247 938 ὅ
267 913 305 939 τι
328 897 370 946 ἐξ
387 894 610 950 ὑπερτέρας
633 895 751 944 ἀνίας
772 897 838 937 καὶ
860 894 1050 951 γένοιντο.
1106 893 1219 948 ὅμως
1246 894 1292 937 δὲ
1324 892 1429 949 πρὸς
1444 893 1499 936 τὰ
1520 893 1696 941 ἐσαῦθις
1706 898 1752 934 10

225 963 462 1016 ἐλπιζόμενα
491 964 628 1006 οἰστὸν
656 964 814 1006 κάκεῖνο
850 962 976 1006 ἐδόκει
987 996 1000 1016 ,
1038 963 1105 1006 καὶ
1137 962 1331 1019 φέροντες
1361 961 1414 1005 τὰ
1443 965 1528 1005 τῶν
1559 965 1697 1004 κακῶν

226 1031 488 1089 προσεδόκων
513 1035 663 1086 μείζω,
700 1032 748 1075 οὗ
780 1029 904 1075 τόσον
928 1039 1015 1081 τοῖς
1043 1036 1221 1087 παροῦσι
1244 1031 1314 1074 διὰ
1337 1029 1413 1086 τὴν
1430 1037 1575 1085 πεῖραν
1598 1028 1696 1073 ὅσον

226 1109 312 1151 τοῖς
340 1101 694 1157 προσδοκωμένοις
712 1100 779 1143 διὰ
797 1100 872 1155 τὴν
890 1101 1034 1142 ἐλπίδα
1055 1098 1326 1154 ε’ξανιώμενοι.
1396 1098 1446 1142 τὸ
1463 1098 1543 1155 γὰρ
1563 1097 1698 1154 παρὸν

229 1169 413 1226 λυπηρόν
425 1202 438 1222 ,
469 1169 636 1212 ἐπιστὰν
659 1166 898 1224 ἀνθρώποις
916 1167 1039 1225 φύσιν
1056 1168 1193 1223 ἔχουσι
1210 1169 1345 1225 φέρειν
1362 1168 1429 1209 καὶ
1448 1167 1500 1210 τὰ
1523 1163 1697 1209 ἀνύποι-

232 1256 338 1292 στα,
377 1243 496 1281 λυπεῖ
525 1239 599 1292 μέν
629 1236 684 1288 ὡς
711 1237 817 1287 εἰκὸς
843 1238 910 1279 καὶ
937 1237 1030 1296 ἀνιᾷ
1058 1236 1130 1280 τὸν
1152 1235 1430 1292 πειρασθέντα
1447 1239 1531 1279 τῶν
1549 1237 1697 1290 δυσχε-
1709 1245 1752 1282 15

231 1312 315 1363 ρῶν
325 1340 338 1359 ,
375 1311 426 1364 τῇ
453 1307 497 1348 δὲ
526 1306 639 1362 παρὰ
669 1311 752 1349 τῶν
781 1309 944 1348 πολλῶν
977 1306 1226 1365 παραμυθίᾳ
1252 1303 1472 1348 ἐκλύεσθαι
1497 1303 1699 1360 πέφυκεν·

231 1374 487 1432 ἐλπιζόμενον
514 1377 558 1419 δὲ
580 1373 857 1419 δυσδιάθετον
876 1374 954 1430 τὴν
974 1375 1176 1432 φροντίδα
1195 1377 1254 1436 τῷ
1275 1371 1502 1434 πεισομένῳ
1518 1371 1698 1431 παρέχει.

322 1533 378 1567 10.
404 1527 537 1571 α’νοίας
558 1530 601 1565 Ρ.

225 1667 428 1703 admissione
451 1668 487 1702 in
511 1677 657 1712 synaxes
679 1665 925 1701 iudicarentur.
974 1665 1052 1702 dum
1074 1664 1161 1701 haec
1182 1666 1331 1709 fierent,
1362 1665 1477 1712 hymni
1509 1663 1698 1712 vespertini

225 1715 515 1757 decantabantur,
541 1715 665 1759 quibus
688 1713 873 1756 absolutis,
896 1713 1071 1748 nocturnis
1092 1713 1160 1748 iam
1183 1712 1357 1754 tenebris,
1388 1712 1529 1747 dimissa
1551 1711 1700 1746 ecelesia

225 1764 300 1802 est,
333 1771 435 1794 sacra
465 1760 624 1804 liturgia,
658 1770 748 1805 quae
779 1759 877 1794 iuxta
906 1762 1082 1804 receptum
1113 1758 1218 1793 ritum
1248 1770 1292 1793 ea
1323 1758 1379 1792 die
1409 1757 1487 1792 fieri
1517 1757 1699 1800 debuerat,

224 1806 438 1853 praeterita,
473 1806 565 1840 haud
588 1805 659 1840 scio
683 1816 728 1839 an
751 1805 841 1850 quod
864 1805 936 1840 eius
958 1805 1065 1847 hora,
1096 1807 1135 1839 ut
1157 1803 1248 1848 dixi,
1281 1808 1375 1839 esset
1395 1804 1534 1849 elapsa,
1564 1814 1609 1838 an
1633 1813 1699 1849 po·-

224 1853 317 1895 tius,
350 1853 440 1897 qnod
465 1852 521 1898 qui
543 1852 642 1886 modo
665 1851 701 1885 in
724 1851 885 1897 templum
906 1851 1079 1886 introduci
1101 1852 1304 1896 coeperant,
1339 1850 1486 1885 nondum
1507 1849 1593 1884 satis
1615 1859 1698 1895 pur·-

226 1898 302 1942 gati
326 1898 472 1944 antiquis
496 1898 640 1943 piaculis
662 1897 882 1940 viderentur,
904 1900 946 1932 ut
967 1908 1066 1932 sacro
1087 1898 1106 1931 f
1169 1901 1280 1931 mento
1294 1896 1574 1942 impertirentur;
1596 1905 1699 1941 quam

228 1944 379 1978 ultimam
403 1943 628 1989 suspicionem
649 1943 817 1978 veriorem
848 1943 994 1978 adstruit
1017 1942 1055 1977 id
1077 1952 1145 1990 qno
1191 1942 1357 1989 postridie
1379 1944 1496 1977 actum
1518 1943 1584 1976 est.
1630 1940 1701 1986 igi-

229 1994 287 2023 tur
310 1993 391 2023 tunc
414 1990 550 2035 quidem
575 2000 691 2024 omnes
712 1989 748 2023 in
770 1990 859 2023 hunc
880 1989 1015 2024 modum
1038 1989 1084 2024 ad
1105 1999 1169 2023 sua
1190 1988 1336 2035 quisque
1357 1992 1584 2023 recesserunt.
1624 1997 1702 2023 cum

227 2046 311 2069 vero
335 2035 412 2069 luce
434 2040 574 2080 postera
595 2036 745 2070 solemne
767 2046 902 2070 sacrum
922 2033 1034 2070 feriae
1059 2035 1200 2080 quintae
1229 2033 1462 2070 hebdomadae
1482 2031 1620 2068 maioris
1641 2044 1702 2067 ee-

228 2080 440 2123 lebraretur,
465 2081 704 2126 praesentibus
725 2081 792 2116 iam
815 2080 959 2122 cunctis,
983 2080 1111 2126 quippe
1133 2080 1208 2115 sine
1229 2079 1424 2114 discrimine
1445 2079 1603 2115 admissis
1622 2079 1700 2114 uni-

230 2125 339 2159 versis
353 2151 363 2168 ,
399 2126 459 2171 qui
481 2127 533 2161 rei
557 2131 761 2172 praeerant,
791 2127 956 2161 frustrari
979 2125 1210 2160 communione
1230 2126 1468 2161 reconciliatos
1489 2125 1603 2172 pridie
1623 2124 1700 2160 sine

232 2170 385 2216 ipsorum
407 2182 520 2215 sensu,
545 2173 635 2217 quod
657 2173 707 2207 ita
729 2173 974 2215 decreverant,
996 2172 1195 2215 studentes,
1217 2183 1340 2218 panem
1363 2183 1383 2206 e
1405 2173 1482 2206 foro
1505 2171 1591 2205 clam
1613 2170 1701 2205 alla-

232 2221 304 2250 tum
334 2221 371 2250 et
393 2221 521 2251 sectum
545 2218 579 2251 in
601 2218 748 2252 frustula
768 2219 812 2253 iis
833 2218 960 2263 ignaris
981 2222 1154 2263 tamquam
1175 2218 1266 2252 sacri
1289 2217 1389 2264 panis
1410 2216 1600 2264 particulas
1621 2215 1700 2251 dis-

232 2261 437 2297 tribuerunt.
485 2263 575 2308 quod
605 2274 681 2297 cum
710 2264 762 2298 illi
794 2264 918 2299 deinde
956 2264 1198 2307 rescivissent,
1237 2263 1382 2298 immane
1412 2266 1576 2309 quantum
1610 2261 1702 2296 iudi-

231 2308 328 2352 gnati
362 2308 565 2354 efferatique
595 2312 684 2343 sunt.
731 2321 849 2344 verum
881 2311 934 2344 ita
962 2309 999 2344 in
1031 2310 1164 2344 ruinam
1192 2320 1250 2343 res
1276 2308 1426 2354 ipsorum
1446 2307 1703 2349 incumbebant,

233 2357 273 2387 ut
295 2354 532 2399 reputantibus
554 2354 635 2399 quid
657 2354 887 2389 verisimiliter
908 2355 944 2389 in
967 2359 1141 2401 posterum
1162 2354 1341 2395 timerent,
1363 2352 1558 2388 tolerabilia
1580 2352 1701 2388 existi-

232 2398 319 2433 mari
342 2399 537 2444 praesentia
558 2403 741 2445 utcumque
763 2401 981 2435 acerbissima
1003 2412 1068 2446 par
1090 2404 1196 2435 esset.
1240 2400 1400 2433 ferebant
1429 2398 1535 2443 igitur
1564 2402 1604 2432 ut
1634 2409 1701 2444 po-

234 2449 372 2488 terant,
398 2448 435 2479 et
456 2446 626 2479 durabant
647 2457 685 2479 se
708 2445 751 2479 ad
774 2446 972 2490 patientiam
994 2445 1210 2490 graviorum,
1241 2445 1355 2478 acrius
1375 2443 1558 2490 inquietati
1579 2444 1700 2479 formi-

232 2490 311 2525 dine
332 2491 593 2536 impendentium
615 2491 897 2525 incommodorum
920 2503 1020 2536 quum
1042 2502 1143 2525 sensu
1163 2491 1230 2524 iam
1253 2490 1482 2535 appulsorum.
1529 2501 1607 2524 nam
1625 2501 1700 2524 ma-

230 2536 299 2571 lum
331 2537 505 2580 praesenti
538 2537 575 2571 vi
606 2548 759 2582 pungens
780 2537 928 2570 homines
951 2539 1072 2570 natura
1099 2535 1270 2581 expositos
1291 2536 1441 2569 incursui
1463 2535 1564 2580 longe
1587 2535 1698 2579 magis

230 2582 398 2617 atrocium
421 2582 582 2616 malorum
606 2582 788 2616 contristat
810 2582 945 2628 quidem
967 2586 1003 2616 et
1025 2582 1158 2616 cruciat
1178 2593 1241 2626 pro
1265 2580 1455 2616 conditione
1476 2581 1698 2616 mortalitatis

232 2628 266 2662 ei
289 2628 477 2662 subiectum
500 2631 622 2673 caput,
657 2639 723 2662 non
746 2631 858 2662 tamen
880 2628 953 2662 sine
973 2628 1162 2662 levamento
1185 2626 1426 2661 consolationis
1447 2626 1519 2662 eius
1542 2638 1631 2672 quae
1652 2638 1697 2662 ex

233 2674 405 2708 consortio
437 2673 615 2708 multorum
647 2674 746 2719 paria
775 2673 991 2708 tolerantium
1023 2672 1141 2707 offerri
1169 2672 1303 2707 miseris
1326 2672 1432 2707 solet:
1465 2683 1555 2718 quae
1582 2676 1698 2708 autem

232 2719 406 2754 imminere
427 2719 461 2753 in
486 2724 658 2765 posterum
682 2719 857 2754 calamitas
878 2719 1039 2760 creditur,
1065 2717 1192 2753 acriori
1212 2719 1287 2752 fere
1310 2729 1393 2753 cura
1416 2721 1452 2752 et
1473 2717 1594 2753 nullius
1609 2722 1699 2753 tem-

232 2770 355 2811 perato
386 2764 586 2800 admistione
620 2766 731 2800 solatii
765 2765 881 2800 dolore
913 2767 1108 2800 aestuantes
1138 2763 1235 2808 angit
1257 2763 1385 2798 animos
1408 2768 1444 2798 et
1465 2765 1698 2799 aerumnosius

234 2811 376 2847 sauciat.
423 2822 531 2857 quare
561 2811 649 2847 istos
679 2812 733 2846 his
756 2823 845 2859 quae
867 2822 956 2847 nunc
977 2810 1197 2858 patiebantur
1220 2812 1402 2857 utcumque
1423 2810 1611 2847 tolerandis
1633 2820 1698 2857 pa-
