1858 3126
333 138 409 180 DE
442 137 777 183 ANDRONICO
809 139 1188 186 PALAEOLOGO
1223 144 1272 188 L.
1300 142 1375 190 lv.
1496 144 1591 193 341

125 252 171 295 δὲ
193 251 326 302 αἰτίας
347 255 422 307 τῆς
442 250 656 310 ἀποφυγῆς
677 251 947 307 πλαττόμενοι
969 254 1042 310 τὴν
1061 254 1199 312 ἄφιξιν
1217 254 1505 314 ὖπερετίθεντο
1531 262 1600 303 καὶ

123 325 182 379 τῷ
205 321 442 377 Σηλυβρίας
463 321 629 376 ἀγαθὰς
647 319 897 377 ὑπερέτεινον
916 322 991 372 τὰς
1009 325 1193 377 ἐλπίδας,
1214 330 1347 370 ταῦτα
1367 327 1411 371 δ’
1435 329 1597 372 ἐποίουν

123 387 318 439 πολλάκις
337 390 492 432 ἔννοιαν
512 388 692 440 διδόντες
714 389 769 441 ὥς
788 393 997 447 ἐπαλγοΐεν
1016 394 1082 434 καὶ
1102 387 1214 436 οὗτοι
1232 395 1290 450 μὴ
1305 397 1372 438 καὶ
1391 395 1595 455 πατριάρ-

121 475 198 512 χου
229 458 367 514 σφίσιν
401 455 786 514 ὃμογνωμονοῢντος
812 460 876 502 ἐπὶ
905 467 991 510 τοῖς
1019 465 1094 504 τοῦ
1120 460 1294 518 Ἐφέσου
1340 463 1591 522 πράγμασιν,

91 525 228 571 suffore
257 527 324 569 καὶ
355 524 595 570 κινδυνεύειν
621 530 855 582 σχίζεσθαι,
900 525 993 572 τότε
1017 527 1272 587 πατριάρχης
1290 531 1485 590 ἀπαλγῶν
1504 541 1593 586 τοῖς
1611 548 1643 583 D

122 595 402 649 τελουμένοις,
439 596 528 638 ἐπεί
554 613 597 652 γε
623 598 847 646 σι’νοδικῶς
876 596 1196 653 προκαθήμενος
1231 600 1372 657 μέχρις
1409 602 1489 658 ὀψὲ
1518 608 1592 660 τῆς

121 661 276 720 ἡμέρας
305 663 379 717 τὴν
405 665 565 707 ἐκείνων
592 665 816 720 περιέμενεν
851 664 1010 722 ἄφιξιν,
1057 666 1204 710 αὐτίκα
1238 668 1422 730 συντόνῳ
1451 677 1593 728 ψυχῆς

121 729 408 786 καταστήματι
439 733 506 775 καὶ
532 733 680 783 ἱκανῶς
712 734 902 793 ἐνθὲρμῳ
932 736 976 777 ἐκ
1008 732 1142 791 λύπης
1179 735 1406 795 ἀποχωρεῖ,
1453 745 1590 784 τελευ-

119 808 235 843 ταΐον
265 800 387 843 εἰπὼν
416 803 471 851 εἲς
499 801 597 851 τούς
625 800 724 845 τότ’
750 802 947 860 ἀρχιερεῖς
975 797 1001 857 ἦ
1028 804 1111 860 μὴν
1141 809 1216 848 τοῦ
1239 810 1386 851 λοιποῦ
1406 807 1465 864 μὴ
1487 807 1589 853 εἶναι

68 869 243 924 ιομέσον
265 869 425 922 αὐτῶν,
463 868 538 912 κᾶν
561 869 583 913 ὅ
604 888 642 912 τι
662 878 838 924 ποιοῖεν,
878 875 947 915 καὶ
968 870 1090 928 ὅρκον
1119 874 1407 931 ἐπιπροσθείς,
1447 876 1504 928 ὥς
1524 895 1587 921 τι-

119 954 181 987 νες
203 937 397 993 ἤκουσαν.
470 936 553 981 ὁδ’
589 937 709 995 ὅρκος
736 942 949 991 ἰδιωτικῶς
980 958 1067 991 πως
1097 941 1228 994 οὕτως
1258 944 1480 1001 ἐξενεχθεὶς
1501 947 1585 991 “vo'‘
1611 953 1638 988 Ρ
1663 958 1730 993 235

118 1001 221 1061 ἧμαι
253 1008 402 1056 δοῦλος
427 1011 502 1050 τοῦ
525 1011 735 1063 Χριστοῦ,
785 1009 834 1052 οὗ
862 1010 946 1064 μὴν
975 1011 1057 1063 εἰμὶ
1083 1011 1190 1066 μεθ’
1223 1010 1365 1066 ὗμῶν,
1402 1015 1512 1071 εἰμὴ
1533 1016 1586 1060 τοὶ

114 1074 312 1131 γένοιτο.”
381 1074 428 1118 τὸ
462 1075 504 1118 δ’
536 1071 610 1130 ἦν,
649 1079 683 1119 εἷ
706 1077 764 1132 μὴ
792 1075 813 1120 ὅ
838 1080 1076 1134 Σηλυβρίας
1104 1078 1330 1132 κολάζοιτο.
1400 1082 1586 1140 πέμπτην

114 1144 189 1196 μέν
210 1139 283 1186 οὖν
304 1138 375 1199 ἦγε
391 1141 484 1187 τότε
498 1144 579 1200 μὴν
595 1144 910 1202 Ἀνθεστηριών,
948 1145 1078 1203 ἡμέρα
1101 1150 1122 1190 δ
1136 1149 1147 1164 ’
1169 1145 1218 1204 ἦν
1237 1147 1260 1203 ἧ
1283 1150 1362 1208 πρὸ
1383 1156 1459 1195 τοῦ
1478 1158 1587 1207 σαβ-

65 1213 104 1248 15
114 1210 247 1266 βάτου
273 1211 533 1269 παρασκευή,
571 1215 636 1256 καὶ
655 1215 801 1271 μικρὸν
831 1214 1097 1272 ἐφησυχάσας
1125 1222 1176 1273 τῇ
1195 1218 1316 1276 κε’λλῃ
1340 1220 1442 1276 πρὸς
1463 1219 1584 1264 ἐσπί-

116 1297 192 1336 ραν
222 1281 298 1323 σὺν
327 1287 414 1331 τοῖς
443 1283 560 1332 ἰδίοις
589 1290 840 1339 μεταχωρεῖ,
889 1286 956 1326 καὶ
985 1285 1088 1338 πρὸς
1109 1286 1183 1340 τὴν
1204 1291 1279 1341 τῆς
1299 1291 1585 1346 Παμμακαρί-

115 1365 216 1391 στου
243 1347 396 1402 μονήν,
435 1348 538 1392 ὅπου
569 1353 635 1393 καὶ
665 1352 822 1394 εἴθιστο
858 1353 1118 1406 καταμένειν,
1154 1355 1325 1410 γίνεται,
1365 1356 1482 1413 ἀφεὶς
1511 1359 1581 1401 ἕνα

114 1421 196 1460 τῶν
218 1416 347 1460 αὐτοῦ
366 1416 391 1472 ἢ
411 1420 476 1460 καὶ
499 1416 686 1475 δεύτερον
703 1419 755 1462 τὰ
778 1425 851 1462 τοῦ
872 1423 1162 1478 πατριαρχειόυ
1186 1423 1364 1478 κατέχειν
1385 1427 1453 1468 καὶ
1480 1428 1583 1469 διοι-

114 1492 206 1529 κεῖν.
278 1488 346 1528 καὶ
365 1491 499 1528 ταῦτα
525 1488 600 1541 μὲν
627 1489 776 1538 ἐκεῖνος
805 1490 1026 1545 ἔπραττεν,
1076 1491 1124 1533 οὗ
1146 1491 1229 1546 μὴν
1254 1492 1296 1534 δ’
1320 1492 1425 1536 ὥστε
1450 1495 1490 1537 οἷ
1512 1498 1579 1539 καὶ
1605 1510 1632 1544 Β

60 1551 311 1605 Ξοκαθάπαξ
331 1553 604 1599 ἀπαλλάττειν
626 1556 815 1613 ἔγνωστο,
852 1557 949 1601 ἀλλ’
974 1556 1030 1609 ὥς
1051 1558 1246 1611 πολλάκις
1263 1561 1421 1606 εἴθιστο
1448 1562 1581 1621 πράτ-

111 1690 188 1730 rat,
221 1688 303 1724 talia
333 1689 531 1735 imperatori
565 1689 730 1726 dixisset:
762 1693 822 1727 alii
845 1693 936 1728 fictis
958 1692 1192 1740 praetextibus
1215 1707 1386 1731 accessum
1411 1696 1453 1731 ad
1476 1708 1578 1741 syno-

110 1733 188 1768 dum
218 1737 442 1778 excusabant,
476 1748 517 1771 eo
550 1737 626 1782 ipso
655 1739 864 1782 Selybriensi
895 1741 1062 1775 addentes
1093 1741 1235 1775 animum
1268 1754 1429 1787 spemque
1460 1742 1576 1777 iudicii

110 1779 301 1815 declinandi
325 1782 498 1816 facientes.
546 1784 636 1827 quod
659 1785 715 1818 isti
741 1797 816 1819 cum
838 1787 973 1831 saepius
1003 1792 1166 1830 agerent,
1201 1787 1301 1821 facile
1323 1788 1576 1832 intelligendum

111 1836 177 1859 non
199 1826 363 1871 imperitis
386 1840 498 1862 rerum
521 1829 648 1863 dabant
670 1830 788 1864 ulcisci
811 1843 870 1865 eos
893 1832 928 1866 in
951 1833 1015 1865 hoc
1038 1832 1211 1877 proprium
1235 1833 1394 1874 dolorem,
1417 1839 1452 1867 et
1475 1845 1577 1868 occa-

110 1870 237 1905 sionem
260 1873 414 1917 arripere
435 1873 578 1908 vicissim
602 1887 707 1919 aegre
733 1877 880 1911 faciendi
903 1878 1138 1921 patriarchae,
1170 1878 1205 1912 in
1235 1878 1345 1911 odium
1379 1878 1461 1912 eius>
1482 1880 1577 1913 duri-

110 1915 171 1948 tiei
193 1928 261 1960 qua
282 1918 367 1960 ipsis
390 1920 548 1953 assentiri
573 1927 748 1956 recusaret
769 1923 804 1956 in
830 1924 1046 1957 restitutione
1069 1924 1204 1957 Ioannis
1226 1923 1411 1967 Ephesini;
1446 1935 1515 1969 qua
1536 1937 1576 1959 re

111 1964 239 1995 tantum
264 1962 544 2006 offendebantur,
573 1971 610 1999 ut
634 1967 735 2001 facile
757 1975 940 2012 appareret
962 1980 1028 2002 non
1064 1969 1181 2012 procul
1207 1970 1329 2002 abesse
1351 1969 1425 2003 illos
1448 1981 1469 2003 a
1493 1982 1575 2004 con-

111 2005 185 2040 silio
209 2008 425 2042 abscindendi
447 2020 486 2044 se
516 2012 560 2044 ab
593 2023 646 2046 eo.
692 2013 775 2046 istas
797 2015 914 2047 horum
938 2014 1241 2057 tergiversationes
1269 2014 1403 2048 ferebat
1426 2016 1572 2059 patriar-—

111 2052 175 2086 cha
206 2053 462 2096 molestissime,
491 2057 644 2100 adeoque
679 2057 733 2091 die
764 2060 928 2103 quadam,
963 2070 1038 2092 cum
1061 2059 1223 2092 collectae
1243 2059 1309 2093 sibi
1330 2060 1573 2105 morigeror-um

109 2097 298 2132 antistitum
320 2099 449 2142 synodo
474 2101 670 2145 praesidens
692 2103 832 2137 aliorum
849 2105 1028 2138 adventum
1050 2115 1158 2149 usque
1179 2105 1222 2138 ad
1245 2117 1421 2150 vesperam
1444 2108 1573 2142 frustra

109 2148 345 2188 expectasset,
379 2150 520 2189 repente
543 2147 711 2181 concitato
734 2149 860 2193 impetu
883 2151 978 2193 aegri
1000 2149 1116 2192 animi,
1139 2161 1259 2195 magna
1281 2151 1356 2186 irae
1378 2152 1572 2198 dolorisque

107 2189 357 2233 significatione
386 2202 554 2235 exurgens
575 2192 680 2235 abiit,
717 2200 902 2229 extremum
925 2196 967 2229 ad
991 2199 1190 2239 praesentes
1213 2196 1389 2243 episcopos
1412 2199 1570 2243 prolocu-

109 2241 165 2268 tus
197 2237 239 2269 de
271 2240 409 2271 caetero
440 2249 478 2271 se
511 2249 687 2283 numquam
723 2239 865 2284 amplius
898 2240 1043 2275 medium
1073 2241 1163 2274 inter
1195 2241 1287 2287 ipsos
1323 2254 1569 2286 consessurum,

107 2280 270 2327 quidquid
291 2282 334 2316 ad
358 2294 396 2316 se
418 2284 647 2318 revocandum
670 2285 886 2328 molirentur3
921 2286 1136 2331 adiecitque,
1171 2294 1211 2322 ut
1239 2288 1374 2333 quidam
1397 2290 1570 2332 audivere,

105 2327 327 2362 iuramentum
349 2328 544 2374 vulgaribus
567 2330 659 2364 hisce
685 2335 880 2375 conceptum
903 2332 1020 2366 verbis
1044 2335 1136 2377 “per
1159 2338 1319 2376 quantum
1332 2345 1449 2370 servus
1466 2336 1569 2370 chri-

107 2372 151 2407 sti
173 2384 267 2417 sum,
301 2385 367 2408 non
391 2387 450 2409 ero
473 2375 633 2420 deinceps
657 2377 846 2420 vobiscum,
882 2378 916 2412 ni
939 2378 1024 2412 haec
1046 2377 1182 2420 fiant,”
1214 2379 1279 2414 hoc
1302 2386 1355 2415 est
1376 2381 1443 2415 nisi
1466 2383 1568 2426 Sely-

106 2418 252 2453 briensis
285 2421 456 2466 puniatur.
505 2422 579 2456 dies
610 2428 685 2456 erat
718 2423 836 2468 quinta
864 2423 943 2458 Iulii
975 2424 1121 2466 mensis,
1153 2424 1336 2480 eademque
1358 2427 1446 2462 feria
1468 2431 1567 2461 sexta

108 2463 325 2499 hebdomadis
353 2467 427 2501 sive
450 2479 638 2513 parasceue
670 2469 835 2511 sabbati,
861 2469 994 2516 quando
1029 2469 1079 2503 sic
1105 2481 1143 2504 se
1166 2472 1357 2517 proripiens
1387 2484 1407 2506 e
1437 2473 1566 2517 synodo

107 2509 250 2544 Ioannes
273 2513 491 2556 patriarcha,
515 2514 594 2547 inde
620 2515 790 2560 paululum
814 2515 850 2549 in
872 2515 958 2550 cella
980 2519 1218 2560 commoratus,
1249 2519 1312 2552 sub
1332 2523 1468 2552 noctem
1492 2530 1566 2552 cum

107 2555 328 2591 familiaribus
358 2558 454 2593 domo
486 2560 632 2594 excessit
666 2566 701 2594 et
732 2562 766 2595 in
790 2561 1046 2596 Pammacaristi
1079 2563 1335 2605 monasterium,
1367 2564 1425 2598 ubi
1448 2564 1566 2598 solitus

108 2604 185 2634 erat
219 2602 387 2638 diversari
416 2604 623 2650 patriarchio
655 2607 868 2652 digrediens,
903 2606 1080 2652 migravit,
1114 2619 1180 2643 uno
1209 2609 1386 2643 dumtaxat
1415 2609 1568 2643 alterove

108 2656 239 2680 suorum
270 2648 305 2682 in
329 2649 611 2695 patriarchalibus
646 2653 766 2688 relicto
789 2654 930 2688 aedibus
944 2678 954 2695 ,
986 2652 1045 2698 qui
1077 2664 1136 2687 eas
1167 2659 1343 2689 servarent
1366 2658 1401 2688 et
1423 2666 1479 2688 res
1503 2666 1565 2700 pa-

108 2690 310 2728 triarchatus
333 2701 565 2740 procurarent.
613 2702 716 2743 atque
744 2700 828 2734 haec
860 2699 992 2745 quidem
1015 2697 1074 2732 ille
1093 2698 1193 2743 fecit,
1216 2700 1307 2735 baud
1328 2712 1368 2734 eo
1396 2699 1504 2734 animo
1526 2704 1566 2734 nt

110 2737 244 2781 penitus
276 2743 312 2773 et
338 2740 607 2777 irrevocabiliter
637 2746 872 2789 patriarchatu
903 2745 1062 2779 cederet:
1098 2745 1177 2786 sed,
1209 2750 1311 2791 prout
1344 2746 1408 2780 iam
1432 2745 1567 2791 saepius

112 2793 174 2816 usu
190 2788 343 2828 venerat,
365 2797 507 2832 sperans
530 2793 683 2834 rogatum
698 2802 737 2826 se
760 2791 813 2834 iri,
836 2795 873 2826 et
895 2802 915 2826 a
939 2789 1072 2826 solicite
1093 2791 1293 2837 urgentibus
1312 2798 1352 2827 ut
1365 2791 1481 2827 redire
1495 2791 1568 2827 vel-
