1858 3126
327 189 420 236 838
709 170 1020 231 oss‘sERvAT.
1054 184 1366 230 PACHYMER.

342 295 416 322 Anni
462 292 610 320 nomano-
640 291 802 327 humidio-

343 327 416 354 Chr.
459 334 522 353 rum
539 325 616 353 ron·
680 333 728 354 ma

477 359 599 387 tilieum.

472 392 601 452 Ηοιιιῦτῐίἰ

278 497 283 502 .
326 465 430 506 1286
536 465 564 503 2
723 462 751 503 4

645 391 804 421 Andronici

184 1392 299 1427 P608

902 294 1068 334 Plurimi
1097 307 1117 333 e
1148 292 1305 333 Blachis
1334 293 1455 333 altero
1481 294 1625 334 abhinc
1649 308 1751 334 anno

850 364 899 390 ex
942 351 1113 389 Occidua
1166 350 1388 389 continente
1427 349 1470 388 in
1515 350 1752 390 Orientalem

849 407 1016 445 transire
1036 407 1249 458 compulsi,
1277 419 1365 444 cum
1382 411 1421 444 et
1436 405 1593 457 parvuli
1608 411 1648 444 et
1664 419 1753 457 gre-

823 476 912 514 ·ges
945 463 1120 514 ipsorum
1159 463 1194 500 ei
1225 462 1333 500 coelo
1365 474 1446 500 non
1479 467 1755 511 assuescerent.

850 519 956 570 quod
976 519 1131 558 crebrae
1146 518 1349 569 utriusque
1366 516 1515 568 generis
1533 523 1676 556 mortes
1692 522 1755 555 te-

849 574 1075 623 stabantur,
1113 574 1284 612 reditum
1315 573 1355 610 in
1388 571 1538 625 priores
1569 573 1678 611 sedes
1706 572 1755 610 ab

847 631 1082 682 imperatore
1098 630 1263 683 pecunia
1280 628 1499 678 redimunt3
1544 628 1570 667 1.
1589 632 1610 670 1
1633 641 1667 668 c.
1683 628 1755 668 ult.

847 699 889 738 p.
908 689 976 728 66.

904 818 967 856 Ad
1002 818 1193 857 sedandos
1223 818 1325 856 circa
1357 817 1474 856 Vecci
1507 817 1756 868 allegationes

849 874 1060 913 multorum
1081 874 1288 926 scrupulos
1309 873 1507 924 negotium
1531 874 1645 912 datur
1662 873 1757 911 tomi

849 930 1047 968 scribendi
1067 929 1254 981 Gregorio
1273 928 1530 982 patriarchae.
1583 929 1611 968 l.
1630 933 1657 972 2
1679 942 1711 968 c.
1731 931 1755 972 1

848 1000 887 1038 p.
909 986 977 1028 74.

901 1051 1100 1090 Honorius
1114 1051 1169 1090 IV
1184 1051 1353 1090 moritur
1369 1051 1513 1090 Romae
1530 1050 1595 1090 die
1612 1063 1755 1090 coenae

849 1106 1019 1156 domini,
1052 1119 1151 1158 quae
1169 1107 1244 1145 fuit
1269 1109 1296 1149 3
1315 1106 1483 1157 Aprilis,
1511 1113 1555 1145 ut
1577 1106 1754 1159 Sponda-

847 1176 923 1201 nus
956 1169 995 1201 et
1029 1162 1240 1200 Rainaldus
1278 1169 1382 1203 recte
1408 1162 1628 1200 observant.
1683 1162 1754 1200 illo

848 1217 953 1256 enim
974 1231 1089 1267 ann0‚
1109 1218 1177 1269 qui
1194 1218 1350 1269 cyclum
1371 1217 1465 1256 solis
1484 1217 1704 1256 numeravit
1714 1219 1754 1266 8,

846 1274 963 1312 lunae
990 1279 1119 1311 autem
1150 1275 1224 1323 15,
1252 1279 1291 1311 et
1322 1273 1383 1312 lit.
1413 1274 1528 1314 Dom.
1554 1273 1692 1312 habuit
1711 1273 1755 1319 E,

847 1328 991 1368 Pascha
1011 1328 1150 1366 incidit
1165 1329 1206 1366 in
1224 1328 1317 1380 Apr.
1335 1331 1375 1370 6.
1430 1329 1587 1368 vacavit
1604 1329 1713 1368 sedes
1732 1342 1756 1366 a

847 1399 967 1424 coena
988 1384 1139 1423 domini
1159 1383 1277 1422 huius
1295 1384 1386 1422 anni
1403 1398 1526 1436 usque
1544 1385 1592 1423 ad
1610 1388 1666 1427 22
1684 1385 1757 1422 Fe-

847 1441 996 1480 bruarii
1025 1440 1117 1478 anni
1149 1440 1366 1492 sequentis,
1401 1453 1472 1493 per
1498 1453 1647 1480 menses
1675 1441 1756 1479 fere

847 1496 1045 1539 undecim,

902 1628 972 1665 Die
1003 1628 1208 1666 cathedrae
1235 1629 1274 1665 S.
1303 1627 1431 1676 Petri,
1464 1630 1518 1668 22
1541 1625 1755 1676 Februarii,

847 1688 1003 1720 creatur
1034 1684 1177 1721 Romae
1210 1682 1388 1733 pontifex
1419 1682 1462 1722 F.
1495 1682 1754 1737 Hieronymus

848 1737 945 1775 Ord.
981 1738 1021 1776 S.
1063 1737 1282 1786 Francisci,
1316 1737 1428 1775 card.
1465 1738 1753 1787 Praenestinus,

846 1792 975 1831 dictus
994 1793 1177 1832 Nicolaus
1197 1793 1280 1831 eius
1299 1792 1467 1831 nominis
1486 1792 1553 1832 IV.

903 1869 1049 1908 Tomus
1074 1884 1176 1908 anno
1205 1871 1396 1922 superiori
1420 1885 1442 1909 a
1467 1870 1656 1922 Gregorio
1679 1884 1755 1923 pa-

847 1925 1018 1963 triarcba
1040 1925 1233 1964 conscribi
1250 1933 1411 1978 coeptus
1432 1927 1583 1976 editur,
1613 1932 1653 1965 et
1676 1940 1755 1978 pu-

845 1980 946 2019 blice
972 1981 1113 2032 legitur
1132 1981 1174 2019 in
1196 1981 1370 2023 ecclesia.
1425 1983 1454 2022 l.
1473 1986 1500 2025 2
1521 1996 1556 2022 e.
1578 1986 1600 2025 1
1621 1995 1662 2034 p.
1683 1982 1752 2024 74.

902 2059 1017 2097 Multi
1041 2072 1061 2096 e
1079 2060 1227 2099 clericis
1249 2061 1284 2100 ei
1303 2059 1541 2100 subscribere
1557 2064 1755 2099 recusant.

847 2130 885 2168 p.
903 2116 958 2157 75
978 2114 1039 2155 lit.
1055 2115 1086 2153 B
1107 2122 1146 2153 et
1164 2117 1207 2155 C.

902 2194 1068 2292 gzgipter
1085 2192 1160 2232 hoc
1181 2193 1290 2233 varie
1306 2197 1512 2234 vexantur.
1565 2191 1661 2231 ibid.
1668 2221 1682 2243 ,
1715 2196 1754 2230 et

848 2261 887 2300 p.
969 2281 977 2291 .

905 2326 1138 2365 Athanasius
1153 2326 1371 2378 patriarcha
1386 2324 1670 2365 Alexandrinus
1687 2322 1753 2362 de-

850 2394 941 2432 gens
956 2383 1296 2434 Constantinopoli
1309 2382 1571 2428 vehementer,
1588 2378 1656 2417 ssd
1670 2379 1753 2417 fru-

848 2443 942 2485 stra,
962 2444 1123 2487 urgetur
1141 2438 1189 2475 ad
1209 2437 1523 2476 subscribendum
1537 2440 1643 2472 tomo
1656 2434 1753 2472 Gre-

850 2492 962 2541 gorii.
1018 2494 1046 2533 l.
1065 2498 1090 2536 2
1107 2507 1140 2531 c.
1159 2494 1185 2535 5
1203 2507 1242 2544 p.
1259 2495 1325 2533 81.

906 2569 1093 2607 Arsenius
1122 2567 1344 2620 patriarcha
1366 2565 1628 2605 Antiochenus
1646 2566 1752 2604 Con·-

850 2624 1104 2676 stantinopoli
1127 2625 1333 2662 damnatur
1357 2628 1395 2660 et
1420 2634 1442 2659 e
1464 2622 1583 2660 sacris
1614 2621 1753 2674 dipty-

853 2678 936 2717 chis
956 2679 1148 2727 eraditur,
1172 2678 1280 2730 quod
1298 2678 1450 2716 auditus
1469 2683 1567 2716 esset
1584 2690 1752 2716 consen-

852 2733 945 2772 sisse
963 2734 1004 2772 in
1020 2734 1175 2784 negotio
1195 2733 1374 2774 ecclesiae
1400 2746 1488 2772 eum
1508 2746 1596 2785 rege
1615 2733 1752 2773 Arme-

854 2788 950 2830 niae.
1006 2789 1102 2833 ibid.
1159 2829 1162 2832 Α
