1820 3112
403 137 479 180 DE
514 135 847 180 ANDRONICO
874 135 1254 181 PALAEOLOGO
1285 137 1334 181 1..
1368 136 1405 181 1.
1569 137 1634 182 55

163 248 303 305 μέντοι
329 265 373 307 γε
398 249 541 292 ἐκεῖνοι
565 254 656 298 ταῖς
683 247 917 303 ἐκκλησίαις
946 245 1322 302 ἀντισηκῶσαντες,
1353 247 1460 291 κατὰ
1479 245 1634 304 τρόπον

162 317 217 362 τὰ
245 322 321 372 τῆς
346 317 561 372 ἐκκλησίας
593 314 649 366 ὥς
680 314 786 370 εἶχον
812 316 1023 367 διίθυνον,
1067 320 1363 371 τυραννοῦντες
1390 314 1477 360 οἷον
1507 316 1562 367 εἷς
1579 317 1631 360 τὰ

163 386 296 430 πολλὰ
319 383 477 429 τούτων
499 386 565 426 καὶ
592 384 665 438 τὴν
698 382 914 438 βασιλικὴν
931 380 1164 438 ἡμερότητα
1173 416 1187 435 ,
1225 382 1315 434 ἑνὸς
1343 386 1410 427 καὶ
1429 382 1559 438 μόνου
1579 385 1634 428 τὰ

164 453 300 498 πάντα
330 453 700 508 καταπροϊεμένου,
745 456 820 505 τῆς
845 456 981 505 κοινῆς
1011 449 1203 504 ὁμονοίας
1229 454 1297 494 καὶ
1321 451 1626 506 καταστάσεως,
1652 464 1684 499 C

129 521 222 572 ὄῶς
255 520 492 576 ὖπέσχοντο.
572 519 698 578 (19)
741 518 924 576 ἀπῄτουν
951 520 1026 574 μὲν
1059 514 1132 561 οὖν
1168 521 1235 561 καὶ
1265 520 1339 574 τὴν
1377 521 1630 576 Λύγοῦσταν
1653 534 1683 568 Ρ
1704 534 1750 571 33

166 588 389 645 Θεοδῶραν
430 592 614 643 λίβελλον
646 588 720 641 μὲν
755 589 951 639 πίστεως,
999 587 1211 641 ἀποβολὴν
1242 587 1283 630 δ’
1318 587 1521 645 ἔγγραφον
1550 595 1633 634 τῶν

158 659 264 713 χθὲς
281 655 519 714 γεγονότων,
548 655 774 713 ἀσφάλειαν
794 657 839 698 δὲ
856 658 924 699 καὶ
944 660 1015 698 τοῦ
1034 654 1091 710 μή
1113 673 1211 698 ποτε
1233 657 1402 711 ζητῆσαι
1421 659 1509 713 περὶ
1533 657 1631 700 τάν·

163 726 261 783 δρός
282 726 410 780 αὐτῆς
436 724 507 782 ἔφ’
534 719 642 783 ᾧπερ
664 725 704 766 ἔν
722 725 987 782 ψαλμῳδίαις
1005 721 1253 780 ταφήσεται·
1290 725 1356 766 καὶ
1381 724 1427 767 τὸ
1449 727 1512 768 ἐπὶ
1532 723 1631 769 τοῦ-

162 811 249 844 τοις
276 789 435 846 ἆθλον,
470 790 526 842 ὥς
558 794 622 835 ἐπὶ
650 797 724 846 τῆς
752 793 988 847 ἐκκλησίας,
1033 793 1162 847 φασί,
1210 796 1433 845 βασιλικῶς
1464 793 1540 837 σὺν
1570 799 1629 853 τῷ

106 863 238 922 1ουἶῷ
257 859 568 918 μνημονεύοιτο,
637 858 820 917 ἀπῄτουν
847 862 893 904 δὲ
919 862 985 903 καὶ
1015 859 1087 903 τὸν
1115 859 1420 917 Ἀλεξανδρείας
1442 860 1630 905 Ἀθανά-

159 947 272 984 σιον,
308 926 654 986 ὃμογνωμοσιένην
674 930 749 983 μὲν
774 930 838 972 ἐπὶ
860 935 948 978 τοῖς
974 933 1287 984 καθαιρεθεῖσαν
1300 961 1314 981 ,
1348 928 1562 985 ἀποβολὴν
1582 932 1629 974 δὲ

158 1000 227 1043 καὶ
246 999 372 1042 αὐτὸν
392 1004 476 1041 τῶν
496 996 788 1053 πραχθέντων,
825 998 907 1039 ἐπεὶ
928 998 993 1039 καὶ
1018 998 1167 1046 αἰτίαις
1191 1003 1280 1047 ταῖς
1301 1001 1626 1054 προρρηθείσαις
1648 1007 1679 1041 Β

160 1065 334 1124 φθάσας
362 1064 749 1122 συγκεκοινώνηκεν,
796 1063 852 1115 ὥς
883 1064 935 1108 ἂν
965 1066 1034 1107 καὶ
1061 1063 1188 1114 αὐτὸς
1214 1063 1403 1120 δηλονότι
1432 1066 1483 1109 τὰ
1505 1066 1629 1121 ὅμοια

158 1132 569 1192 κατασᾳαλισάμενος
590 1135 631 1176 ἐν
662 1140 749 1183 τοῖς
776 1131 984 1187 διπτύχοις
1011 1139 1099 1183 τοῖς
1125 1131 1396 1189 πατριάρχαις
1411 1151 1627 1190 συμνημο-

105 1210 149 1247 15
160 1202 329 1247 νεύοιτο.
397 1207 455 1261 τῷ
475 1203 553 1260 γὰρ
566 1202 807 1257 Ἀντιοχείας
831 1202 1040 1260 Θεοδοσίῳ
1063 1205 1121 1259 τῷ
1145 1203 1341 1257 Πρίγκιπι
1357 1203 1534 1259 λεληθὸς
1551 1205 1627 1258 μέν

160 1273 252 1323 δέος
271 1272 457 1327 ἐμπίπτει
473 1272 532 1326 μὴ
556 1272 628 1314 καί
643 1287 683 1314 τι
704 1269 889 1328 δράσωσι
910 1274 1058 1313 τοῦτον
1085 1273 1168 1312 τῶν
1194 1269 1462 1326 ἀβουλήτων,
1499 1288 1627 1329 φανε-

250 1391 283 1426 5·
306 1361 384 1435 itis]
403 1383 474 1436 vie?

157 1504 255 1536 mus,
277 1496 350 1529 tum
371 1493 418 1528 ad
440 1493 527 1536 alia,
549 1504 639 1539 qnae
659 1494 737 1540 pari
757 1494 967 1530 immanitate
988 1498 1071 1531 tnnc
1092 1508 1115 1532 a
1138 1508 1252 1532 rerum
1274 1494 1471 1543 potentibus
1492 1493 1629 1539 impune

157 1540 442 1585 designabantur,
476 1545 555 1574 acta
579 1541 815 1584 reprobanda,
846 1541 946 1587 quasi
971 1542 1103 1577 scilicet
1133 1543 1192 1577 ille
1225 1554 1325 1577 cruor
1356 1542 1429 1576 vice
1461 1540 1628 1574 naturalis

157 1588 294 1633 pluviae
323 1585 488 1620 demissus
520 1597 540 1619 e
569 1587 714 1620 nubibus
744 1586 963 1621 adumbraret
997 1587 1216 1623 intrusionem
1250 1588 1431 1622 violentam
1463 1597 1627 1620 novorum

157 1632 347 1667 antistitum
384 1632 419 1666 in
450 1630 550 1665 sedes
580 1643 642 1677 per
674 1632 743 1666 vim
766 1633 962 1667 eiectorum,
1009 1640 1191 1680 utcumque
1223 1635 1287 1676 sit,
1320 1634 1379 1668 isti
1409 1638 1525 1674 certe,
1548 1632 1627 1665 dum

157 1690 219 1712 suo
242 1679 412 1712 arbitratu
436 1677 479 1710 ad
503 1677 698 1719 ecclesiam,
731 1679 818 1712 sicut
841 1678 951 1712 videri
974 1680 1153 1722 volebant,
1186 1679 1450 1725 componendam
1471 1683 1541 1711 tam
1565 1689 1624 1710 ve-

157 1725 314 1758 hemente
332 1723 568 1756 incumbebant
589 1735 711 1769 opera,
745 1725 923 1768 tyrannica
945 1724 979 1758 in
1001 1726 1113 1760 multis
1135 1727 1287 1771 grassari
1311 1724 1446 1759 licentia
1468 1734 1536 1757 uon
1559 1722 1624 1756 im-

156 1770 278 1804 nerito
299 1770 537 1810 censebantur,
561 1770 740 1804 abutentes
762 1770 1016 1804 mansuetudine
1038 1771 1272 1816 imperatoris,
1297 1771 1357 1816 qui
1380 1780 1467 1803 vana
1489 1780 1550 1812 spe
1572 1768 1624 1800 in·

156 1816 281 1850 ductus
301 1816 345 1848 ab
367 1815 434 1848 illis
455 1816 548 1848 facta
571 1815 666 1861 pacis
690 1827 731 1850 ac
754 1815 962 1862 concordiae⁶
976 1818 1074 1861 plene
1094 1817 1338 1858 restituendae,
1353 1816 1382 1850 si
1405 1826 1509 1858 agere
1531 1814 1624 1857 ipsos

156 1872 247 1906 quae
268 1862 394 1894 vellent
414 1859 562 1902 sineret,
592 1869 712 1895 cuncta
742 1862 775 1895 iu
798 1873 915 1895 eorum
938 1863 1113 1896 arbitrium
1137 1863 1351 1907 proiecerat,
1380 1860 1537 1894 effectum
1562 1870 1624 1892 ex-

156 1906 403 1951 optatissimum
433 1910 470 1939 et
501 1907 698 1951 promissum
721 1907 886 1952 'publicae
916 1908 1173 1953 tranquillitatis
1197 1909 1283 1941 bene
1304 1906 1426 1951 quovis
1448 1903 1622 1938 emendum

157 1951 268 1996 pretio
289 1959 398 1994 ratus,
421 1957 457 1985 et
479 1963 499 1984 e
522 1952 580 1985 tali
605 1953 819 1987 conniventia
841 1953 1037 1998 prudenter,
1060 1959 1099 1987 ut
1121 1954 1188 1998 ipsi
1211 1953 1401 1993 videbatur,
1423 1954 1621 1995 expectans.

158 1997 242 2040 (19)
272 1997 332 2030 sed
362 2003 403 2030 ut
431 1997 475 2030 ad
498 1998 620 2040 smodi
651 2005 731 2033 acta
753 1999 948 2039 redeamus,
979 1999 1014 2032 in
1037 1999 1088 2032 bis
1114 2004 1150 2032 et
1182 1998 1267 2031 illud
1289 2004 1354 2031 est.
1402 1996 1446 2030 ab
1469 1998 1624 2038 Augusta

157 2042 342 2076 Theodora
362 2041 445 2075 fidei
468 2042 616 2076 libellum
638 2050 837 2087 exegerunt,
850 2050 1099 2089 praetereaque
1121 2050 1161 2076 nt
1183 2044 1312 2087 scripto
1335 2043 1415 2076 dato
1439 2053 1477 2075 se
1499 2051 1624 2074 renun-

157 2087 246 2122 tiare
270 2087 490 2132 profiteretur
514 2090 722 2123 conventioni
745 2090 966 2123 ecclesiarum
990 2095 1025 2123 et
1049 2088 1264 2122 obedientiae
1286 2099 1397 2134 papae
1418 2086 1519 2131 paulo
1542 2091 1623 2120 ante

157 2132 291 2178 publice
314 2132 493 2173 admissis,
525 2139 643 2167 sancte
663 2135 809 2180 denique
835 2134 1052 2179 polliceretur
1074 2145 1112 2168 se
1134 2145 1312 2179 numquam
1338 2133 1519 2178 petituram
1541 2142 1622 2176 per-

157 2178 245 2214 solvi
269 2178 344 2212 viro
367 2189 428 2211 suo
451 2178 610 2212 defuncto
643 2179 733 2214 iusta
754 2181 911 2214 funebria
934 2180 1170 2214 decantatione
1199 2180 1400 2225 psalmorum
1423 2183 1461 2212 et
1482 2184 1620 2211 caetero

158 2223 388 2258 ecclesiastico
424 2223 491 2257 ritu
521 2225 735 2262 celebranda.
788 2226 907 2258 barum
940 2237 1052 2259 rerum
1083 2236 1212 2259 merces
1244 2225 1481 2258 ostentabatur
1516 2223 1620 2256 bonos

157 2268 480 2304 commemorationis
513 2271 653 2304 nominis
686 2271 762 2304 eius
794 2271 831 2303 in
863 2271 1028 2312 ecclesia,
1058 2271 1147 2305 inter
1178 2282 1277 2305 sacra
1300 2268 1523 2313 coniungendi
1545 2278 1621 2302 cum

155 2315 290 2350 nomine
311 2315 526 2359 imperatoris
556 2317 661 2360 ipsius
694 2316 769 2350 filii.
815 2318 859 2349 ab
884 2316 1108 2351 Alexandrino
1142 2316 1222 2350 item
1244 2316 1440 2362 patriarcha
1463 2312 1619 2359 postula-

156 2367 239 2394 runt
259 2361 464 2402 Athanasio,
497 2366 535 2394 ut
568 2374 707 2396 assensu
729 2362 967 2407 comprobaret
988 2373 1054 2396 suo
1072 2363 1317 2396 damnationem
1341 2366 1376 2395 et
1397 2360 1618 2395 deiectionem

157 2419 178 2439 e
200 2406 308 2449 gradu
333 2405 539 2450 privatorum
562 2409 632 2442 suis
664 2408 801 2441 sedibus
820 2408 1030 2450 antistitum3
1058 2409 1195 2453 insuper
1226 2414 1266 2441 nt
1293 2408 1368 2452 ipse
1398 2417 1533 2451 quoque
1564 2402 1618 2436 di-

156 2458 249 2486 serte
270 2452 460 2485 declararet
481 2464 544 2497 pro
566 2453 674 2487 irritis
696 2459 731 2487 et
754 2465 930 2498 perperam
953 2454 1101 2488 decretis
1122 2466 1160 2487 se
1183 2454 1320 2493 babere,
1342 2464 1430 2497 quae
1453 2460 1562 2495 nuper
1583 2448 1617 2480 in

157 2507 261 2530 causa
277 2508 386 2541 papae
401 2508 443 2530 ac
458 2499 698 2534 conciliationis
714 2500 871 2533 Graecae
894 2511 968 2534 cum
991 2499 1115 2533 Latina
1137 2499 1357 2533 ecclesiarum
1380 2504 1511 2531 statuta
1533 2493 1619 2527 suis-

156 2548 245 2576 sent.
290 2543 355 2575 boc
375 2549 579 2586 postremum
611 2547 654 2579 ab
678 2557 719 2578 eo
742 2545 878 2589 petendi
900 2557 1003 2579 causa
1026 2545 1111 2586 fuit,
1141 2545 1235 2589 quod
1254 2546 1284 2578 is
1306 2548 1447 2589 propter
1469 2540 1618 2575 rationes

158 2599 179 2621 a
201 2587 300 2621 nobis
322 2593 402 2621 ante
425 2595 625 2624 memoratas
647 2591 922 2624 communicasset
943 2602 1017 2624 cum
1040 2590 1083 2624 iis
1106 2590 1165 2636 qui
1188 2590 1247 2624 illa
1268 2595 1421 2633 egerant.
1466 2586 1616 2635 addeba:

157 2638 236 2674 tur,
260 2633 326 2666 hac
347 2632 520 2669 dumtaxat
540 2636 749 2678 conditione,
770 2636 801 2670 si
817 2637 903 2671 haec
923 2637 1052 2682 scripto
1075 2640 1112 2670 et
1133 2637 1354 2680 chirographo
1375 2634 1549 2671 firmaret,
1582 2638 1616 2660 el

157 2677 369 2712 tribuendum
399 2684 439 2712 nt
466 2693 487 2714 e
517 2683 624 2716 sacri·
656 2682 826 2726 diptychis
856 2694 975 2716 nomen
1007 2682 1080 2716 eius
1107 2682 1195 2715 inter
1226 2687 1380 2714 caeteros
1401 2673 1617 2722 patriarchas

159 2728 410 2758 memoraretur.
465 2732 503 2760 at
535 2728 764 2762 Antiochenus
794 2729 987 2773 patriarcba
1020 2727 1234 2762 Theodosius
1264 2725 1449 2768 Princeps,
1482 2720 1617 2755 occulto

159 2771 272 2802 tactus
293 2774 385 2803 metu
406 2781 451 2804 ne
472 2772 555 2816 quid
576 2773 613 2807 hi
634 2774 775 2818 gravius
796 2774 832 2807 in
851 2785 929 2808 sese
950 2775 1186 2816 consulerent,
1215 2771 1365 2806 exterius
1398 2775 1511 2804 tamen
1531 2774 1619 2812 prae
