1858 3126
648 149 752 194 Lm.
778 148 834 197 Π.
902 149 1105 194 NOTAE.
1500 149 1599 194 755

153 261 398 308 διαθῶνται,
428 253 518 298 ἄλλ’
536 273 592 306 ως
623 256 668 299 ἐν
696 254 811 300 τύπω
833 260 935 312 γοῦν
958 255 1162 327 διαθήκης
1176 255 1258 325 τήν
1269 258 1343 300 τοῦ
1360 256 1599 330 ἐγκλήματος

151 312 365 369 ἐξάρνησιν
382 315 658 364 διατίθενται,
675 311 747 366 ἐφ’
767 299 849 371 qi*
821 330 875 355 αν
890 330 950 363 τις
969 311 1104 356 αὐτοῖν
1121 314 1189 356 καὶ
1209 311 1323 383 τύχοι
1345 314 1420 369 τὴν
1442 315 1599 385 ἐξορίαν

139 371 222 422 ,καὶ
240 368 426 423 φυλακήν
443 356 782 419 καταδικασθείς,
793 371 1004 420 ἐντεῦθεν,
1033 368 1164 423 οἶμαι,
1193 365 1313 411 οῦδὲν
1335 369 1599 442 πραγματευό-

153 443 267 480 μενοι
287 427 439 479 ἕτερον,
467 423 497 478 ἢ
515 424 558 467 τὸ
576 429 648 478 τῆς
666 428 926 493 κακουργίας,
955 423 1014 468 δι’
1031 425 1084 479 ἣν
1105 427 1147 468 οἱ
1168 426 1306 468 πολλοὶ
1326 443 1397 477 τας
1414 426 1601 477 τοιαύτας

152 484 364 530 καταδίκας
383 481 641 533 ύφίστανται,
672 479 978 535 ἅποτριβὸμενοι
1001 480 1166 531 ονειδος.
1222 482 1310 535 ἐμοὶ
1327 483 1371 524 δὲ
1396 486 1455 540 τῷ
1468 499 1601 526 ταπει-

152 542 213 594 νῷ
225 555 295 580 και
311 537 543 593 αμαρτωλῷ,
571 541 643 579 τοῦ
663 553 703 578 τε
719 536 877 592 θρόνου
903 536 952 580 ὃν
982 543 1065 587 τοῖς
1090 534 1277 592 αρρήτοις
1291 543 1394 580 θεοῦ
1413 541 1602 594 κρίμασιν

153 581 292 648 ἔλάχον
318 595 550 646 διωχθέντι,
584 591 656 642 τοὶς
682 609 722 634 τε
748 593 859 648 μέχρι
882 591 1064 636 θανάτου
1093 595 1247 648 ἐξορίας
1271 596 1602 637 καταδικασθέντι

151 651 221 692 καὶ
238 648 421 703 φυλακας
431 679 442 699 ,
474 647 674 716 ου’μενουν
687 649 806 716 μέλει,
835 647 954 692 ουδὲν
967 650 1011 692 ἐν
1030 652 1140 706 χρεία
1157 648 1335 704 γεγονότι
1351 656 1525 719 πτωχῆς
1533 651 1602 694 καὶ

152 709 340 775 πενιχρᾶς
360 702 578 757 διαθήκης,
607 722 650 746 το
676 702 830 747 τούτων
858 722 927 758 μοι
952 708 1163 760 παραίτιον
1188 707 1360 775 ἔγκλημα
1379 704 1603 762 ἔξαρνήσα-

154 767 272 804 σθαι·
302 758 402 803 ἄλλα
421 777 490 801 και
508 760 628 802 τόσον
653 759 721 802 δια
741 764 919 815 σπουδῆς
937 780 964 815 η
955 760 1243 816 ’ὁμολογία,”
1220 778 1278 804 οτι
1294 763 1364 803 καὶ
1382 763 1458 817 τήν
1470 766 1601 806 ἔπιτε-

152 814 310 860 λεύτιον
339 814 532 885 φθάνων
551 814 731 870 ἅναγκην
758 834 827 858 και
858 820 1086 870 διατίθεμαι
1110 818 1179 859 καὶ
1206 817 1397 871 ὁμολογῶ.
1454 837 1508 869 ως
1523 837 1599 874 γαρ

152 879 237 923 τοῖς
265 873 398 944 ἄλλοις
426 874 483 921 εἰς
506 869 733 940 ἆποσκευήν
757 872 939 923 ὀνείδους
966 878 1039 915 τοῦ
1057 874 1121 916 ἔπι
1131 876 1356 945 κακουργίᾳ
1372 879 1447 917 τοῦ
1461 875 1602 945 ἐγκλή-

153 946 275 983 ματος
291 929 321 982 ἦ
335 925 583 999 οἷπαρνησις,
611 945 738 978 ουτως
761 930 849 983 ἔμοι
875 928 978 984 πρός
994 928 1066 972 τόν
1089 947 1214 972 αυτον
1237 931 1385 972 σκοπὸν
1401 931 1431 985 ἦ
1450 929 1602 975 α’πολο-

150 987 230 1041 γία.
285 985 371 1027 ἐπεὶ
387 1001 461 1040 γαρ
479 983 524 1026 to*
542 1001 616 1035 την
634 985 677 1026 ἐκ
679 984 857 1054 πατρὸς
862 986 920 1027 δι’
935 987 1030 1028 υἱοῦ
1045 984 1278 1039 ἐκπόρευσιν
1292 991 1366 1028 τοῦ
1378 985 1604 1041 πνεύματος

150 1045 226 1084 τοῦ
243 1040 381 1095 ἆγίου,
409 1041 454 1082 ἐκ
468 1039 616 1094 πατρὸς
634 1038 690 1082 δι’
713 1042 808 1083 υἱοῦ
829 1039 1001 1095 υπαρξιν
1023 1048 1190 1094 φρονεῖν
1207 1043 1276 1083 και
1298 1043 1578 1116 πρεσβεύειν
1556 1059 1605 1097 με

150 1098 325 1164 ἔγκλημα
335 1098 522 1151 ἐλογίσθη
541 1100 615 1148 τῆς
628 1100 704 1138 τοῦ
717 1102 1000 1151 πατριαρχικοῦ
1017 1096 1250 1147 ἐκπτώσεως
1266 1104 1417 1169 θρονου
1436 1100 1503 1141 καὶ
1518 1104 1604 1142 ταῖν

151 1154 219 1196 ἐπὶ
238 1151 362 1210 ταύτῃ
383 1169 456 1201 εως
473 1149 659 1193 θανᾶτου
678 1153 844 1208 ἐξοριαῖν
859 1155 927 1195 καὶ
946 1158 1137 1206 φυλακῶν
1162 1153 1298 1204 αξιον,
1328 1151 1380 1196 ου’
1392 1154 1536 1226 φεύγω
1558 1172 1603 1199 το

153 1211 375 1278 ἔγκλημα,
376 1225 452 1251 ουκ
478 1205 730 1275 απαρνοῦμαι
756 1210 810 1259 ὥς
825 1213 989 1263 μῶμον,
1019 1227 1074 1259 ως
1101 1208 1256 1259 ονειδος
1283 1207 1359 1252 ουίι
1377 1208 1605 1254 ἀποσκευα-

140 1269 291 1319 χζομαι·
322 1263 399 1306 κιίἵν
418 1280 495 1306 τινι
527 1262 693 1313 ἐπαξιον
715 1263 888 1320 ὕβρεως,
918 1265 994 1321 ἐγώ
1021 1270 1204 1308 τοιοῦτον
1230 1264 1387 1336 υβρεως
1406 1269 1606 1320 στέφανον

153 1321 394 1363 α’ναδεῖσθαι
412 1317 487 1361 οῦκ
518 1317 800 1374 ἅπαναίνομαι.
857 1338 942 1369 πως
951 1339 1044 1389 γαρ
1066 1339 1118 1364 αν
1144 1339 1212 1363 και
1229 1320 1483 1392 ἀρνησαίμην
1504 1322 1606 1366 σ’νει-

154 1375 296 1446 δισμον
320 1377 385 1419 ἐπι
418 1373 607 1430 δόγματι,
648 1393 746 1431 οπερ
768 1378 835 1419 καὶ
866 1380 922 1427 εἰς
942 1373 1171 1431 όνειδισμον
1190 1376 1317 1420 αύτοῦ
1332 1383 1406 1422 τοῦ
1429 1383 1606 1433 Χριστοῦ

156 1435 198 1477 οἱ
221 1430 491 1487 ἀντιλέγοντες
517 1432 616 1486 ύμιν
642 1434 966 1488 περιτρέπουσινς
1005 1436 1040 1476 εἰ
1064 1432 1140 1489 γάρ
1170 1451 1260 1476 τινα
1290 1432 1516 1490 ὄνειδισμὸν
1531 1440 1606 1478 τοῦ

154 1524 252 1557 textu
282 1524 395 1555 tamen
418 1525 455 1556 et
485 1522 593 1556 forma
616 1521 781 1556 condendi
806 1521 998 1557 testamenti
1024 1521 1226 1557 luculentam
1248 1521 1414 1564 criminis,
1448 1524 1493 1558 ob
1515 1523 1606 1578 quod

152 1566 267 1602 addici
294 1578 353 1600 eos
381 1568 578 1601 exterminio
612 1579 654 1602 ac
689 1567 862 1602 custodiae
895 1567 1057 1611 contigit,
1087 1568 1322 1603 infitiationem
1353 1549 1507 1603 codicillo
1538 1569 1606 1604 rite

153 1613 269 1648 ultimo
299 1611 518 1656 consignant,
552 1625 619 1647 non
652 1613 763 1654 aliud,
796 1619 957 1659 quantun
979 1613 1147 1655 arbitror,
1177 1613 1256 1647 inde
1278 1613 1342 1648 sibi
1365 1618 1606 1659 proventurum

153 1658 362 1711 potissimum
386 1659 589 1693 commodum
614 1663 811 1703 spectantes
833 1669 931 1704 quam
954 1658 1175 1693 amolitionem
1199 1660 1309 1693 famae
1330 1659 1511 1700 sinistrae,
1534 1671 1606 1693 me-

153 1703 292 1738 moriam
316 1714 451 1748 quoque
481 1704 631 1749 ipsorum
662 1710 741 1758 post
773 1705 878 1739 vitam
900 1704 1094 1738 exhaustam
1126 1711 1353 1757 gravaturae3
1383 1715 1450 1749 qua
1483 1704 1605 1748 pleris-

154 1761 230 1803 que
243 1749 405 1783 hactenus
427 1761 628 1803 persuasum
650 1750 697 1784 sit
728 1750 801 1784 iure
822 1749 916 1795 ipsos
937 1761 979 1784 ac
1008 1749 1128 1783 merito
1151 1749 1269 1794 poenis
1294 1750 1399 1783 fuisse
1418 1748 1607 1783 istiusmodi

156 1793 349 1835 subiectos,
374 1794 505 1846 quippe
538 1807 617 1829 vere
650 1806 728 1828 reos
757 1795 897 1829 sceleris
932 1796 976 1828 ob
999 1795 1089 1840 quod
1112 1795 1200 1828 iuste
1223 1794 1435 1847 legitimeque
1457 1793 1605 1828 damnati

155 1839 295 1873 suerint.
341 1839 420 1872 mihi
439 1844 557 1873 contra
579 1840 694 1874 humili
728 1845 764 1874 et
795 1841 986 1885 peccatori,
1019 1843 1055 1873 et
1085 1840 1225 1880 throno,
1259 1850 1357 1892 quem
1379 1838 1607 1872 ineffabilibus

157 1884 214 1917 dei
235 1883 368 1916 iudiciis
398 1885 538 1918 sortitus
560 1886 710 1926 fueram,
741 1885 896 1927 deiecto,
928 1888 965 1918 et
998 1884 1108 1918 exiliis
1140 1883 1400 1928 carceribusque
1434 1894 1542 1928 usque
1562 1884 1607 1919 ad

155 1934 298 1962 mortem
319 1928 487 1969 damnato,
510 1940 573 1962 nec
594 1930 775 1982 quidquam
798 1931 833 1963 in
852 1930 1003 1963 mendica
1024 1936 1060 1962 et
1081 1929 1201 1962 misera
1223 1930 1358 1962 fortuna
1379 1929 1470 1974 quod
1491 1935 1608 1963 trans-

157 1974 287 2009 mittam
330 1973 530 2007 haeredibus
561 1974 668 2007 haber
672 1976 717 2015 ti,
755 1975 1012 2019 haudquaquam
1053 1972 1223 2006 scribendi
1261 1978 1374 2007 tamen
1412 1973 1606 2008 testamenti

158 2018 331 2052 consilinm
351 2017 537 2052 innascitur
558 2022 596 2052 ut
618 2019 652 2051 in
676 2030 716 2052 eo
741 2020 864 2052 crimen
894 2020 1056 2062 abnegem
1077 2023 1247 2052 tantarum
1276 2018 1355 2052 mihi
1378 2019 1604 2054 calamitatum

158 2074 313 2098 causam·
336 2062 407 2096 eius
436 2063 560 2108 quippe
584 2064 763 2108 profitendi
797 2075 839 2097 ac
873 2063 970 2108 quasi
992 2063 1177 2107 glorianter
1211 2063 1402 2097 ostentandi
1423 2066 1518 2099 tanto
1542 2075 1606 2110 po·-

158 2109 230 2143 tius
250 2107 362 2142 studio
385 2112 530 2150 teneor,
566 2114 604 2142 ut
624 2109 689 2142 hac
720 2108 824 2141 solum
856 2109 969 2152 gratia
1002 2109 1174 2141 obtentum
1197 2108 1284 2142 hunc
1305 2119 1463 2154 usurpem
1485 2121 1606 2164 supre-

157 2165 285 2189 marum
305 2153 494 2187 tabularum
516 2164 579 2198 pro
602 2153 870 2187 moribundorum
893 2153 1133 2187 consuetudine
1155 2153 1423 2194 scribendarum,
1455 2166 1522 2208 quo
1552 2155 1606 2189 ni·

157 2199 276 2234 mirum
298 2198 334 2232 in
358 2198 400 2232 iis
422 2199 541 2232 ultimo
564 2203 599 2232 et
620 2198 842 2242 irrefragabili
864 2198 1052 2232 testimonio
1076 2198 1264 2232 confirmem
1286 2209 1340 2232 me
1360 2199 1396 2233 in
1410 2180 1508 2234 istius
1523 2211 1606 2246 pro-

156 2244 312 2280 fessionis
333 2243 544 2278 irrevocabili
567 2243 754 2277 constantia
776 2254 882 2288 usque
903 2243 946 2277 ad
968 2250 1153 2277 extremum
1175 2243 1311 2277 halitum
1333 2244 1483 2287 durasse.
1527 2256 1605 2280 nam

157 2302 247 2344 quae
269 2289 345 2324 aliis
366 2289 549 2323 molitioni
570 2288 746 2323 dedecoris
772 2292 847 2330 est,
870 2288 1038 2331 criminis,
1061 2288 1156 2322 cuius
1178 2289 1343 2322 habentur
1365 2289 1432 2330 rei,
1454 2290 1602 2336 negatio,

157 2335 238 2370 mihi
260 2335 375 2369 eadem
400 2334 560 2369 infamiae
582 2345 683 2368 causa
714 2337 824 2374 esset,
858 2341 1104 2387 proptereaque
1125 2335 1235 2368 famae
1264 2334 1466 2389 posthumae
1482 2346 1604 2370 consu-

157 2381 230 2415 lens
252 2380 334 2415 illud
357 2380 413 2414 hic
435 2381 522 2414 ultro
546 2380 703 2424 clareque
724 2379 897 2412 confiteor.
940 2378 1096 2432 quoniam
1111 2379 1196 2413 euim
1212 2379 1414 2424 imputatum
1423 2379 1503 2414 mihi
1525 2380 1603 2414 vice

159 2426 305 2459 criminis
337 2431 410 2466 est,
436 2426 525 2470 quod
559 2425 804 2477 processionem
833 2423 951 2458 Sancti
982 2424 1132 2478 Spiritus
1161 2435 1203 2458 ex
1234 2430 1333 2470 patre
1356 2436 1419 2470 per
1441 2426 1545 2459 filium
1567 2434 1603 2459 et

160 2471 306 2505 eiusdem
323 2449 472 2524 Spiritus
488 2482 530 2505 ex
545 2476 643 2516 patre
666 2481 729 2523 per
740 2469 844 2503 filium
863 2468 1046 2503 extantium
1069 2469 1240 2504 crederem
1263 2474 1299 2503 et
1317 2469 1485 2513 docerem,
1506 2471 1603 2503 ideo-

158 2528 227 2561 que
245 2517 364 2559 dignus
386 2515 555 2550 iudicatus
578 2527 650 2549 sum
672 2515 732 2560 qui
753 2519 789 2549 et
810 2527 831 2548 e
852 2513 1079 2560 patriarchico
1099 2514 1219 2549 throno
1249 2514 1414 2550 deiicerer
1434 2521 1471 2549 et
1493 2514 1603 2549 exiliis

160 2562 387 2614 custodiisque
408 2573 516 2607 usque
538 2562 579 2595 ad
603 2566 741 2595 mortem
763 2560 960 2601 addicerer,
990 2570 1057 2594 non
1087 2570 1141 2593 me
1169 2559 1250 2594 illud
1282 2559 1504 2602 conscivisse,
1535 2571 1602 2594 non

159 2605 195 2639 in
219 2618 259 2640 eo
280 2613 434 2660 perstare
454 2607 604 2648 infitior,
635 2617 699 2639 non
722 2605 755 2639 id
787 2617 808 2639 a
835 2617 888 2639 me
919 2608 957 2638 ut
986 2605 1164 2649 probrum,
1187 2608 1226 2639 ut
1256 2605 1422 2647 dedecus,
1443 2605 1600 2639 ιιιιιοΙίοτι

186 2651 244 2684 ιιίιι
265 2663 293 2684 si
315 2663 367 2685 cui
390 2653 481 2685 forte
502 2652 536 2686 id
559 2651 759 2686 contumelia
779 2650 914 2695 dignum
937 2651 1191 2703 pudendumque
1211 2650 1390 2690 videatur,
1407 2661 1471 2694 ego
1493 2650 1538 2684 ab
1561 2661 1603 2684 eo

162 2663 362 2730 :iissentieus
383 2696 492 2730 laudis
515 2697 637 2730 hocin
659 2703 757 2742 parte
778 2707 891 2740 pono,
914 2707 955 2729 ac
977 2695 1055 2729 talis
1077 2695 1210 2749 quidem
1277 2675 1406 2740 probrii
1428 2695 1520 2728 velut
1542 2704 1601 2728 co-

161 2751 246 2774 rona
267 2741 409 2785 quadam
431 2741 580 2775 redimiri
601 2753 654 2776 me
674 2753 741 2776 non
763 2752 878 2776 renuo.
925 2751 1080 2795 quorsum
1103 2739 1189 2774 enin
1210 2707 1386 2774 inli'tiando
1405 2739 1603 2785 repellerem

164 2786 399 2830 opprobrium,
420 2787 511 2831 quod
532 2787 576 2821 ob
598 2786 839 2832 professionem
859 2791 943 2821 recti
965 2785 1132 2831 dogmatis
1158 2796 1224 2820 non
1246 2785 1355 2830 magi·
1372 2784 1407 2819 in
1429 2795 1483 2820 me
1503 2795 1604 2831 quam
