1858 3126
379 159 454 202 DE
487 154 815 200 ANDRONICO
850 151 1219 196 PALAEOLOGO
1256 152 1301 197 L.
1331 153 1389 195 V.
1522 149 1620 196 397

161 273 288 330 μέγας
302 289 363 323 τις
383 269 516 322 δόξοι,
554 269 600 313 01'
601 288 630 325 χ
657 268 780 319 ὅσους
797 267 874 311 ἀνὰ
892 274 1031 323 χεῖρας
1047 267 1112 309 καὶ
1129 262 1284 320 μόνους
1299 262 1377 319 εἶχε
1393 260 1619 314 τοσούτους

161 344 230 386 καὶ
251 340 359 398 ἄγειν
378 338 577 395 ἠβούλετο
590 371 604 391 ,
643 338 748 381 ἀλλὰ
769 331 1216 393 προσφιλοτιμοῦμενος
1235 335 1302 376 καὶ
1321 332 1471 383 ἄλλους
1490 338 1618 389 συνῆ-

159 428 202 467 γε
211 443 226 464 ,
263 416 353 459 ταῖς
371 408 452 451 ἀπὸ
469 407 669 461 βασιλέως
686 406 839 448 ἐλπίσιν
858 405 1096 460 ἅναπτερῶν
1104 435 1118 455 ,
1157 402 1261 446 ὥστε
1290 403 1375 457 μηδ
1382 400 1396 417 '
1421 401 1522 456 ἔχειν
1541 402 1617 445 αὗ-

159 477 320 535 τᾶρκεις
348 481 449 526 ναῦς
476 474 730 530 συνεκφέρειν
754 473 801 516 τὸ
829 470 1170 528 στρατολίγημα,
1213 470 1323 525 μηδέ
1349 487 1393 525 γε
1417 468 1615 525 χρήματα

125 545 263 592 5τόσα
291 545 397 590 ὥστε
428 545 495 586 καὶ
523 541 854 599 προκαταρκτικὰ
883 538 1040 584 διδόναι
1068 539 1130 582 ἐπὶ
1162 543 1328 592 βασιλεῖ·
1353 537 1525 598 ἐχεγγύῳ
1563 539 1616 582 τὰ

157 619 325 658 πλεῖστα
367 611 594 669 παρέξοντα
666 608 734 652 διά
763 627 826 652 τοι
852 613 984 651 ταῦτα
1014 610 1082 650 καὶ
1111 611 1152 649 Γ
1149 610 1370 657 mathan,-
1396 608 1616 663 προσσχών

156 685 220 726 ἐπὶ
250 683 431 724 πίστεσιν
457 681 643 736 ἓκιχρᾶτο
677 684 766 728 ταῖς
795 678 996 730 βασιλέως
1021 674 1114 720 ῶσεὶ
1142 674 1330 730 χιλιάδας
1354 675 1478 719 εἴκοσι
1498 694 1615 730 νομι-
1637 682 1668 717 Ρ
1690 684 1758 719 276

155 747 347 805 σμᾶτων,
383 749 436 792 τὰ
466 750 540 803 μὲν
573 749 639 791 καὶ
667 744 917 801 λαμβάνων,
951 745 1003 788 τὰ
1032 746 1076 787 δὲ
1102 746 1171 787 καὶ
1198 744 1266 787 διὰ
1295 744 1369 799 τὴν
1393 749 1477 788 τῶν
1505 750 1613 800 νηῶν

151 819 292 875 χρείαν
315 819 472 861 ἐκείνων
495 818 549 866 εἰς
566 816 639 871 τὴν
660 820 732 858 τοῦ
753 819 857 858 λαοῦ
877 811 1115 857 διαπλώῖσιν
1135 812 1473 870 προσδεχόμενος.
1524 817 1564 857 Γ
1562 833 1614 857 α-

102 891 358 943 Ῑομηλιῶνος
383 887 457 940 μὲν
486 880 582 937 οὖν,
629 882 684 934 ὥς
714 883 893 939 εἴρηται,
930 888 980 940 τῇ
1012 883 1329 926 Κωνσταντίνου
1358 883 1613 939 ἐφίστανται.

155 957 223 998 καὶ
251 955 443 1009 βασιλεῦς
473 956 671 996 τοσοῦτον
701 953 800 995 λαὸν
833 951 934 1007 παρ’
970 953 1113 994 ἐλπίδα
1141 949 1380 1004 δεξάμενος,
1417 949 1529 1006 ὅμως
1560 957 1612 1009 τῇ

153 1028 228 1079 τῆς
252 1023 486 1078 συμμαχίας
509 1023 639 1064 ἐλπίδι
673 1020 926 1076 ἅναθαρρῶν
950 1020 1046 1070 τοὺς
1070 1020 1292 1076 λογισμοῦς
1321 1017 1612 1077 κραταιότερον

149 1093 245 1147 ’ίστη
269 1094 335 1134 καὶ
353 1090 605 1147 ἀμφοτέραις
624 1088 800 1144 ἕξῆντλει
822 1090 938 1146 σφίσι
961 1089 1010 1131 τοὶ
1024 1087 1242 1145 χρήματα,
1280 1091 1346 1131 καὶ
1365 1089 1610 1145 θησαυροῦς
1629 1106 1659 1140 Β

152 1158 309 1210 πάντας
337 1159 410 1209 οὓς
440 1159 697 1212 ἇνεπίμπλων
729 1158 768 1200 οἷ
795 1155 1057 1212 πανταχόθεν
1089 1159 1264 1211 δασμοί,
1315 1158 1610 1211 ἐπισχεθέντων

100 1235 141 1270 15
152 1226 278 1271 πάλαι
306 1230 374 1270 καὶ
402 1227 539 1270 αὐτῶν
568 1227 699 1283 ῥογῶν
728 1228 794 1269 καὶ
819 1228 1052 1283 προσοδίων
1075 1233 1160 1275 τοῖς
1183 1227 1224 1268 ἓν
1242 1224 1480 1283 ἀνακτόρων
1508 1229 1609 1271 δου-

152 1295 351 1349 λεύουσιν,
373 1295 400 1339 ἃ
416 1296 464 1351 δὴ
487 1297 554 1338 καὶ
570 1299 751 1349 βασιλεῖς
769 1296 811 1346 ἓξ
830 1294 1004 1351 ἀρχαίου
1021 1297 1077 1343 εἷς
1091 1295 1275 1348 μισθους
1293 1296 1461 1338 ἐτίθουν
1481 1295 1610 1352 ἀναγ-

151 1365 291 1414 καίους
307 1371 393 1414 τοῖς
409 1362 746 1420 ὖπηρετουμὲνοις
756 1395 768 1414 ,
807 1364 969 1412 ἐκείνοις
989 1363 1252 1413 ἔξεκενοῦντο.
1322 1363 1430 1406 ἀλλὰ
1446 1363 1518 1407 τὸν
1533 1366 1609 1419 μὲν

148 1431 390 1489 Ῥοντζὲριον
422 1433 477 1481 εἷς
509 1432 612 1486 μέγα
641 1429 818 1486 τιμήσας
850 1429 1000 1483 δούκα,
1037 1433 1106 1473 καὶ
1135 1431 1232 1480 τούς
1261 1431 1364 1487 παρ’
1386 1431 1516 1476 αὐτοῦ
1540 1436 1609 1476 καὶ

151 1502 268 1550 ι’δίοις
284 1498 512 1556 μεγαλῦνας
531 1497 718 1553 ὀνόμασι,
743 1499 932 1556 γαμβρὸν
952 1499 1057 1541 κατὰ
1080 1501 1156 1548 τὰς
1174 1498 1391 1555 ὁμολογίας
1412 1503 1609 1558 καθίστη.

35 1602 40 1606 -
94 1565 200 1626 Ξοῆν
237 1570 283 1612 δὲ
319 1568 402 1625 ἄρα
439 1569 507 1611 καὶ
545 1574 630 1618 τοῖς
674 1568 860 1611 ἐπιστᾶσι
898 1571 1061 1611 πολλῶν
1101 1573 1342 1626 φιλοτιμιῶν
1382 1568 1603 1615 ἀπολαύειν
1627 1579 1657 1614 C

147 1654 275 1699 voluit,
309 1654 370 1689 sed
401 1653 485 1688 alios
517 1656 700 1700 praeterea
731 1653 886 1688 evocavit
916 1654 1088 1700 promissis
1110 1655 1255 1701 magnis,
1288 1667 1428 1701 quorum
1451 1656 1609 1691 videlicet

148 1700 345 1736 solutionem
369 1700 567 1745 imperatori
590 1701 774 1744 delegaret.
823 1706 1055 1734 convenerunt
1077 1701 1120 1735 ad
1144 1713 1236 1746 spem
1260 1707 1429 1736 ostensam
1449 1703 1611 1748 imperia-

146 1747 191 1781 lis
215 1758 322 1791 gazae
343 1746 490 1791 largiterd
507 1758 583 1780 mox
607 1745 861 1791 participandae
883 1746 996 1780 Latini
1018 1750 1113 1781 tanto
1145 1759 1306 1791 numero,
1337 1752 1376 1782 ut
1408 1759 1471 1782 nec
1500 1759 1607 1783 naves

149 1803 237 1846 quae
258 1792 333 1826 illos
357 1797 518 1838 caperent
539 1803 603 1825 nec
625 1792 799 1837 pecuniam
824 1793 1029 1826 Rontzerins
1055 1793 1217 1834 haberet,
1252 1805 1340 1838 quae
1362 1794 1538 1827 sufficeret
1560 1795 1605 1829 ad

147 1838 295 1882 singulos
316 1838 371 1871 vel
393 1837 540 1883 exigua,
571 1849 660 1882 quae
682 1843 860 1882 vegetaret
882 1838 1091 1873 alacritatem
1114 1839 1247 1873 nomina
1270 1839 1421 1873 dantium
1435 1864 1446 1881 ,
1481 1851 1605 1884 eroga-

147 1882 297 1917 tiuncula
318 1883 436 1918 saltem
459 1883 698 1928 aspergendos.
746 1895 852 1929 quare
874 1884 1036 1930 appulsus
1060 1884 1103 1918 ad
1127 1886 1344 1926 Genuenses,
1371 1884 1505 1930 illisque
1528 1886 1605 1929 glo-

148 1926 277 1961 rianter
305 1929 511 1962 ostentandis
544 1928 760 1974 imperatoris
791 1929 1026 1974 diplomatibus
1056 1930 1158 1964 fidem
1192 1930 1225 1963 in
1256 1930 1438 1963 mutuando
1467 1936 1602 1975 nactus,

147 1972 267 2018 viginti
290 1973 425 2006 circiter
446 1974 582 2007 millium
605 1985 781 2007 aureorum
805 1986 879 2008 cum
903 1975 970 2008 illis
992 1975 1141 2009 debitum
1164 1975 1353 2016 contraxit,
1375 1987 1462 2020 quae
1484 1987 1522 2010 se
1543 1977 1601 2012 ille

149 2018 440 2063 Constantinopoli
462 2019 646 2052 soluturum
667 2019 812 2063 pecunia
835 2020 899 2053 sibi
921 2020 1035 2054 statim
1063 2021 1106 2053 ab
1128 2023 1281 2063 Augusto
1312 2022 1600 2065 repraesentanda

146 2063 316 2108 pollicitus
338 2069 403 2097 est.
449 2069 619 2097 caeterum
642 2075 708 2097 non
730 2068 837 2098 totam
861 2077 935 2098 eam
957 2076 1117 2099 summam
1140 2071 1312 2100 numerato
1334 2067 1481 2112 accepit:
1518 2080 1602 2113 pars

146 2109 233 2143 enim
254 2108 292 2143 in
314 2111 445 2143 naulum
470 2114 523 2142 est
543 2109 708 2153 imputata
729 2110 1020 2154 suppeditaturum
1044 2122 1063 2143 a
1088 2111 1326 2146 Genuensibus
1345 2113 1491 2157 navium,
1515 2121 1600 2160 quot

145 2166 229 2200 opus
261 2156 358 2188 suere
389 2154 488 2188 novis
510 2154 686 2188 Rontzerii
708 2154 894 2188 delectibus
919 2156 1199 2200 transportandis.
1245 2158 1293 2191 sic
1315 2157 1420 2202 igitur
1440 2160 1602 2205 Septem-

143 2201 217 2242 bri,
241 2204 281 2234 ut
302 2200 425 2234 dictum
450 2203 521 2242 est,
542 2211 656 2234 mense
678 2200 881 2234 Rontzerius
902 2212 978 2234 cum
1000 2203 1109 2235 classe
1133 2202 1456 2250 Constantinopolim
1480 2209 1602 2252 appel-

143 2245 208 2287 lit,
242 2246 376 2291 quando
406 2246 588 2290 imperator
613 2250 709 2279 tanto
734 2251 872 2290 praeter
895 2257 988 2291 spem
1012 2252 1132 2281 auctus
1158 2249 1332 2290 exercitu,
1365 2255 1401 2284 et
1422 2250 1541 2295 ingens
1563 2253 1599 2288 in

143 2296 315 2336 posterum
346 2292 548 2336 peregrinae
570 2291 713 2325 militiae
741 2303 866 2336 operae
888 2292 1030 2336 pretium
1057 2298 1259 2338 expectans,
1289 2295 1423 2330 firmato
1446 2309 1467 2332 a
1489 2299 1601 2344 trepi-

143 2336 280 2371 datione
303 2337 408 2381 priori
432 2337 542 2372 animo
564 2337 751 2382 largissime
773 2342 968 2371 muneratus
990 2340 1042 2371 est
1066 2339 1233 2383 hospites,
1265 2349 1302 2374 et
1326 2346 1471 2388 utraque
1492 2355 1598 2398 pecu-

143 2381 233 2416 niam
270 2382 446 2417 effundens
475 2394 594 2425 manu,
637 2383 836 2424 thesauros,
879 2394 964 2428 quos
995 2384 1215 2430 undecunque
1251 2397 1390 2422 corrasa
1418 2390 1600 2436 vectigalia

144 2427 394 2473 eompleverant
425 2430 590 2475 (quorum
613 2428 681 2463 iam
705 2439 785 2474 pars
811 2428 901 2462 nulla
923 2429 1178 2464 distrahebatur
1199 2431 1233 2464 in
1256 2438 1508 2468 auctoramenta
1531 2448 1595 2470 ve-

141 2477 250 2507 terum
285 2473 422 2508 militum
457 2480 492 2508 et
522 2474 695 2519 stipendia
726 2474 948 2519 palatinorum
980 2486 1023 2508 ex
1056 2475 1157 2520 longo
1187 2477 1326 2512 decreta
1354 2479 1595 2523 ministrorum,

142 2519 292 2552 omnibus
314 2519 366 2553 his
390 2531 518 2565 nuper,
548 2520 599 2554 uti
623 2520 712 2561 dixi,
742 2521 964 2565 abrogatis),
997 2521 1032 2554 in
1054 2521 1174 2555 horum
1195 2523 1289 2558 sinus
1310 2525 1507 2560 exinanivit.
1553 2538 1596 2561 ac

110 2564 115 2568 ’
140 2563 358 2599 Rontzerium
380 2566 513 2610 quidem
535 2566 699 2611 promisso
720 2565 890 2610 insignivit
912 2566 1008 2600 ducis
1030 2567 1143 2611 magni
1165 2568 1282 2613 titulo,
1304 2571 1486 2606 familiares
1507 2583 1597 2616 quo-

142 2618 210 2652 que
238 2609 310 2644 eius
340 2609 525 2645 illustribus
558 2612 636 2646 aliis
669 2611 856 2646 nominibus
886 2611 1066 2646 honorans.
1113 2612 1258 2659 denique
1280 2617 1370 2661 quod
1393 2620 1469 2651 erat
1491 2617 1595 2650 etiam

141 2653 329 2698 pollicitus,
362 2656 531 2691 affinitate
562 2657 629 2691 sibi
662 2657 804 2691 eundem
826 2657 975 2691 admovit
997 2657 1137 2700 intima,
1170 2660 1297 2705 nuptiis
1318 2674 1392 2696 cum
1415 2673 1456 2696 eo
1478 2662 1594 2707 neptis

140 2709 223 2732 suae
242 2699 375 2735 Mariae
396 2702 589 2737 celebratis.
633 2714 699 2758 quo
727 2707 800 2737 toto
824 2706 976 2748 tempore
998 2706 1095 2738 tanta
1117 2704 1232 2740 extitit
1253 2706 1288 2741 in
1310 2707 1371 2742 hos
1393 2718 1507 2741 omnes
1530 2719 1593 2742 ex-

140 2747 232 2777 teros
254 2745 434 2781 Andronici
455 2748 702 2791 munificentm,
735 2754 776 2782 ut
805 2747 911 2782 cuivis
939 2760 1053 2783 eorum
1076 2749 1122 2784 ad
1143 2751 1259 2786 statim
1289 2752 1521 2799 accipiendum
1544 2753 1592 2788 ab

139 2790 295 2834 Augusto
327 2790 450 2826 donum
480 2794 725 2839 quantumlibet
746 2794 813 2829 alio
836 2806 903 2829 non
931 2799 1023 2830 esset
1045 2807 1132 2842 opus
1154 2807 1253 2843 quam
1273 2798 1375 2833 istius
1397 2799 1431 2833 ei
1453 2798 1604 2844 deside-
