1820 3112
322 151 400 194 DE
433 147 766 194 ANDRONICO
800 148 1176 194 PALAEOLOGO
1211 151 1259 194 L.
1277 148 1352 195 111.
1492 149 1593 196 257

121 267 427 323 προσπεσοῦσα,
455 267 531 306 τοῦ
551 259 668 313 δόξαι
685 260 762 316 οὔχ
778 255 904 317 ἧττον
921 260 1092 315 βαθέως
1109 259 1134 316 ἢ
1154 260 1307 321 ῥᾳδίως
1327 258 1587 318 ἐργάζεσθαι,

118 334 267 389 μείζων
293 331 407 387 παρὰ
435 338 522 381 τοῖς
547 330 643 373 κατ’
678 331 830 373 ἐκείνου
857 330 1121 385 ἐπιτηροῦσιν
1149 328 1285 380 ἔδοξεν
1312 327 1461 386 ἑαυτῆς
1479 330 1524 375 ἔκ
1543 349 1586 376 τε

120 406 198 445 τοῦ
218 402 286 444 καὶ
306 399 433 443 αὐτὸν
450 397 660 454 ὁμολογεῖν
689 398 738 442 τὸ
764 402 972 454 προσῆκον
993 401 1042 440 Χ
1038 405 1258 453 ριστιανοῖς
1263 431 1278 451 ,
1314 396 1373 449 ὥς
1395 398 1489 443 οὔτε
1509 404 1586 456 τῆς

121 473 198 513 τοῦ
225 473 330 512 θεοῦ
361 470 528 523 ἐντολῆς
554 467 648 510 οὔτε
676 471 759 510 τῶν
790 467 941 510 ἐκείνου
973 463 1110 521 νόμων
1128 468 1195 508 καὶ
1218 465 1582 524 παραγγελμάτων,

89 536 218 582 5οῧτε
236 537 321 591 μὴν
338 541 475 591 ψυχῆς
495 534 630 592 φόβον
648 534 754 585 ὅλως
772 533 943 590 ἐχούσης
962 533 1091 578 αὐτοῦ
1114 538 1190 578 τοῦ
1209 538 1313 578 θεοῦ
1338 538 1406 578 καὶ
1426 535 1584 582 ἔννοιαν

120 610 195 661 τῆς
213 602 544 657 ἀνταποδόσεως,
579 603 686 646 κακὰ
710 603 801 646 ἀντὶ
817 608 954 647 κακῶν
974 602 1217 646 ἀποδοῦναι.
1288 604 1323 646 εἴ
1347 604 1397 647 δέ
1417 622 1458 648 τι
1477 605 1578 650 ἄλλο
1601 606 1635 643 E

120 673 203 717 ἀπὸ
221 676 410 730 Χριστοῦ
430 672 673 730 ἅφορισμῶν
687 674 824 726 μεῖζον
843 672 969 716 κακόν
986 675 1120 715 ταῦτα
1138 670 1204 714 ἔπ’
1228 671 1379 722 αἰτίαις
1397 675 1501 716 τισίν
1510 707 1524 727 ,
1560 673 1583 719 ὅ

119 742 258 786 θέλων
279 740 461 799 κρινέτω.
532 741 633 790 τέως
650 758 693 797 γε
708 740 792 796 μὴν
812 740 889 784 κᾶν
908 745 968 799 τῷ
989 739 1214 796 ὁμολογεῖν,
1250 738 1349 783 ὅσον
1366 740 1414 784 τὸ
1433 743 1581 796 δοκεῖν,

121 808 179 860 ὥς
214 810 289 854 οὔκ
329 811 372 852 ἐν
404 806 543 868 χρόνῳ
572 810 651 852 τινὶ
684 808 790 852 ἀλλὰ
820 811 887 852 καὶ
917 809 1066 852 αὐτίκα
1096 808 1166 851 3⁷1²
1196 806 1337 859 αὐτοῖς
1360 811 1581 867 μεταγνοιή

73 875 330 935 ιογρᾶμμασι
360 879 428 921 καὶ
454 876 561 921 λύειν
591 877 728 921 ἐθέλοι
755 879 824 922 καὶ
850 877 1057 936 ἀφανίζειν
1087 877 1245 935 αἶροῖτο
1267 875 1295 919 ἃ
1312 876 1412 929 τέως
1430 877 1519 923 ἔδεέ
1536 897 1581 924 τε

117 949 186 991 καὶ
205 947 464 1004 ἠσφαλίζετο.

254 1016 334 1060 25.
400 1018 574 1058 Βασιλεῖ
592 1015 719 1057 δὲκαὶ
738 1010 866 1066 αὖθις
885 1016 1055 1073 φροντὶς
1076 1010 1127 1071 ἦν
1143 1013 1192 1058 οὗ
1211 1014 1338 1071 μικρὰ
1358 1032 1579 1073 παρακεκι-
1602 1014 1631 1051 Ρ
1652 1022 1719 1059 174

114 1083 295 1140 νημένων
323 1083 443 1126 ἴνθεν
472 1084 547 1138 μὲν
575 1087 656 1126 τῶν
686 1081 887 1140 Τοχάρων
897 1117 911 1137 ,
947 1083 1037 1128 ὅσοι
1058 1085 1109 1139 δὴ
1129 1085 1196 1127 καὶ
1216 1085 1279 1126 ε’πὶ
1299 1085 1477 1141 βορείοις
1494 1092 1583 1137 τοῖς

114 1152 276 1208 μέρεσιν
294 1151 456 1204 ἔκειντο,
495 1153 647 1195 ἐκεῖθεν
667 1152 716 1195 δέ
732 1170 775 1209 γε
797 1157 880 1195 τῶν
904 1156 1148 1210 Τριβαλλῶν
1166 1152 1388 1209 χρωμένων
1407 1157 1468 1214 τῷ
1486 1157 1594 1199 Κο-’

62 1226 107 1262 15
117 1222 295 1278 τανίτζῃ,
325 1219 371 1270 ὃς
389 1220 439 1276 δὴ
462 1222 532 1263 καὶ
552 1220 739 1277 ἀποδρὰς
762 1222 965 1274 ἐντεῦθεν,
1002 1223 1220 1278 προσρυεὶς
1240 1228 1299 1279 τῷ
1319 1219 1451 1280 κρᾶλῃ
1473 1227 1579 1280 Σερ-

114 1290 211 1343 βίας
229 1292 444 1346 ληΐστορος
458 1287 612 1346 τρόπον
631 1290 849 1333 καταθέων
866 1289 918 1332 τὰ
939 1288 1162 1346 πρόσχωρα
1182 1291 1356 1345 ἓληΐζετο
1365 1322 1380 1342 ,
1416 1289 1465 1334 οὗ
1494 1291 1578 1347 μὴν
1599 1299 1629 1335 P
1654 1304 1718 1339 175

116 1358 162 1400 δὲ
178 1356 283 1400 ἀλλὰ
300 1359 368 1400 καὶ
386 1362 468 1400 τῶν
483 1362 557 1412 τῆς
576 1357 779 1412 ἀνατολῆς
798 1357 846 1401 οὐ
865 1362 1002 1408 καλῶς
1019 1356 1194 1413 ἐχόντων
1214 1359 1258 1400 ἐκ
1279 1362 1353 1413 τῆς
1373 1360 1577 1418 προτέρας

113 1478 214 1512 quam
238 1479 280 1502 ex
302 1466 371 1501 ullo
394 1465 551 1511 superius
574 1465 882 1501 animadversorum
904 1466 1085 1512 pravitatis
1103 1465 1211 1512 ipsius
1226 1465 1447 1510 indiciorum,
1469 1479 1577 1515 argu-

113 1517 261 1547 mentum
283 1513 453 1547 duxerunt
474 1512 517 1547 ad
538 1512 751 1547 iudicandum
774 1514 906 1547 vafrum
929 1524 1006 1547 esse
1027 1513 1119 1546 illum
1142 1525 1184 1547 ac
1206 1512 1402 1556 subdolum,
1424 1514 1576 1550 minime-

111 1569 180 1604 que
201 1559 311 1593 bonae
332 1559 414 1592 fidei
435 1570 477 1592 ac
498 1557 651 1592 sincerae
671 1558 707 1592 in
730 1559 861 1604 agendo
882 1558 1108 1604 simplicitatis
1126 1558 1303 1593 hominem.
1341 1571 1419 1593 nam
1434 1571 1479 1594 ne
1492 1567 1575 1596 acta

111 1603 187 1638 eius
207 1604 299 1646 ista,
330 1616 419 1650 quae
450 1615 540 1638 nunc
568 1610 747 1649 purgatum
769 1605 864 1647 ibat,
894 1604 1108 1650 ignorantiae
1138 1609 1198 1638 aut
1227 1604 1405 1640 caecitatis
1427 1617 1470 1640 ex
1494 1618 1575 1652 per-

110 1650 306 1684 turbatione
325 1651 520 1695 praesenti,
542 1650 731 1684 cadentium
754 1650 790 1684 in
813 1651 906 1685 viros
928 1651 1030 1685 etiam
1052 1651 1159 1685 bonos
1182 1662 1353 1692 errorum,
1377 1653 1573 1687 excusatio·

111 1695 211 1730 m'bus
233 1707 256 1730 a
277 1696 497 1740 malignitatis
520 1701 600 1730 nota
622 1696 894 1739 vindicarentur,
926 1697 1107 1738 obstabat,
1138 1696 1228 1742 quod
1256 1695 1332 1741 ipse
1361 1709 1451 1731 nunc
1482 1698 1575 1732 ultro

110 1742 286 1776 fatebatur
305 1741 394 1776 scire
416 1754 492 1776 sese
515 1754 556 1776 ac
579 1753 663 1787 prae
686 1743 793 1776 oculis
815 1742 937 1777 mentis
957 1742 1136 1784 habuisse,
1166 1741 1247 1787 quid
1279 1742 1463 1777 Christiani
1491 1743 1574 1777 offi-

112 1786 200 1821 cium
231 1792 409 1832 posceret,
447 1787 527 1834 quid
558 1788 614 1822 dei
640 1789 853 1831 mandatum,
896 1788 976 1834 quid
1010 1788 1083 1822 eius
1114 1788 1207 1832 leges
1241 1792 1278 1822 et
1300 1788 1573 1823 denuntiationes

110 1833 407 1877 praescriberent3
441 1839 578 1879 praesto
610 1833 713 1868 etiam
746 1835 812 1869 sibi
845 1834 994 1868 adfuisse
1015 1833 1070 1868 dei
1092 1833 1246 1868 timorem
1269 1845 1311 1867 ac
1333 1833 1572 1877 cogitationem

110 1888 154 1911 ex
253 1883 311 1912 tae
341 1879 596 1922 retributionis,
637 1880 760 1925 quibus
793 1881 947 1914 omnibus
979 1880 1083 1914 rebus
1116 1878 1353 1924 prohiberetur
1384 1878 1474 1912 mala
1506 1891 1570 1923 pro

109 1923 207 1957 malis
221 1923 375 1958 reddere.
419 1924 474 1958 his
496 1925 615 1970 plenus
637 1925 791 1959 sensibus
814 1926 871 1971 qui
893 1931 1007 1960 tamen
1025 1935 1253 1970 quoscumque
1275 1923 1338 1957 sibi
1362 1924 1572 1969 quibuslibet

109 1968 155 2002 de
177 1968 288 2003 causis
309 1969 507 2004 adversatos
529 1970 632 2005 exitio
655 1973 756 2015 longe
779 1972 923 2005 omnium
946 1971 1108 2011 maximo,
1140 1968 1347 2014 separationi
1379 1969 1515 2004 scilicet
1546 1981 1570 2006 a

111 2013 269 2055 Christo,
291 2018 452 2058 quantum
474 2015 541 2049 fuit
561 2015 598 2049 in
619 2015 714 2061 ipso,
738 2017 940 2057 subiecerit,
963 2016 1091 2050 iudicet
1112 2016 1171 2059 qui
1193 2013 1285 2048 volet
1307 2025 1385 2047 num
1408 2026 1452 2049 ex
1472 2026 1570 2051 mera

108 2059 852 2151 {ffi‘ffssss‘tltnfflziffifflffzoil'‘3232
873 2060 1183 2140 {lssssl‘ziffffssss‘e
1199 2059 1378 2150 Ξζῖῗαὲῒ
1381 2060 1568 2152 1220322:

523 2129 535 2146 9

109 2150 288 2196 impotenti
307 2150 436 2185 chartis
458 2162 637 2195 expressas
658 2151 733 2186 istis
754 2152 1001 2186 execrationum
1031 2150 1271 2185 horrendarum
1293 2152 1488 2198 conceperit
1507 2154 1565 2188 fu-

109 2197 190 2232 rias.
236 2200 312 2230 utut
344 2197 387 2230 de
417 2196 471 2230 his
501 2196 630 2238 suerit,
662 2207 752 2230 nunc
774 2197 906 2242 quidem
928 2197 986 2231 ille
1008 2201 1188 2241 utcumque
1212 2195 1393 2230 satisfecit.
1438 2198 1565 2234 etenim

110 2241 318 2283 confitendo,
341 2247 504 2287 quantum
525 2241 559 2276 in
581 2241 728 2286 speciem
750 2242 836 2276 satis
859 2243 966 2284 foret,
988 2253 1063 2275 sese
1085 2253 1151 2275 non
1173 2244 1291 2287 postea
1312 2242 1444 2278 demum
1462 2255 1565 2290 quam

108 2288 363 2322 renuntiaverat
394 2287 661 2333 patriarchatui,
695 2288 756 2322 sed
778 2288 846 2322 iam
868 2293 938 2322 tum
961 2292 1141 2332 antequam
1164 2288 1284 2321 throno
1307 2288 1469 2332 cederet,
1501 2290 1565 2324 da·-

108 2343 242 2368 mnasse
262 2345 304 2367 ac
326 2338 460 2368 matura
482 2333 691 2379 poenitentia
720 2345 899 2368 revocasse
922 2332 1084 2378 quidquid
1116 2344 1294 2378 perperam
1316 2333 1444 2378 egisset
1467 2335 1566 2370 clan-

108 2379 237 2414 cularia
257 2378 440 2424 scriptione
462 2385 499 2413 et
521 2390 647 2413 arcana
668 2378 878 2423 depositione
903 2379 1095 2413 chartarum
1111 2379 1208 2413 modo
1222 2377 1452 2424 inventarum,
1473 2380 1562 2415 omni

107 2424 209 2470 plane
230 2427 320 2458 metu
345 2425 448 2459 solvit
469 2425 652 2471 quamlibet
673 2425 826 2467 timidos,
859 2436 923 2459 nec
944 2423 1168 2469 suspicionem
1190 2424 1247 2458 ulli
1268 2426 1480 2469 quantumvis
1502 2438 1562 2460 su-

106 2469 302 2552 ἱεπῐίῑίοεο
326 2471 462 2516 reliquit
484 2471 585 2505 ullam
617 2476 812 2505 contractae
834 2482 856 2505 a
876 2482 915 2505 se
935 2473 996 2504 aut
1017 2469 1084 2503 sibi
1104 2469 1214 2504 adhuc
1234 2469 1406 2505 haerentis
1426 2483 1470 2506 ex
1493 2472 1562 2506 ista

152 2515 259 2550 rribili
278 2515 445 2561 scriptura
467 2516 594 2562 piaculi
624 2517 873 2562 cuiuscumque.
918 2515 1008 2549 unde
1028 2515 1066 2548 in
1087 2525 1249 2560 praesens
1269 2517 1455 2552 securitate
1477 2529 1561 2552 cun-

108 2559 175 2595 ctis
197 2560 331 2595 reddita
351 2561 478 2604 omnis,
500 2573 588 2616 quae
610 2574 651 2596 ex
674 2563 739 2596 hoc
761 2574 843 2597 casu
866 2561 1049 2600 extiterat.
1074 2564 1127 2594 est
1149 2561 1324 2595 commotio
1346 2563 1479 2597 sedata.

196 2605 254 2641 25.
300 2607 480 2641 Caeterum
511 2607 710 2652 imperatori
740 2619 853 2642 acrem
883 2606 1108 2641 admovebant
1138 2605 1383 2642 solicitudinem
1414 2618 1560 2642 commo-

107 2653 225 2684 mtes
246 2663 323 2686 sese
343 2652 423 2686 hinc
448 2652 583 2698 quidem
604 2653 776 2695 Tochari,
807 2656 976 2699 quotquot
1003 2651 1159 2686 borealea
1185 2657 1317 2687 tractus
1349 2653 1560 2696 insederant,

107 2694 185 2728 inde
202 2701 312 2731 autem
329 2697 488 2742 Triballi,
509 2699 554 2733 ad
575 2699 611 2733 id
632 2704 767 2733 utentes
786 2698 979 2738 Cotanitza,
1001 2697 1060 2742 qui
1082 2702 1261 2744 postquam
1283 2709 1305 2732 a
1326 2699 1423 2732 nobis
1444 2702 1560 2732 trans-

107 2740 271 2784 fugisset,
303 2742 488 2788 adiungens
509 2755 548 2778 se
571 2744 653 2778 crali
674 2745 837 2787 Serbiae,
869 2741 1011 2777 latronis
1032 2742 1103 2777 ritu
1123 2742 1300 2778 inmrsans
1333 2743 1478 2778 confinia
1498 2743 1561 2778 de·

106 2785 345 2831 praedabatur.
389 2789 575 2823 accedebat
595 2789 641 2824 ad
663 2790 747 2825 haec
769 2788 991 2825 Orientalium
1011 2799 1147 2836 qnoque
1166 2789 1343 2834 regionum
1363 2788 1465 2823 miser
1486 2792 1560 2824 sta-

162 2837 335 2884 Georgiu-
363 2839 588 2886 pachymere-
616 2841 667 2875 11.
1230 2839 1283 2877 17
