1858 3126
346 163 423 207 DE
450 159 781 206 ANDRONICO
812 157 1185 203 PALAEOLOGO
1216 159 1262 202 L.
1289 157 1365 201 lv.
1492 156 1588 203 331

130 279 203 324 τὸν
231 276 274 331 ἔξ
300 277 450 321 ἐκείνου
484 275 657 319 Μέλανα
682 273 897 329 ὖπεδέχετο
907 306 921 326 ,
953 271 1002 316 οὔ
1025 269 1150 316 τόσον
1170 271 1270 316 ὄντα
1281 305 1294 325 ,
1331 271 1429 315 ἀλλ’
1452 273 1590 317 ἱκανὸν
1613 282 1643 317 P
1666 282 1734 318 228

131 348 232 399 τέως
255 348 323 390 καὶ
347 351 495 390 τοῦτον
525 345 568 387 ἔκ
588 342 755 399 βάθους
782 340 1014 399 αὐτάρκους
1037 342 1112 397 τὴν
1132 345 1216 384 τῶν
1236 341 1402 398 ἐχθρῶν
1427 340 1592 386 anom-

133 414 240 460 λῦειν
258 415 422 474 ἔφοδον.
490 411 582 456 τότε
601 413 738 457 τοίνυν
756 413 798 464 ἐξ
814 410 983 468 ὄμβρων
1001 408 1023 453 ὅ
1042 407 1274 467 Σαγγάριος
1290 408 1594 468 πλημμυρῆσας

132 490 208 542 τῆς
229 485 336 534 ι’δίας
354 483 533 540 μεταΙρει
553 483 620 525 καὶ
640 477 766 531 αὖθις
784 482 936 536 κοίτης,
974 473 1025 534 ἧς
1044 480 1088 522 ἐκ
1105 483 1284 522 παλαιοῦ
1303 479 1400 523 ποτ’
1423 481 1595 523 {amoen-

102 555 253 604 ὁσθεὶς
274 550 515 607 ἐπελάβετο,
551 552 618 594 καὶ
647 551 748 608 πρὸς
773 549 849 605 τὴν
881 548 1087 606 προτέραν
1111 546 1296 605 ἀνέτρεχε
1309 581 1322 601 ,
1361 549 1428 591 καὶ
1452 543 1501 592 οὗ
1520 549 1595 604 μὲν

133 622 314 677 α’πέστη,
342 624 618 678 περαιοῦσθαι
639 621 707 663 καὶ
728 623 788 678 τῷ
807 615 971 673 τυχόντι
989 622 1200 675 παρεῖχεν,
1233 611 1281 659 οἷ)
1303 616 1348 659 δ’
1374 615 1592 672 ἐπελάβετο

133 694 413 747 πλημμυρῶν,
450 689 509 745 μὴ
541 687 564 732 ὅ
591 688 636 745 y'
667 688 712 731 ἐκ
742 691 819 742 τῆς
845 683 1093 743 πλημμύρας
1108 682 1249 738 βάθος
1265 685 1402 729 ἐδίδου
1423 690 1483 745 τῷ
1499 684 1594 744 ῥεύ-

133 777 257 814 ματι,
293 757 399 802 ἀλλὰ
419 760 487 801 καὶ
509 761 613 812 χοῦν
639 757 683 800 ἔκ
707 753 999 813 μιλτοπαρῄων
1023 754 1150 811 ὀρέων
1172 751 1360 810 κατᾶγων
1381 755 1448 798 καὶ
1465 755 1590 812 χίρα-
1614 762 1643 796 Β

137 831 210 879 δος
227 821 367 871 ῗιιανόν
381 826 591 885 προσέχων
610 827 678 869 καὶ
696 823 826 883 πόρον
843 825 971 868 ἐτίθει
990 829 1051 884 τῷ
1069 828 1198 881 περᾶν
1220 823 1402 868 θέλοντι.
1450 829 1510 882 τῷ
1530 841 1595 868 τοι

84 898 206 944 lona)
239 896 280 939 οἳ
310 896 353 938 ἓν
384 903 472 946 τοῖς
503 895 631 951 πέραν
648 895 862 952 φρουρίοις
878 890 1183 953 συνῳκηκότες,
1209 892 1286 948 τὴν
1304 892 1420 949 ξένην
1439 891 1596 943 ἰδόντες

135 962 386 1020 μετάστασιν
402 966 469 1008 καὶ
485 961 646 1020 γνόντες
667 965 709 1007 ἔν
722 967 814 1022 χρῷ
830 959 1019 1006 κινδῦνου
1036 959 1262 1018 γενόμενοι,
1301 961 1594 1005 ἀπανίσταντο.

139 1033 188 1078 οὗ
208 1033 291 1089 μὴν
313 1032 355 1076 δ’
383 1027 511 1083 αὖθις
528 1033 592 1075 ἐπὶ
611 1032 716 1076 πολι)
740 1032 787 1075 τὸ
808 1035 948 1087 σχῆμα
965 1035 1090 1074 τοῦτο
1111 1034 1170 1089 τῷ
1190 1034 1364 1090 ποταμῷ
1383 1025 1435 1085 ἦν
1445 1063 1459 1084 ,
1497 1030 1592 1073 ἀλλ’

138 1103 180 1153 ἐς
199 1106 311 1157 μῆνα
332 1099 578 1159 προσχώσας
598 1099 727 1153 μόνον
753 1098 991 1158 ὖπέστρεφε.
1061 1101 1127 1142 καὶ
1147 1094 1197 1155 ἦν
1222 1097 1245 1153 ἢ
1264 1100 1307 1142 ἔκ
1323 1103 1400 1142 τοῦ
1419 1104 1596 1142 παλαιοῦ

137 1167 399 1228 ἀποχώρησις
419 1172 486 1213 καὶ
503 1174 587 1214 τῶν
604 1171 647 1212 ἐν
667 1177 754 1220 τοῖς
771 1171 984 1227 φρουρίοις
1000 1172 1135 1226 φυγῆς
1151 1169 1219 1211 καὶ
1236 1172 1311 1223 τῆς
1327 1172 1410 1211 τῶν
1434 1169 1599 1226 ἐχθρῶν

85 1247 128 1283 15
141 1236 467 1296 διαπεραιῶσεως
496 1238 713 1297 προφανὴς
740 1239 874 1291 αἰτία,
911 1241 972 1297 τῷ
1002 1241 1130 1294 περᾶν
1161 1236 1309 1292 ἀνέδην
1330 1237 1429 1287 τοὺς
1445 1241 1599 1291 βουλο-

138 1307 306 1363 μένους·
340 1306 367 1363 ἧ
394 1307 439 1350 δ’
471 1308 514 1359 ἐξ
538 1305 719 1364 ὑπογύου
747 1307 918 1357 ἐσαῦθις
942 1305 1238 1363 ἅνυποστροφὴ
1261 1311 1348 1356 τοῖς
1365 1305 1441 1348 κᾶν
1461 1303 1595 1365 τούτῳ
1620 1312 1651 1346 C

140 1375 560 1433 περῶσινέὗθέτησε,
594 1381 652 1436 τῷ
675 1380 803 1432 περᾶν
822 1375 890 1418 διὰ
919 1379 995 1430 τῆς
1018 1372 1303 1430 προσχώσεως.
1373 1378 1507 1417 ταῦτα
1535 1391 1602 1430 γε·

139 1441 245 1501 ydra
275 1446 319 1487 ἐκ
346 1443 610 1502 παραδόξου,
648 1447 715 1488 καὶ
745 1447 909 1498 βασιλεῖ
933 1443 1145 1500 ἠγγέλλετο
1171 1442 1233 1487 ὅτι
1258 1446 1409 1501 πλῆρες
1437 1444 1602 1502 ἐχθρῶν

230 1589 266 1623 9.
287 1586 568 1634 προσεχῶννυεῗ

142 1713 289 1758 Saugari
310 1713 420 1749 Melas
443 1713 531 1748 alter
552 1713 677 1748 fluvius
704 1717 936 1756 successerat,
967 1724 1034 1747 nou
1063 1713 1121 1748 ille
1152 1713 1286 1760 quidem
1317 1714 1404 1749 mole
1438 1725 1602 1759 aquarum

142 1769 207 1805 par
229 1759 359 1805 priori,
388 1764 558 1794 caeterum
581 1760 666 1794 satis
688 1760 816 1794 habens
839 1759 1024 1793 altitudinis
1047 1759 1090 1794 ad
1113 1759 1343 1805 impediendos
1365 1761 1519 1794 incursus
1542 1761 1605 1794 ho-

142 1803 258 1840 stium.
291 1810 373 1840 tunc
393 1805 501 1850 igitur
525 1817 568 1840 ex
589 1806 694 1840 multo
716 1806 824 1840 imbre
844 1805 1039 1840 redundans
1061 1806 1229 1850 Sangaris
1251 1806 1363 1840 cubile
1382 1806 1504 1840 iterum
1526 1817 1602 1840 mu-

143 1849 255 1894 tavit,
291 1862 335 1885 ex
364 1863 404 1886 eo
434 1851 523 1897 quod
553 1851 612 1886 diu
641 1862 741 1886 manu
765 1852 930 1886 deductus
951 1855 1196 1897 occupaverat,
1229 1852 1264 1885 in
1283 1852 1379 1897 prius
1401 1863 1602 1894 recurrens;

145 1898 183 1929 et
210 1906 287 1930 eum
316 1896 451 1942 quidem
478 1898 569 1932 uude
599 1897 759 1942 migravit
790 1898 939 1941 alveum,
970 1909 1081 1943 aquae
1106 1909 1288 1943 pauperem
1310 1902 1347 1931 et
1370 1897 1457 1932 vado
1488 1898 1601 1932 cuivis

145 1941 321 1975 meabilem
349 1942 504 1988 reliquit,
539 1954 614 1977 eum
637 1955 736 1989 quem
756 1943 924 1978 inundans
948 1943 1089 1989 repetiit
1117 1943 1377 1988 haudquaquam
1399 1943 1486 1978 adeo
1508 1955 1601 1978 com-

145 1985 273 2031 plevit,
302 1990 342 2020 ut
371 1999 414 2021 ea
442 1988 621 2022 transitum
652 1989 859 2023 excluderet.
905 1989 970 2023 etsi
994 1989 1082 2023 enim
1103 1988 1185 2022 illuc
1214 1989 1322 2023 traxit
1337 2000 1458 2034 agmen
1479 1989 1601 2034 ingens

146 2033 1253 2114 {2¹⁰2‘32223302122fflzf1133‘fflizffi‘t‘sffiemfzff‘zffi
1270 2034 1602 2116 iffioefflafflffi

147 2088 263 2157 ten-212
285 2124 410 2158 rubrae
432 2135 475 2157 ex
497 2123 666 2169 argillosis
688 2125 830 2159 derasae
851 2125 1017 2159 montibus
1038 2091 1178 2159 iixvexit.
1225 2137 1313 2171 quae
1344 2093 1487 2162 menteris
1517 2129 1602 2162 sub-

146 2167 259 2203 siden·
282 2169 382 2214 aquis
403 2170 474 2204 late
492 2170 831 2216 superstaguantibus
849 2182 919 2210 ‘non
942 2171 1011 2205 alte
1032 2171 1229 2215 depressum
1250 2173 1437 2207 substravit
1451 2174 1605 2218 fundum,

146 2225 217 2260 qua
239 2215 366 2249 volenti
387 2215 526 2249 cuilibet
557 2216 703 2250 transire
734 2216 875 2261 pedibus
898 2216 1033 2252 licebat.
1078 2217 1143 2250 hac
1165 2217 1401 2254 animadversa
1422 2220 1508 2255 mira
1529 2231 1603 2254 mu-

146 2260 280 2295 tatione
300 2261 358 2306 qui
379 2261 559 2296 ulteriores
582 2273 679 2296 arces
702 2262 873 2308 praesidio
895 2263 1076 2305 tenebant,
1099 2262 1231 2306 territi,
1253 2265 1344 2309 quod
1367 2276 1407 2300 se
1426 2267 1521 2301 fossa
1542 2267 1605 2300 de-

147 2305 285 2341 stitutos
313 2307 515 2341 invadabilis
546 2308 674 2350 amnis,
707 2308 857 2342 obiectos
889 2307 1050 2354 deinceps
1080 2307 1324 2345 incursionibus
1346 2311 1490 2347 bostium
1511 2313 1604 2347 haud

149 2351 228 2396 pari
249 2353 294 2388 ad
315 2353 538 2387 resistendum
571 2365 731 2396 numero,
766 2353 955 2388 certissimo
978 2353 1101 2399 capitis
1122 2355 1295 2400 periculo,
1323 2357 1498 2401 viderent,
1532 2362 1606 2393 sta-

149 2396 296 2432 tionibus
325 2398 453 2433 relictis
485 2399 654 2434 abierunt.
700 2411 766 2434 non
795 2403 908 2434 tamen
938 2399 995 2434 diu
1024 2400 1060 2434 in
1091 2411 1134 2434 eo
1166 2404 1259 2435 stam
1284 2403 1449 2448 Sangaris
1470 2404 1605 2446 mansit,

148 2443 211 2477 sed
233 2455 308 2478 cum
330 2455 392 2490 per
413 2457 559 2480 mensem
581 2445 780 2481 inundasset
803 2457 925 2491 magna
945 2449 1061 2480 terrae
1083 2457 1125 2480 ac
1145 2447 1210 2480 luti
1231 2447 1271 2482 vi
1292 2448 1406 2484 alveos
1429 2450 1606 2492 oblimans‚

149 2489 283 2534 recepit
307 2501 346 2524 se
366 2490 403 2525 in
424 2502 501 2525 enm
523 2492 612 2526 unde
633 2503 741 2538 nuper
765 2492 928 2537 migrarat
960 2492 1112 2534 alveum,
1142 2492 1240 2538 quasi
1262 2494 1307 2528 ad
1328 2495 1392 2530 boc
1416 2499 1546 2530 tantum
1569 2507 1607 2530 se

150 2535 327 2578 movisset,
356 2540 396 2570 ut
417 2537 653 2582 praesidiariis
674 2542 861 2580 terrorem,
885 2549 952 2583 quo
979 2537 1024 2572 ad
1046 2539 1160 2582 fugam
1182 2545 1405 2585 raperentur,
1426 2541 1607 2582 incuteret,

150 2578 304 2614 hostibus
334 2586 453 2617 contra
485 2588 522 2618 et
552 2583 711 2618 fiduciam
735 2588 771 2618 et
791 2584 988 2619 facultatem
1010 2584 1101 2618 intra
1122 2589 1273 2619 nostrum
1294 2587 1500 2632 irrumpendi
1521 2586 1608 2621 limi-

152 2626 222 2658 tem
242 2625 350 2661 daret.
394 2639 471 2663 uam
491 2629 609 2664 harum
632 2630 773 2664 duarum
797 2641 911 2664 rerum
933 2641 1001 2664 una
1022 2629 1080 2664 illa
1104 2641 1207 2665 causa
1228 2631 1294 2666 fuit
1318 2631 1468 2667 fluminis
1489 2632 1606 2674 motio,

151 2671 421 2723 commoditatem
454 2675 559 2710 cuivis
590 2676 725 2710 obviam
748 2677 917 2721 praebens
939 2676 1027 2710 vado
1049 2676 1261 2712 transeundi.
1306 2679 1368 2713 sed
1390 2690 1454 2712 nec
1476 2677 1551 2712 eius
1573 2678 1607 2712 in

150 2724 296 2760 priorem
317 2717 450 2754 alveum
471 2731 648 2765 regressus
670 2722 757 2756 malo
779 2722 976 2757 medicinam
998 2721 1092 2756 fecit.
1138 2722 1330 2758 oblimatum
1363 2724 1451 2758 enim
1476 2727 1607 2758 utrum-

152 2770 220 2803 que
241 2771 283 2794 ac
302 2763 443 2808 pedibus
464 2767 639 2802 meabilem
662 2767 802 2814 reliquit
822 2768 962 2802 fluvium
984 2767 1212 2812 magnitudine
1233 2769 1370 2814 aggeris
1384 2781 1426 2804 ac
1442 2770 1604 2804 materiae

151 2814 215 2849 per
246 2805 389 2843 eluviem
419 2809 586 2848 invectae,
632 2813 684 2848 bis
713 2813 983 2860 inopinatissime
1006 2814 1055 2849 sic
1077 2814 1203 2859 gestis,
1236 2819 1376 2860 repente
1406 2815 1605 2860 imperatori
