1820 3112
166 132 265 180 238
590 125 828 172 GEORGII
855 126 1208 173 PACHYMERIS

165 250 217 304 τῇ
234 239 346 289 πόλει
366 236 845 298 καταπανουργεύσαιντο
858 273 871 293 ,
909 238 1014 284 ὥστε
1033 242 1101 284 καὶ
1118 240 1195 292 τὰς
1211 238 1345 294 πύλας
1366 244 1639 301 ἐγκεκλεισμέ-

163 331 239 365 νας
266 317 433 361 πολλοῖς
459 309 632 353 ἔνδοθεν
660 315 749 360 τοῖς
779 308 963 360 ὁπλίταις
996 311 1312 367 διατηρεῒσθαι,
1347 317 1447 366 μιᾶς
1464 315 1510 357 δὲ
1533 314 1639 357 κατὰ

163 384 240 438 τὴν
258 381 388 436 μονὴν
416 382 492 422 τοῦ
526 376 643 435 ἁγίου
671 376 880 436 Λαζάρου
907 379 1080 430 πυλίδος
1107 379 1369 436 ἀνοιχθείσης
1394 381 1489 425 κατ’
1510 382 1640 438 αὗτὴν

168 453 347 503 ἐξελθεῖν
369 447 442 492 τὸν
464 447 544 491 ἀπὸ
564 448 767 502 βασιλέως
787 447 891 505 πρὸς
909 449 1086 498 ἐκείνους
1106 448 1308 492 σταλέντα
1328 455 1531 507 περιφανῆ
1547 451 1639 494 τινὰ

114 529 146 563 E
171 519 304 576 ἄνδρα
331 516 545 561 Βενετικὸν
574 516 681 560 κατὰ
706 518 849 574 χρείαν
879 518 1098 573 πρεσβείας
1132 517 1309 560 ἐνταῦθ’
1342 517 1677 576 εὖρισκόμενος,5

167 588 274 633 ὥστ’
300 589 505 644 ἐρωτῆσαι
524 587 592 628 καὶ
611 590 765 640 μαθεῖν
783 584 854 642 ἐφ’
880 579 914 644 ᾧ
935 587 1226 642 παραγένοιντο
1249 587 1448 641 ἐκείνους,
1483 590 1553 631 καὶ
1570 588 1644 633 τὸν

167 655 400 701 ἀπόστολον
418 661 775 711 παρακατασχεῖν,
804 655 871 696 καὶ
888 655 1018 710 μηδὲν
1045 655 1218 705 ἀξιῶσαι
1233 660 1318 699 τῶν
1339 658 1396 706 εἲς
1416 655 1644 714 ἀπόκρισιν.

171 726 277 784 παρ’
313 724 365 780 ’ἣν
400 725 536 767 αἰτίαν
568 725 637 766 καὶ
667 727 829 778 μᾶλλον
854 723 952 772 τούς
975 723 1080 766 κατὰ
1106 723 1182 779 τὴν
1203 721 1321 768 πόλιν
1343 726 1584 776 Βενετικούς
1602 727 1645 771 ἓν

173 799 325 844 δειναῖς
353 791 556 847 ὑποψίαις
583 791 750 848 ἄγοντες
782 796 988 850 φυλακαῖς
1009 790 1237 850 διετήρουν.
1307 793 1450 837 ἐκεῖνοι
1476 794 1521 837 δὲ
1537 791 1645 847 τότε,

31 873 60 908 P
86 874 153 911 162
177 863 233 915 ὥς
260 866 539 920 προσελῶντες
565 859 787 917 ἀνήγοντο,
836 865 938 917 νῆας
962 861 1126 917 μακρὰς
1166 862 1365 918 φανείσας
1393 866 1436 906 Γ
1432 867 1648 907 εννουῖτῶν
1660 875 1704 910 10

174 930 346 990 ἐγγύθεν
377 928 583 980 πλεούσας
613 930 860 973 ἐπέσπευδον
888 930 963 986 τὴν
996 930 1101 987 πρὸς
1128 931 1296 981 ἐκείνας.
1375 930 1475 975 ἀλλ’
1511 932 1554 991 qi
1573 933 1649 987 μὲν

173 1003 353 1059 ἐλαφραὶ
386 996 533 1053 οὖσαι,
575 1003 816 1056 θαρροῦσαι
838 1003 890 1056 τῇ
921 998 1142 1055 ταχύτητι,
1187 1000 1255 1042 ἐπ’
1283 999 1420 1056 ὀλίγον
1447 1001 1650 1059 προσέμε-

173 1090 268 1125 νον,
303 1071 371 1114 καὶ
416 1066 724 1125 πλησιαζόντων
765 1067 923 1112 ἐκείνων
960 1068 1079 1111 αὐτοὶ
1116 1073 1468 1123 ταχυναυτοῦντες
1508 1074 1649 1130 πολλῷ

173 1141 296 1184 πλέον
318 1139 344 1195 ἢ
371 1137 571 1195 πρότερον
606 1137 773 1192 ἀπεῖχον
804 1135 1026 1193 διάστημα.
1096 1141 1222 1180 τοῦτο
1257 1139 1320 1187 δὶς
1341 1139 1410 1180 καὶ
1429 1140 1518 1196 τρὶς
1535 1155 1651 1196 γεγο-

173 1207 244 1261 νός
255 1243 268 1263 ,
310 1209 395 1252 ἐπεὶ
419 1205 559 1265 ἑώρων
579 1211 801 1257 πονοῦντες
819 1204 1027 1262 ἀνήνυτα,
1064 1205 1234 1263 ἀφέντες
1252 1206 1426 1258 ἐκείνους
1446 1211 1650 1265 πληροῦσι
1662 1218 1706 1254 15

173 1284 276 1323 νεῶν
304 1278 376 1321 τὸν
409 1276 553 1332 λιμένα
581 1276 629 1319 τὸ
657 1275 809 1333 Κέρας.
881 1277 949 1318 καὶ
980 1279 1022 1319 Γ
1019 1278 1228 1325 εννου·ί·τας
1258 1275 1334 1329 μέν
1370 1275 1419 1319 οὗ
1446 1277 1554 1320 κατὰ
1573 1277 1651 1333 τὴν

174 1348 347 1405 περαίαν
379 1343 761 1400 καταλαμβάνουσι.
830 1344 907 1399 τὴν
935 1344 1015 1401 γὰρ
1043 1348 1127 1388 τῶν
1147 1348 1257 1399 νηῶν
1281 1344 1424 1388 ἐκεῖνοι
1446 1362 1651 1402 προεγνω-

126 1417 157 1452 Β
181 1415 296 1467 κότες
327 1415 503 1473 ἔφοδον,
538 1418 870 1472 προσλιπαροῧσι
896 1413 1071 1468 βασιλέα
1101 1412 1254 1463 αὐτοὺς
1284 1414 1352 1456 καὶ
1370 1421 1566 1470 γυναῖκας
1584 1416 1653 1458 καὶ

176 1489 330 1535 παῖδας
349 1486 416 1527 καὶ
441 1481 665 1540 πράγματα
696 1483 809 1533 ἐντὸς
836 1480 993 1532 πόλεως
1024 1482 1252 1533 δέξασθαι·
1288 1483 1470 1540 φανερὰν
1492 1483 1570 1541 γὰρ
1588 1484 1652 1526 ἐπὶ

178 1558 290 1613 σφᾶς
318 1552 419 1597 εἶναι
448 1553 523 1608 τὴν
552 1551 717 1610 ἔφοδον.
790 1549 851 1602 οἷς
878 1551 940 1594 δι’
977 1548 1157 1607 ἀνάγκην
1188 1551 1382 1604 βασιλεὺς
1407 1553 1560 1608 γίνεται
1575 1550 1709 1596 κοί-20

181 1689 272 1722 ctum
296 1688 372 1720 erat
393 1684 499 1728 satis;
533 1687 570 1719 et
591 1683 778 1731 periculum
802 1686 878 1718 erat
898 1694 942 1717 ne
972 1682 1120 1717 infestae
1141 1682 1308 1726 venirent,
1331 1684 1554 1720 calamitatem
1575 1683 1654 1719 urbi

180 1732 329 1776 aliquam
361 1732 437 1766 dolo
468 1733 555 1766 malo
588 1731 829 1765 machinantes.
882 1729 999 1775 itaque
1033 1732 1154 1773 portae
1185 1729 1322 1763 clausae
1352 1731 1504 1766 civitatis
1533 1731 1655 1766 validis

181 1783 263 1813 ante
286 1789 455 1824 quamque
487 1777 660 1822 dispositis
691 1775 872 1821 praesidiis
900 1778 1105 1810 armatorum
1136 1775 1431 1819 custodiebantur,
1459 1789 1526 1812 nno
1556 1776 1656 1812 iuxta

181 1824 424 1860 monasterium
445 1823 566 1858 Sancti
587 1823 712 1858 Lazari
746 1821 870 1857 ostiolo
905 1825 1058 1867 patente.
1105 1831 1167 1866 per
1198 1820 1234 1855 id
1257 1820 1426 1866 posticum
1446 1823 1588 1858 emissus
1609 1823 1653 1857 ab

181 1872 390 1917 imperatore
423 1869 560 1916 quidam
595 1875 651 1904 est
684 1879 727 1903 ex
757 1867 946 1902 illustribus
968 1866 1126 1908 Venetis,
1159 1867 1218 1912 qui
1246 1871 1328 1901 tunc
1356 1870 1448 1904 forte
1477 1869 1656 1914 legationis

184 1929 288 1952 causa
310 1917 346 1951 in
369 1916 531 1951 comitatu
553 1915 790 1962 reperiebatur
806 1940 815 1956 ‚
844 1913 956 1949 iussus
989 1923 1170 1947 occurrere
1202 1913 1272 1948 suis
1296 1913 1364 1950 illis
1387 1916 1506 1951 classis
1527 1915 1657 1950 adven-

185 1964 289 1998 tantis
312 1963 456 1997 ducibus
479 1966 516 1998 et
540 1974 583 1996 ex
606 1962 691 2008 ipsis
721 1960 910 1996 resciscere
941 1970 1103 2006 quorsum
1127 1959 1295 1994 venirent.
1342 1961 1404 1996 sed
1433 1962 1458 1996 ii
1487 1961 1573 1996 nihil
1601 1972 1657 1996 re-

187 2009 303 2054 sponsi
325 2009 455 2054 dignati
478 2014 558 2044 sunt
589 2009 756 2050 reddere3
787 2007 869 2054 quin
898 2006 956 2040 ille
978 2005 1054 2050 ipse
1076 2004 1198 2040 missus
1223 2007 1312 2052 apud
1337 2019 1396 2042 eos
1418 2008 1564 2051 mansit,
1595 2007 1658 2042 de-

187 2058 345 2089 tentusne
367 2056 402 2089 vi
425 2067 468 2090 an
490 2056 580 2090 ultro
605 2055 654 2090 sic
676 2055 814 2096 volens,
837 2053 1013 2088 incertum.
1058 2054 1231 2087 caeterum
1253 2052 1288 2086 in
1310 2053 1399 2088 hanc
1420 2057 1551 2100 partem
1574 2064 1658 2100 pro-

187 2101 263 2135 nior
284 2102 431 2146 suspicio
453 2106 630 2147 suspectos
664 2102 882 2135 vehementer
916 2098 1084 2134 reddebat
1106 2098 1190 2132 alios
1212 2110 1369 2145 quoque,
1401 2101 1460 2147 qui
1490 2105 1573 2135 tunc
1592 2107 1658 2145 per

187 2148 306 2181 urbem
329 2148 422 2182 varie
444 2149 554 2192 sparsi
575 2148 766 2193 degebant,
789 2147 960 2187 Venetos,
994 2156 1038 2178 ne
1061 2144 1191 2190 pariter
1213 2146 1326 2180 cuncti
1348 2147 1601 2192 conspirassent
1619 2145 1659 2178 et

186 2204 228 2227 ex
253 2198 428 2238 compacto
452 2206 523 2228 rem
546 2197 726 2239 gererent3
750 2204 835 2239 quos
857 2192 934 2227 ideo
957 2191 1197 2236 comprehendi
1218 2192 1452 2238 custodiisque
1466 2191 1576 2226 teneri
1597 2201 1659 2224 ne-

186 2239 371 2273 cessarium
404 2244 458 2274 est
489 2241 609 2275 visum.
668 2240 786 2275 classis
820 2250 923 2284 porro
949 2238 1079 2271 Veneta
1109 2237 1187 2271 dum
1218 2237 1360 2283 remigio
1391 2237 1658 2284 provehebatur,

186 2285 385 2330 conspicata
407 2286 442 2319 in
465 2290 597 2321 tantum
621 2298 688 2321 non
711 2285 872 2330 contigua
894 2283 1018 2320 vicinia
1039 2294 1144 2317 naves
1167 2284 1329 2329 quasdam
1352 2283 1470 2328 longas
1493 2284 1659 2318 Genuen-

186 2331 292 2374 sium,
328 2330 364 2365 in
396 2343 454 2366 eas
477 2332 602 2367 infesta
635 2345 674 2368 se
698 2332 886 2373 convertit,
917 2329 1052 2376 assequi
1082 2329 1260 2363 affectans.
1308 2333 1346 2364 at
1374 2329 1452 2364 illae
1475 2329 1659 2364 habiliores

187 2380 280 2411 motu
303 2389 473 2423 onereque
494 2379 655 2422 leviores,
687 2378 880 2414 velocitatis
914 2376 1040 2410 fiducia
1061 2375 1196 2409 maioris
1217 2373 1318 2409 remis
1343 2374 1548 2420 aliquantum
1568 2373 1660 2409 inbi-

188 2422 288 2466 bitis,
313 2423 409 2458 velut
432 2429 654 2473 expectantes
675 2424 881 2460 constitere:
915 2427 1008 2465 tum,
1040 2426 1080 2455 ut
1103 2421 1255 2455 Venetae
1278 2420 1346 2454 iam
1370 2432 1480 2466 prope
1501 2432 1660 2456 accesse-

189 2474 288 2512 rant,
322 2469 504 2504 incitantes
529 2483 682 2514 cursum,
712 2470 825 2505 latiori
855 2480 893 2503 se
916 2479 1015 2513 quam
1044 2478 1111 2512 quo
1134 2466 1230 2511 prius
1252 2467 1459 2502 abstiterant
1479 2466 1659 2502 intervallo

189 2514 447 2560 disiungebant3
481 2516 596 2562 ibique
622 2528 738 2551 rursus
761 2515 987 2550 consistentes
1018 2513 1141 2547 iterum
1165 2512 1211 2546 ad
1233 2513 1442 2558 sequendum
1467 2513 1660 2548 invitabant

190 2560 342 2595 similiter
365 2562 569 2604 eludendas,
593 2563 651 2599 ubi
675 2562 838 2598 accedere
862 2562 1066 2601 tentassent,
1087 2559 1238 2593 Venetas
1259 2560 1428 2594 triremes.
1473 2559 1564 2606 quod
1583 2569 1661 2593 cum

190 2607 316 2641 iterum
338 2619 378 2642 ac
400 2608 504 2642 tertio
528 2613 620 2642 esset
641 2610 790 2650 sactum,
813 2605 937 2643 Veneti
959 2616 997 2639 se
1019 2606 1150 2639 frustra
1171 2605 1208 2638 in
1230 2617 1271 2639 eo
1294 2605 1498 2640 contendere
1520 2616 1662 2640 cernen-

194 2657 249 2687 tes
271 2652 313 2687 iis
335 2653 465 2688 omissis
488 2658 621 2698 portum
646 2655 753 2689 Ceras
776 2652 900 2688 dictum
929 2650 1073 2686 navibus
1094 2651 1316 2696 complerunt.
1361 2663 1403 2686 ae
1425 2663 1491 2686 non
1512 2650 1663 2697 repertis

196 2698 287 2744 apud
310 2699 474 2734 Peraeam
496 2701 734 2735 Genuensibus
767 2700 819 2745 (hi
849 2697 937 2733 enim
958 2696 1113 2743 praeviso
1135 2698 1340 2733 Venetorum
1373 2698 1409 2732 in
1441 2709 1480 2733 se
1510 2698 1664 2740 incursu,

195 2745 296 2779 enixe
324 2745 563 2791 imperatorem
596 2751 783 2781 oraverant
810 2751 849 2782 ut
881 2756 920 2780 se
948 2756 1024 2780 cum
1055 2743 1251 2779 mulieribus
1281 2756 1322 2779 ac
1348 2744 1464 2779 liberis
1493 2745 1665 2789 rebusque

197 2791 342 2827 caeteris
363 2792 514 2838 ipsorum
533 2791 626 2828 intra
647 2794 766 2828 urbem
788 2793 1005 2835 admitteret3
1026 2790 1131 2838 idque
1153 2792 1349 2837 imperator,
1369 2791 1460 2837 quod
1482 2791 1549 2826 iam
1562 2791 1666 2826 ‘esset
