1858 3126
269 174 367 219 322
689 169 928 214 GEORGII
961 169 1315 217 PACHYMERIS

266 286 409 335 ὁποῖος
435 282 674 339 ἀνέρριπται
698 283 815 340 σφίσι
841 280 990 338 κύβος,
1021 284 1122 334 τοὺς
1138 283 1191 328 τοὶ
1209 283 1430 342 πράγματα
1450 286 1743 347 παρασχόντας

268 355 372 410 μεθ’
395 351 459 396 ὅτι
481 352 673 407 πλείστης
691 357 764 407 τῆς
785 352 890 410 πρὸς
911 353 1008 403 τοὺς
1023 351 1253 408 Ῥωμαίους
1282 355 1568 413 παραιτήσεως
1591 359 1743 417 ᾐτιῶν-

269 442 341 476 το,
381 423 448 465 καὶ
469 425 634 476 βασιλεῖ
653 419 820 476 ἐζήτουν
841 421 1152 478 ἀπολογεῖσθαι.
1220 423 1426 468 ἐδεδίεσαν
1457 423 1561 483 γάρ,
1599 427 1656 478 ὥς
1684 431 1742 472 εἰ..

130 506 157 539 Ρ
180 506 247 540 222
271 489 363 545 κός,
403 490 462 546 μὴ
493 491 610 547 σφίσι
640 487 838 548 κατάρξοι
867 495 991 534 τοῦτο
1020 488 1208 547 μεγάλων
1242 497 1380 536 κακῶν
1411 493 1475 536 ἐπὶ
1506 494 1634 551 μέσης
1666 501 1742 554 τῆς

263 560 474 615 Ῥωμαίων
496 556 704 616 διάγουσι,
741 562 808 603 καὶ
834 557 922 615 ἅμα
947 558 1279 615 δυσωπούμενοι,
1317 564 1352 605 εἰ
1372 563 1568 616 βασιλεὺς
1585 564 1659 619 μὲν
1678 569 1774 617 ’ξε-5

267 635 482 687 νοτροφεΐν
510 626 608 671 ὅσον
641 627 711 685 ἐφ’
748 627 890 682 αὑτοῖς
930 627 1172 686 αἱρούμενος
1209 630 1373 682 ἐλπίδος
1402 630 1570 688 ἀγαθῆς
1601 632 1741 688 eistete,

265 699 386 742 αὐτοὶ
408 698 453 740 δὲ
477 694 672 748 τοιαύτας
693 698 823 748 ξενίας
847 698 1170 751 ἀνταπεδίδουν,
1205 706 1347 750 κακοῖς
1372 699 1419 744 τὸ
1443 699 1607 758 ἀγαθὸν
1627 701 1744 757 ἄμει-

266 765 449 823 βόμενοι.
519 766 589 809 διὰ
627 771 762 810 ταῦτα
794 768 863 809 καὶ
892 767 1066 820 βασιλέα
1097 769 1172 822 μὲν
1207 768 1436 822 πέμποντες
1465 770 1743 827 καθικέτευον,

219 844 247 878 Β
273 838 435 886 ἐκείνοις
463 835 508 878 δὲ
536 836 787 892 παρεδίδουν
812 837 880 878 καὶ
899 837 1053 887 ἵππους
1073 839 1142 879 καὶ
1164 834 1296 891 ὅπλα,
1339 839 1407 881 καὶ
1431 837 1536 883 ἄνθ’
1566 837 1742 884 ὁπλιτῶν

267 907 334 950 καὶ
362 903 514 948 ἱππέων
537 905 646 957 πεζοὶ
673 906 739 948 καὶ
761 903 934 948 ἄνοπλοι
959 900 1085 959 ἦσαν,
1124 904 1202 956 ἕως
1225 903 1348 950 πάλιν
1367 907 1564 962 βασιλεὺς
1589 908 1743 960 αὗτοῦς
1754 923 1798 958 10

267 972 523 1024 ἱκετεύοντας
553 973 738 1029 δέχεται,
776 971 1062 1031 συγγινώσκων
1093 975 1246 1032 σφίσιν.
1319 975 1423 1020 ἀλλὰ
1445 980 1582 1021 ταῦτα
1603 978 1678 1034 μὲν
1701 978 1744 1030 ἐς

265 1060 481 1088 τοσουτον.

216 1145 247 1180 C
407 1136 485 1181 23.
558 1133 720 1190 Συνέβη
741 1134 787 1177 δὲ
808 1133 887 1191 πρὸ
907 1130 1087 1188 τούτων,
1124 1138 1199 1178 τοῦ
1224 1134 1354 1179 αὐτοῦ
1373 1135 1502 1192 μηνὸς
1519 1139 1580 1196 τῷ
1599 1136 1744 1194 πέρυσι

267 1206 335 1248 καὶ
362 1202 519 1261 ἡμέρας
545 1200 720 1259 ταύτης,
757 1208 1007 1260 προσβαλεῖν
1026 1208 1079 1261 τῇ
1101 1202 1215 1247 πόλει
1242 1206 1284 1255 ἐξ
1305 1204 1535 1256 Ἀκουῖλίας
1563 1203 1742 1262 τριήρεις

267 1270 511 1325 Βενετικάς,
549 1272 655 1328 πλὴν
680 1271 728 1315 οὗ
753 1272 859 1315 κατὰ
879 1270 1074 1328 τοιαύτην
1088 1275 1230 1329 χρείαν
1256 1275 1323 1316 καὶ
1349 1271 1494 1327 πάλιν,
1532 1273 1638 1317 ἀλλὰ
1657 1278 1741 1318 τῶν
1753 1279 1796 1316 15

267 1341 626 1399 ἐνεχυρασθέντων
648 1338 901 1399 πραγμάτων
919 1341 989 1385 διὰ
1010 1342 1086 1398 τὴν
1103 1339 1196 1386 τότε
1219 1340 1476 1399 πυρπόλησιν
1504 1342 1632 1387 ἕνεκα.
1702 1343 1748 1387 οἳ

217 1419 248 1454 D
275 1411 326 1468 δὴ
361 1412 445 1454 ἐπεὶ
474 1410 581 1454 κατὰ
613 1410 688 1466 τὴν
713 1411 1018 1467 Θεσσαλονίκην
1049 1410 1298 1466 πέμποντες,
1335 1410 1418 1455 ἐκεῖ
1429 1411 1632 1465 βασιλέως
1649 1409 1743 1455 droi-

266 1497 410 1538 γοντος
421 1512 435 1533 ,
468 1479 587 1523 οὐδὲν
604 1479 777 1535 ἤνυτον,
806 1478 942 1529 ἄλλως
961 1479 1142 1536 ἔγνωσαν
1161 1479 1214 1524 τὰ
1232 1481 1322 1538 περὶ
1338 1478 1497 1524 τούτων
1515 1479 1742 1538 ἐνεργέστε-

268 1567 341 1608 ρον
368 1552 595 1605 μετελθεῖν.
668 1549 737 1590 καὶ
771 1548 822 1602 δὴ
852 1546 1030 1607 τριήρεις
1047 1553 1123 1610 μιᾷ
1143 1550 1307 1600 πλείους
1330 1554 1414 1593 τῶν
1444 1546 1604 1593 δώδεκα
1624 1547 1740 1605 ἦτοι-

268 1705 376 1740 aleam
399 1714 456 1738 res
478 1702 634 1749 vitasque
660 1714 741 1738 suas
764 1702 947 1749 praecipiti
970 1715 1011 1738 eo
1034 1705 1126 1739 facto
1150 1703 1396 1749 coniecissent,
1420 1715 1479 1740 eos
1501 1705 1562 1751 qui
1584 1705 1738 1741 occasio-

267 1763 344 1786 nem
358 1776 368 1792 ,
399 1749 563 1784 irritando
587 1760 689 1793 suos,
722 1749 832 1784 inviso
856 1754 1086 1796 execratoque
1107 1750 1190 1796 ipsis
1212 1750 1356 1786 facinori
1377 1752 1634 1798 praebuissent,
1662 1763 1738 1787 cum

268 1797 403 1833 solicita
426 1799 479 1831 sui
502 1795 741 1839 excusatione,
775 1797 866 1841 apud
889 1796 1061 1830 Romanos
1093 1798 1320 1839 accusabant,
1350 1796 1541 1844 deducique
1563 1798 1607 1832 ad
1630 1797 1738 1844 impe-

267 1847 428 1884 ratorem,
452 1842 630 1888 audirique
654 1843 696 1876 ab
722 1853 761 1876 eo
786 1842 866 1876 dum
889 1841 985 1876 illata
1008 1845 1196 1887 purgarent
1219 1842 1373 1885 crimina,
1396 1844 1620 1890 quaerebant.
1651 1843 1739 1878 haec

267 1893 307 1924 ut
329 1889 378 1924 sic
400 1888 499 1922 anxie
522 1892 666 1932 agerent
688 1899 791 1922 causa
813 1887 897 1934 ipsis
921 1891 997 1922 erat
1019 1888 1217 1932 gravissima
1238 1889 1404 1932 formido,
1426 1901 1471 1925 ne
1494 1889 1560 1925 hoc
1581 1889 1649 1924 illis
1671 1889 1737 1924 ini-

266 1935 350 1970 tium
383 1934 569 1969 exitialium
599 1934 761 1968 malorum
795 1936 904 1976 foret,
936 1934 1054 1980 utique
1077 1934 1112 1969 in
1135 1934 1245 1969 media
1274 1936 1522 1978 Romanorum,
1552 1946 1638 1982 quos
1667 1938 1737 1971 tam

268 1980 434 2016 atrociter
456 1980 645 2024 laesissent,
669 1981 797 2014 ditione
819 1980 862 2015 de
887 1980 1050 2017 rehensis.
1084 1980 1222 2015 subibat
1247 1981 1350 2016 etiam
1371 1982 1578 2017 verecundia
1600 1994 1644 2017 ex
1665 1993 1739 2016 me-

267 2027 375 2061 moria
397 2026 574 2072 insignium
598 2027 633 2060 in
656 2026 749 2072 ipsos
772 2028 859 2061 bene
887 2026 1013 2061 ciorum
1035 2027 1202 2071 Angusti3
1237 2027 1296 2073 qui
1318 2039 1395 2062 cum
1418 2040 1477 2063 eos
1499 2027 1653 2073 gratuita
1672 2027 1737 2062 be-

268 2073 463 2106 nevolentia
486 2073 719 2107 liberalissime
742 2073 933 2118 excepisset
955 2080 997 2107 ac
1018 2076 1205 2109 tractasset
1226 2073 1397 2119 hospites,
1421 2076 1737 2119 sperans'mutuam

269 2119 315 2152 ab
339 2118 383 2152 iis
407 2119 562 2162 gratiam,
584 2119 652 2164 ipsi
674 2124 743 2153 tam
762 2119 965 2164 inhospitale
986 2118 1268 2165 inhumanumque
1289 2119 1400 2154 scelus
1422 2119 1471 2154 illi
1491 2118 1734 2165 reposuissent,

270 2164 370 2198 malis
394 2165 483 2198 bona
508 2171 776 2209 compensantes.
804 2166 922 2211 itaque
944 2165 1053 2199 missis
1075 2165 1119 2199 ad
1142 2165 1383 2211 imperatorem
1404 2165 1616 2211 supplicibus
1638 2164 1736 2208 lega-

270 2209 316 2243 tis
340 2210 470 2244 veniam
493 2211 786 2255 deprecabantur,
807 2211 967 2246 Romanis
988 2211 1124 2246 interim
1146 2211 1384 2257 praesentibus
1406 2222 1500 2246 arma
1521 2221 1610 2256 quae
1630 2221 1734 2255 repe-

270 2255 397 2290 tierant
422 2267 595 2301 equosque
616 2257 815 2301 reddentes,
848 2258 1114 2304 exhibentesque
1135 2269 1211 2292 sese
1234 2257 1413 2292 miserabili
1435 2255 1550 2302 specie
1571 2266 1615 2289 ex
1637 2259 1734 2291 cata-

270 2301 424 2347 phractis
445 2301 602 2344 inermes,
626 2315 667 2337 ex
692 2304 862 2349 equitibus
884 2303 1027 2349 pedites,
1051 2303 1163 2349 quoad
1185 2303 1309 2338 iterum
1329 2303 1514 2349 im9erator
1534 2300 1628 2347 ipsos
1649 2312 1734 2348 sup-

270 2347 378 2393 plices
402 2347 556 2392 excepit,
579 2348 621 2382 iis
642 2349 833 2394 ignoscens.
879 2350 941 2384 sed
962 2349 1006 2384 de
1028 2350 1082 2384 his
1104 2350 1279 2384 hactenus.

363 2417 421 2452 23.
468 2414 622 2459 Contigit
642 2420 755 2450 autem
772 2421 851 2451 ante
873 2417 958 2451 haec
980 2429 1067 2452 anno
1089 2417 1168 2451 huic
1188 2415 1373 2461 superiori,
1395 2413 1457 2450 sed
1479 2414 1596 2450 eodem
1618 2425 1735 2450 mense

271 2473 315 2496 ac
336 2460 391 2495 die
410 2461 537 2506 quibus
560 2461 660 2496 modo
687 2467 826 2496 narrata
857 2467 955 2506 gesta
978 2468 1076 2506 sunt,
1108 2462 1279 2508 appellere
1302 2462 1345 2496 ad
1366 2462 1485 2496 urbem
1508 2473 1551 2496 ex
1574 2461 1735 2507 Aquileia

271 2508 428 2542 triremes
451 2509 611 2548 Venetas,
632 2518 748 2541 verum
771 2519 838 2541 non
861 2509 905 2542 ob
927 2509 1070 2543 eandem
1091 2520 1191 2553 quam
1214 2507 1308 2552 prius
1330 2518 1466 2542 causam
1486 2507 1734 2553 oppugnando-

270 2564 346 2588 rum
380 2553 633 2594 Genuensium,
665 2553 725 2587 sed
756 2554 864 2587 animo
897 2555 1150 2599 extorquendae
1180 2553 1389 2587 liberationis
1411 2554 1610 2599 pignorum,
1641 2564 1732 2599 qnae

271 2600 396 2634 dudum
418 2599 601 2653 imperator
623 2599 667 2632 de
690 2599 831 2635 Venetis
855 2599 951 2633 urbis
972 2600 1146 2645 inquilinis
1169 2603 1327 2644 ceperat,
1351 2601 1465 2645 quoad
1488 2601 1627 2635 multam
1648 2609 1731 2645 per-

272 2646 444 2680 solverent
465 2645 624 2679 indictam
647 2644 692 2679 ad
715 2645 1019 2690 compensationem
1042 2645 1155 2679 damni
1179 2656 1239 2690 per
1262 2645 1451 2680 incendium
1474 2657 1496 2680 a
1517 2646 1628 2681 classe
1646 2648 1731 2679 tunc

273 2692 408 2726 Veneta
431 2691 578 2725 Galatae
601 2690 780 2725 immissum
806 2691 1188 2736 Constantinopolitanis
1209 2693 1245 2725 et
1268 2692 1507 2727 Genuensibus
1534 2690 1630 2727 illati.
1677 2693 1732 2725 et-

273 2738 362 2772 enim
385 2737 508 2772 Veneti
529 2740 707 2782 postquam
728 2737 899 2781 legatione
920 2737 1195 2772 Thessalonicam
1219 2737 1340 2780 missa,
1379 2750 1454 2773 cum
1476 2739 1664 2784 imperator
1683 2735 1732 2770 ibi

274 2785 428 2827 degeret,
457 2783 540 2818 nihil
561 2784 786 2828 profecerant,
808 2783 907 2818 aliam
927 2787 1094 2838 putarunt
1114 2784 1292 2818 ineundam
1314 2783 1380 2818 sibi
1401 2785 1567 2820 rationem
1589 2782 1621 2818 ei
1643 2781 1732 2816 malo

274 2830 462 2866 efficaciter
490 2829 658 2865 medendi.
702 2829 898 2865 triremibus
925 2830 1031 2876 :gitur
1055 2829 1218 2865 tredecim
1240 2829 1390 2877 paratis,
1423 2831 1544 2878 hisque
1565 2827 1732 2865 adiunctis
