1858 3126
283 166 382 212 868

302 271 382 333 ῧῗιὲῖ
419 272 572 333 mmm
610 270 773 307 ¹¹³¹'¹'·¹³⁰‘

283 446 392 487 1308

441 339 568 367 tificum.

419 373 587 401 Clementis
613 373 777 402 Andronici

485 407 513 435 v

502 445 528 486 4

621 198 624 203 .
690 166 1006 210 OBSERVAT.
1040 166 1356 212 PACHYMER.
1383 167 1386 169 Α

650 313 731 333 man.

666 448 720 486 26

619 497 767 526 Michael.

667 537 720 579 15

878 275 1078 315 Cubuclea
1110 290 1184 315 arx
1212 277 1360 329 Mysiae
1392 277 1436 316 in
1464 277 1637 332 Olympo
1673 278 1749 317 sita

822 346 893 386 per
917 334 1183 384 Amogabaros
1205 335 1332 373 Persis
1352 334 1674 388 perfidiosissime
1703 349 1750 373 ac

822 390 1091 429 crudelissime
1126 391 1334 442 proditur:
1378 391 1456 444 ipsi
1490 393 1751 445 Lampsacum

823 447 924 486 salvi
951 448 1215 487 deducuntur.
1274 448 1302 487 l.
1322 451 1350 490 7
1370 462 1406 487 c.
1429 450 1469 490 9.

878 504 1001 542 Turci
1024 519 1154 542 arcem
1185 505 1371 543 Examilii
1394 511 1618 557 occupant,
1647 505 1751 544 duce

823 561 1058 600 Romoforto
1087 562 1250 611 Latino,
1281 561 1391 600 cuius
1410 562 1454 600 in
1470 563 1751 614 imperatorem

822 618 1014 656 adornata
1035 619 1209 670 proditio
1230 620 1434 670 detegitur.
1491 619 1519 659 l.
1539 623 1566 661 7
1592 632 1627 659 c.
1651 623 1715 661 12.

878 675 962 714 Arx
991 676 1262 727 Thyraeorum
1291 690 1361 727 per
1387 677 1548 727 longam
1573 675 1750 714 obsidio-

774 770 777 772 .
821 745 912 770 nem
945 733 1059 771 famis
1087 734 1321 771 necessitate
1348 734 1502 784 cogitur
1531 746 1572 770 se
1591 726 1750 781 dedere,

823 795 861 827 et
885 795 974 841 post
997 789 1107 827 illam
1129 790 1308 842 Ephesus
1328 804 1348 827 a
1374 789 1585 828 Persarcha
1605 791 1750 828 Sasane

823 846 1003 898 capitur3
1034 846 1103 884 ubi
1123 848 1318 898 templum
1341 848 1380 886 S.
1399 847 1557 885 Ioannis
1578 860 1750 897 evange-

818 902 951 952 listae,
993 904 1339 955 opulentissimum
1363 917 1495 942 sacrae
1523 903 1750 955 supellecti-

818 957 890 1008 lis,
931 960 1002 997 tali
1032 960 1240 1000 occasione
1274 960 1396 1013 diripi
1426 961 1605 1012 contigit.
1662 961 1692 1001 l.
1722 962 1750 1000 7

820 1030 853 1054 c.
878 1019 942 1057 13.

875 1072 1024 1124 Viginti
1044 1072 1169 1111 millia
1190 1073 1363 1111 militum
1388 1087 1410 1110 a
1433 1072 1750 1125 Charmpantane

819 1130 921 1169 Kani
959 1129 1233 1168 Tocharorum
1268 1130 1309 1168 in
1342 1130 1537 1169 auxilium
1574 1131 1750 1182 impera-

818 1187 898 1224 tori
921 1186 1037 1226 missa
1057 1188 1235 1226 Iconium
1252 1188 1479 1239 pervenisse
1496 1186 1749 1227 nuntiantur.

816 1243 915 1282 ibid.

873 1300 1051 1339 Catelani
1075 1300 1317 1351 Turcopulis
1338 1299 1517 1338 adiuncti
1537 1298 1749 1339 Thraciam

818 1357 1045 1396 universam
1066 1358 1258 1396 desolant.
1316 1357 1343 1397 l.
1367 1359 1394 1398 7
1416 1371 1451 1396 c.
1475 1356 1537 1398 14.

872 1414 1095 1465 Imperator
1125 1413 1376 1452 Andronicus
1406 1414 1600 1452 auxilium
1622 1426 1643 1451 a
1666 1412 1748 1451 Ge-

817 1471 1056 1521 nuensibus,
1086 1471 1227 1522 legatis
1253 1470 1304 1509 ad
1328 1484 1394 1509 eos
1412 1470 1566 1521 missis,
1595 1470 1748 1523 implo-

814 1533 891 1565 rat.
948 1527 1048 1568 ibid.

870 1583 1090 1622 Monachus
1115 1583 1298 1622 Hilarion
1327 1596 1448 1621 manu
1477 1588 1516 1621 et
1535 1583 1653 1631 armis
1672 1580 1748 1619 ad-

814 1652 952 1678 versus
973 1642 1108 1678 Persas
1125 1640 1297 1678 feliciter
1313 1653 1395 1677 rem
1413 1640 1535 1690 gerit,
1565 1640 1654 1676 ideo
1674 1652 1747 1677 ve-

814 1701 932 1734 xatus
953 1710 973 1733 a
996 1695 1243 1747 patriarcha,
1273 1701 1478 1747 protectus
1498 1696 1545 1733 ab
1570 1695 1748 1748 impera-

814 1758 914 1791 tore.
971 1752 997 1789 l.
1017 1756 1044 1795 7
1068 1765 1101 1790 c..
1127 1756 1192 1794 16.

871 1808 995 1847 Prusa
1018 1808 1214 1847 tributum
1233 1807 1408 1860 pendere
1428 1807 1556 1846 Persis
1577 1807 1744 1860 cogitur.

812 1864 909 1904 ibid.

868 1919 1005 1959 Primo
1034 1933 1129 1960 vere
1162 1933 1282 1959 naves
1309 1919 1450 1971 longae
1477 1920 1637 1958 circiter
1666 1933 1744 1958 no-

812 1977 1036 2017 vemdecim
1075 1978 1213 2016 Genua
1249 1977 1640 2029 Constantinopolim
1669 1990 1745 2028 ap-

815 2035 984 2087 pellunt.
1041 2033 1071 2075 l.
1089 2037 1115 2076 7
1134 2047 1169 2072 c.
1191 2036 1256 2076 18.

870 2091 922 2129 Iis
943 2090 999 2129 uti
1023 2096 1163 2128 contra
1182 2090 1389 2128 Catelanos
1409 2088 1574 2140 negligit
1587 2088 1745 2127 Andro-

813 2147 943 2196 nicus,
969 2160 1041 2198 spe
1060 2146 1322 2186 conveniendi
1343 2159 1433 2184 cum
1454 2146 1534 2183 illis
1555 2146 1603 2184 de
1626 2158 1743 2197 pace3

745 2209 749 2213 '
814 2217 931 2254 quam
961 2204 1012 2242 ad
1044 2216 1127 2241 rem
1158 2203 1308 2254 legatos
1334 2202 1561 2255 Callipolim
1593 2203 1744 2240 frustra

813 2259 949 2299 mittit.
1006 2259 1104 2298 ibid.

869 2315 1102 2368 Turcopuli.
1135 2314 1265 2353 iuncti
1305 2313 1557 2365 Amogabaris
1594 2312 1742 2350 Alanos

813 2373 966 2425 praelio
997 2373 1168 2411 vincunt
1195 2372 1237 2410 in
1264 2371 1412 2409 finibus
1437 2368 1664 2419 Bulgariae‚
1703 2374 1743 2407 et

815 2430 978 2467 multam
1017 2429 1064 2466 iis
1099 2429 1286 2480 praedam
1319 2433 1491 2478 ereptam
1523 2425 1742 2476 praemium

813 2485 1124 2523 victoriaeinter
1145 2498 1187 2523 se
1198 2483 1439 2536 partiuntur.
1497 2481 1524 2519 1.
1545 2485 1571 2523 7
1591 2495 1625 2519 c.
1646 2485 1710 2524 19.

869 2541 1103 2591 Amogabari
1132 2542 1179 2578 ab
1210 2539 1414 2579 Orestiade
1432 2537 1515 2591 ‚diu
1547 2537 1741 2588 necquid-

812 2610 931 2647 quam
951 2603 1180 2649 oppugnata
1199 2595 1383 2635 recedere
1406 2599 1616 2646 coguntur,
1638 2593 1740 2632 mul-

811 2653 862 2690 tis
886 2667 1048 2690 suorum
1070 2653 1235 2692 amissis.
1293 2652 1389 2690 ibid.

869 2710 962 2747 Pars
1002 2709 1274 2759 Amogabarici
1315 2708 1512 2747 exercitus
1550 2721 1571 2745 e
1610 2705 1737 2745 Persis

812 2765 982 2804 maxime
1001 2766 1168 2804 conflata
1179 2795 1191 2815 ,
1223 2766 1324 2804 Gani
1342 2765 1485 2804 montis
1503 2763 1682 2802 saucibus
1701 2767 1740 2800 et

811 2835 901 2860 arce
928 2818 1148 2875 occupatis,
1178 2822 1398 2862 subiectam
1428 2820 1626 2872 regionem
1658 2832 1738 2859 va-
