1858 3126
491 173 593 217 LIB.
617 173 697 217 ΠΙ.
757 173 1233 218 CHRONOLOGIGUS.
1474 174 1570 222 845

172 278 251 340 ffl‘
287 277 448 340 ΜΦ.
470 277 630 339 lagine-
728 282 933 336 Desperata
957 283 1090 322 Cretae
1115 283 1266 322 insulae
1285 284 1472 324 adversus
1490 286 1571 325 La-

238 331 248 340 ‘
307 321 434 385 usqu-'3¹
579 332 587 339 ’
674 338 778 376 tinos
795 353 876 377 eam
894 340 1037 378 acriter
1050 347 1323 392 oppugnantes
1339 341 1572 391 defensione,

291 376 441 439 nuaram
473 377 631 405 ⁸⁸⁶¹⁰¹¹⁴²¹
675 394 810 445 copiae
832 394 923 433 inde
946 401 1127 433 evocatae
1143 395 1269 434 Persis
1285 396 1413 438 Asiam
1434 397 1574 435 incur-

156 449 262 490 1296
364 450 392 488 2
525 446 578 488 14
676 450 847 488 santibus
864 457 1130 502 opponuntur.
1183 451 1210 488 l.
1229 454 1256 493 3
1276 465 1309 489 c.
1326 455 1364 495 8.

478 498 622 527 mmm·
729 505 892 544 Alexim
903 505 1255 558 Philantbropenus
1276 507 1359 545 dux
1371 508 1482 547 Asiae
1498 507 1575 546 mi-

548 539 575 578 3
674 561 781 598 noris
813 561 860 598 ab
888 561 1191 612 imperatoribus
1221 562 1460 612 declaratus,
1489 564 1574 600 illic

673 615 899 666 aliquandiu
928 623 1065 654 contra
1087 618 1219 656 Persas
1249 618 1410 656 limitem
1428 619 1575 656 Roma-

672 684 767 708 num
795 672 1055 723 irrumpentes
1083 686 1166 711 rem
1195 673 1293 712 bene
1318 687 1364 712 ac
1386 687 1572 726 prospere

670 727 778 776 gerit.
833 727 858 766 l.
874 729 901 769 3
923 740 956 765 c.
975 730 1014 769 9.

727 781 1091 833 Osphentisthlabus
1106 783 1274 821 Teneris
1291 797 1409 834 regno
1430 784 1574 834 Balga-

670 836 751 875 riae
790 838 894 888 pulsi
930 837 1058 886 filius,
1097 838 1284 889 paulatim
1319 839 1571 888 invalescens,

670 893 831 930 Tzacam
859 893 950 930 dolo
982 899 1138 944 captum
1168 893 1374 944 interficit,
1413 894 1573 933 Ioachi-

671 961 775 985 mum
798 949 1051 999 Bulgarorum
1080 947 1343 999 patriarcham
1373 951 1571 1002 praecipi-

669 1003 726 1040 tio
744 1009 870 1043 necat.
925 1004 951 1042 l.
967 1007 992 1044 3
1012 1017 1046 1042 c.
1062 1007 1128 1047 26.

725 1058 1009 1096 Radostblabus
1050 1059 1332 1097 sebastocrator
1367 1059 1569 1109 Bulgariae

671 1113 813 1152 eiectus
839 1114 932 1152 inde
950 1115 996 1151 ab
1017 1114 1360 1167 Osphentisthlabo
1379 1116 1428 1153 ad
1445 1117 1570 1168 impe-

668 1175 838 1207 ratorem
864 1170 1048 1220 confugit.
1103 1170 1196 1208 ibid.

724 1225 813 1262 Ales
832 1225 1013 1263 Amurius
1034 1238 1082 1263 ex
1101 1231 1282 1276 paternae
1306 1225 1432 1263 caedis
1450 1226 1569 1264 ultio-

670 1292 719 1316 ne
736 1280 862 1318 clarus
879 1281 1018 1329 factus,
1048 1281 1220 1330 collectis
1240 1281 1376 1331 copiis,
1399 1277 1571 1332 primum

670 1334 773 1372 bello
804 1336 930 1385 palam
958 1349 1038 1374 non
1060 1336 1209 1374 indicto
1233 1336 1447 1374 latrociniis
1467 1337 1572 1374 infe-

670 1395 747 1427 stat
774 1391 988 1429 Romanum
1017 1391 1198 1439 limitem3
1230 1391 1368 1428 deinde
1396 1404 1483 1428 cum
1506 1404 1572 1429 re-

669 1445 828 1496 pentino
849 1459 955 1495 casu,
974 1446 1113 1484 Martio
1134 1459 1275 1494 mense,
1298 1447 1475 1496 Sangaris
1491 1446 1571 1484 flu-

671 1500 757 1538 vius
787 1501 940 1538 alveum
969 1507 1123 1539 mutans
1147 1502 1294 1540 arcium
1322 1502 1407 1539 illic
1423 1503 1571 1540 Roma-

670 1568 808 1593 narum
844 1556 1133 1606 praesidiarios,
1171 1557 1412 1594 munimento
1447 1557 1571 1595 amnis

670 1610 901 1649 invadabilis
922 1611 1066 1649 obiecti
1087 1611 1266 1649 hostibus
1287 1612 1472 1661 nudatos,
1502 1613 1571 1650 fu-

669 1678 758 1715 gere
774 1666 865 1704 inde
883 1667 1141 1718 compulisset,
1158 1671 1416 1716 transgressus
1429 1667 1473 1704 in
1489 1680 1570 1705 me-
1591 1671 1620 1707 P
1642 1672 1708 1706 613

671 1721 885 1759 diterranea
912 1722 1054 1760 minori
1073 1723 1149 1760 iam
1169 1722 1404 1760 verecundia
1423 1723 1570 1759 Roma-

669 1789 740 1814 nos
766 1776 960 1816 hostiliter
984 1778 1158 1825 infestat,
1189 1777 1398 1814 instinctus
1424 1777 1474 1814 ad
1492 1776 1568 1814 hoc

669 1832 927 1869 aemulatione
961 1832 1157 1880 Atmanis,
1203 1831 1358 1868 alterius
1392 1837 1567 1882 satrapae

668 1885 753 1921 loca
772 1886 934 1923 Nicaeae
957 1887 1087 1924 vicina
1110 1898 1296 1937 prospere
1316 1886 1563 1926 incursantis.

668 1939 697 1977 1.
709 1939 735 1980 4
756 1949 789 1978 c.
806 1939 872 1981 25.

720 1993 874 2030 Muzalo
885 1993 968 2030 dux
980 1994 1240 2032 Romanorum
1261 1995 1413 2045 capitur
1430 1995 1476 2033 ab
1493 1994 1564 2034 At-

666 2060 798 2095 mane,
826 2048 892 2085 sed
909 2061 1000 2085 mox
1018 2048 1217 2087 liberatur.
1271 2048 1367 2091 ibid.

722 2103 904 2139 Kalendis
932 2102 1034 2140 lunii
1058 2109 1182 2141 terrae
1201 2111 1329 2142 motus
1360 2105 1494 2155 ingens
1525 2111 1564 2143 et

668 2157 959 2194 exitiosissimus
990 2158 1366 2210 Constantinopolim
1404 2167 1443 2198 et
1483 2161 1565 2199 eius

667 2218 815 2249 tractus
836 2212 1058 2262 provincias
1080 2214 1293 2252 concussit.
1328 2215 1482 2253 duravit
1500 2229 1566 2253 va-

668 2267 726 2304 rio
754 2273 886 2304 tenore
916 2280 1036 2317 usque
1062 2267 1111 2304 ad
1139 2268 1375 2307 desinentem
1406 2269 1566 2313 Iulium.

669 2321 807 2359 damna
826 2322 903 2358 eius
921 2328 1194 2362 memorantur.
1250 2323 1278 2362 l.
1299 2327 1324 2365 3
1348 2339 1380 2362 c.
1402 2326 1464 2367 15.

724 2376 778 2413 Ea
789 2376 990 2414 occasione
1006 2377 1249 2416 Andronicus
1267 2378 1478 2430 imperator
1491 2381 1563 2418 deo

670 2431 918 2482 propitiando
945 2433 1112 2482 supplex
1140 2446 1229 2470 cum
1254 2435 1399 2485 populo
1423 2449 1563 2486 proce-

670 2486 748 2534 dit,
777 2492 815 2523 et
831 2485 1023 2536 prolixam
1042 2485 1158 2525 habet
1177 2489 1414 2529 concionem.
1453 2503 1565 2526 mox-

669 2553 742 2591 que
768 2542 1005 2592 corruptelas
1031 2542 1262 2580 iudiciorum
1287 2544 1563 2581 constitutione

669 2596 775 2634 bulla
794 2609 905 2634 aurea
923 2597 1072 2634 munita
1101 2597 1148 2634 de
1166 2598 1216 2635 iis
1242 2598 1344 2636 edita
1361 2599 1562 2636 emendare

667 2651 815 2690 nititur.
870 2651 963 2688 ibid.
984 2664 1016 2691 c.
1047 2654 1096 2692 16
1113 2657 1150 2689 et
1171 2655 1233 2692 17.

722 2706 858 2744 Veneti
882 2719 971 2744 cum
998 2708 1051 2748 75
1082 2706 1206 2757 longis
1231 2707 1396 2745 navibus
1430 2707 1561 2744 infesti

669 2761 1042 2813 Constantinopolim
1053 2761 1236 2800 adversus
1247 2764 1464 2801 Genuenses
1475 2762 1558 2800 illic
