1806 3126
400 140 476 183 DE
510 137 842 182 ANDRONICO
871 135 1249 180 PALAEOLOGO
1285 136 1429 181 1..1v.
1554 135 1651 181 293

187 253 360 311 βασιλέα
387 253 442 297 τὰ
471 248 675 297 δοκοῦντά
707 251 746 295 οἳ
771 250 875 308 πρὸς
892 245 1204 306 παραλῦπησιν,
1241 246 1302 292 δι’
1331 248 1358 292 ἃ
1378 250 1446 292 καὶ
1464 245 1654 306 ἓγγωνιᾶ-

190 327 268 378 ζειν
293 322 427 367 ἐθέλει
458 323 525 366 καὶ
557 323 851 376 παραιτεῖσθαι
885 319 952 361 καὶ
970 318 1184 373 ἐκκλησίας
1199 319 1421 375 προεδρίαν
1450 319 1516 360 καὶ
1536 318 1654 374 ἱερω-

189 389 317 446 σύνην
345 388 499 445 αὐτήν,
545 391 580 432 εἲ
606 388 729 432 πλέον
766 384 1123 442 συναναγκάζοιτο.
1195 388 1263 429 καὶ
1295 387 1375 443 πρὸ
1403 390 1487 429 τῶν
1517 385 1654 430 ἄλλων

189 460 238 504 τὸ
257 463 332 503 τοῦ
349 456 479 516 κράλη
502 458 737 515 προετίθει,
773 457 842 498 καὶ
863 454 915 498 τοὶ
933 452 1137 498 δοκοῦντά
1166 455 1205 497 οἱ
1228 456 1536 512 προσίστασθαι
1560 453 1653 498 ἆνε-

156 526 388 581 suit-teto,
426 525 494 570 ὅτι
527 525 687 582 δηλαδὴ
720 523 924 574 συνεστὼς
959 523 1066 566 κατὰ
1094 520 1248 578 νόμους
1277 521 1411 579 γάμος
1438 525 1654 579 διαλυθείη

189 598 259 640 καὶ
278 596 354 652 τὴν
373 599 449 639 τοῦ
468 594 670 649 βασιλέως
689 595 836 643 ἐκεῖνος
847 625 861 646 ,
896 591 1111 647 ἦθετηκὼς
1133 591 1208 646 τὴν
1238 593 1347 634 ἰδίαν
1358 624 1372 644 ‚
1407 593 1557 647 νηπίαν
1580 587 1654 635 οὗ-

189 681 270 709 σαν
300 661 513 721 ἃγάγοιτο·
560 665 628 706 καὶ
656 660 719 706 ὅτι
742 662 1054 718 χρυσολογεῖταί
1080 677 1124 703 τε
1158 661 1226 703 καὶ
1255 659 1585 717 ἀργυρολογιῖται
1606 661 1653 704 τὸ
1703 687 1706 697 2

188 738 294 786 πᾶν,
322 730 704 788 τετιμιουλκημένου
727 730 802 785 μὲν
818 733 895 773 τοῦ
911 726 1134 786 χρειῶδους
1153 727 1304 779 ἅλατος
1321 729 1651 785 τετιμιουλκημέ-
1674 736 1703 770 Β

189 819 263 846 νου
291 802 338 846 δὲ
365 802 434 844 καὶ
465 798 662 858 σιδήρου,
696 803 857 854 σνχνῶν
884 799 930 840 δὲ
956 799 1024 840 καὶ
1053 799 1282 841 marciam-120
1306 798 1548 854 γινομένων,
1586 799 1654 841 καὶ

135 878 181 912 10
191 872 328 927 τρίτον
352 867 410 920 ὥς
428 875 745 927 καταφρονεῖται
766 866 892 917 αὐτὸς
914 866 1129 924 ἀναφορὰς
1154 863 1349 916 πολλάκις
1362 864 1464 923 ὑπὲρ
1484 871 1560 909 τοῦ
1578 868 1653 910 ὁο-

189 943 362 989 κοῦντος
382 939 540 981 δικαίου
563 935 818 992 ποιούμενος.
889 937 1078 978 ἐντεῦθεν
1101 935 1146 978 δὲ
1171 934 1364 988 βασιλεὺς
1382 936 1438 985 εἷς
1457 935 1531 990 τὴν
1551 933 1653 991 ὑπὲρ

188 1003 346 1051 τούτων
368 1006 591 1062 ἀπολογίαν
613 1004 822 1055 καταστὰς
843 1004 906 1047 ἐπὶ
928 1004 1003 1059 μὲν
1020 1007 1080 1063 τῷ
1103 1007 1179 1047 τοῦ
1199 1001 1330 1060 κράλη
1348 1000 1655 1060 συναλλάγματι

187 1076 263 1119 οὐκ
298 1075 427 1132 ὄρεξιν
459 1076 567 1118 ι’διάν
593 1076 662 1118 καὶ
689 1074 765 1129 τὴν
797 1075 952 1116 ἐκεῖθεν
984 1071 1119 1131 ἑαυτῷ
1148 1071 1287 1128 ὄνησιν
1311 1071 1479 1129 ᾐτιᾶτο·
1513 1076 1657 1131 πολλῷ

186 1144 266 1202 γὰρ
295 1143 445 1199 ἣκιστα
476 1147 625 1195 τοῖτο,
671 1142 756 1201 ὅσῳ
793 1143 860 1185 καὶ
886 1141 1219 1196 προσζημιωθειή
1251 1139 1379 1190 αἰτός
1407 1140 1459 1183 τὰ
1476 1138 1649 1197 μεγάλα,

133 1219 176 1255 15
190 1211 327 1269 κόριον
348 1211 372 1255 ὃ
391 1213 435 1255 ἔκ
451 1216 589 1267 ψυχῆς
610 1211 768 1267 ἔστεργε
789 1212 856 1253 καὶ
882 1205 915 1269 ᾧ
931 1207 1213 1266 προσετετῆκει
1241 1210 1309 1251 καὶ
1336 1208 1462 1259 αὐτὸς
1482 1211 1548 1252 καὶ
1567 1207 1652 1265 μή-

186 1298 265 1337 τηρ
297 1282 365 1324 καὶ
390 1277 548 1336 γάμους
583 1278 805 1335 ἑτοιμάζειν
834 1279 1044 1335 ε’γκαίρους
1075 1278 1175 1327 τοὺς
1201 1279 1244 1320 ἐκ
1273 1277 1406 1333 ῥηγῶν
1433 1277 1559 1336 ᾤετο,
1603 1280 1647 1329 ἐξ
1670 1286 1700 1319 0

189 1349 378 1406 ἀγκαλῶν
400 1350 554 1392 οἰκείων
573 1348 844 1405 ἀναρπασθὲν
862 1345 1066 1405 βαρβάρῳ
1085 1363 1128 1389 τε
1146 1347 1213 1388 καὶ
1235 1345 1287 1388 τὰ
1312 1343 1447 1389 πάντα
1463 1343 1651 1405 ἀστόργῳ

188 1419 257 1460 καὶ
281 1417 410 1472 μηδὲν
443 1416 590 1471 σεμνὸν
625 1418 688 1459 ἐπὶ
715 1421 790 1471 τῆς
817 1415 943 1470 ἀρχῆς
969 1415 1102 1469 ἔχοντι
1124 1414 1478 1470 καταπροϊέμενος.
1549 1414 1648 1457 ἀλλι

188 1485 352 1543 ἀνδρῶν
383 1486 451 1528 καὶ
480 1489 627 1541 χωρῶν
657 1486 724 1528 καὶ
757 1481 1009 1541 πραγμάτων
1047 1481 1339 1538 προσηκόντων
1367 1487 1418 1539 τῇ
1445 1484 1647 1543 βασιλείᾳ,

131 1559 273 1598 soram
302 1554 377 1609 μὲν
406 1553 671 1611 ἀπαγομένων
705 1552 888 1607 ἀθλίως,
933 1556 1016 1596 τῶν
1053 1551 1097 1594 δ’
1134 1550 1421 1609 ἕρημουμίνων
1454 1549 1649 1606 ἐσχάτως,

184 1687 292 1722 ratori
312 1688 506 1734 patriarcha
527 1699 616 1733 quae
638 1687 704 1722 sibi
726 1687 956 1733 displicerent,
977 1687 1020 1721 ob
1038 1697 1126 1732 quae
1148 1685 1312 1720 hactenus
1329 1685 1445 1720 volens
1467 1684 1502 1719 in
1525 1684 1648 1729 angulo

184 1738 374 1778 manaret,
396 1745 565 1779 porroque
585 1740 727 1779 paratus
750 1740 842 1768 esset
863 1734 1099 1779 praefecturae
1121 1732 1269 1777 ipsique,
1304 1732 1334 1766 si
1365 1731 1557 1776 desperatio
1590 1742 1646 1763 re-

186 1779 287 1813 medii
308 1779 361 1814 sic
382 1784 543 1825 cogeret,
577 1780 773 1814 renuntiare
802 1779 1006 1814 sacerdotio.
1052 1781 1132 1813 ante
1166 1778 1277 1812 omnia
1304 1776 1501 1811 memoravit
1527 1775 1646 1809 foedus

185 1835 260 1858 cum
283 1825 396 1866 crale,
418 1826 454 1859 in
476 1837 543 1871 quo
567 1825 650 1871 quid
672 1825 780 1870 ipsum
803 1825 991 1859 offenderet
1013 1823 1164 1869 protulit,
1192 1823 1369 1857 criminans
1390 1821 1542 1865 legitime
1565 1832 1647 1854 con-

185 1872 331 1904 metum
353 1869 448 1915 prius
470 1871 570 1904 cralis
593 1871 782 1916 coniugium
804 1871 910 1905 fuisse
932 1869 1060 1904 nefarie
1082 1869 1282 1913 diremptum
1295 1894 1305 1911 ,
1332 1874 1367 1902 et
1389 1867 1512 1901 iniuste
1537 1867 1580 1900 ab
1604 1877 1645 1899 eo

185 1914 367 1959 repudiata
396 1917 488 1960 regis
509 1916 690 1960 Bulgariae
724 1917 795 1951 filia
821 1916 856 1950 in
888 1916 961 1950 eius
989 1916 1098 1949 locum
1131 1914 1347 1948 substitutam
1377 1911 1577 1946 infantulam
1601 1923 1645 1944 ex

185 1958 391 2004 imperatore
411 1966 536 1995 natam.
581 1962 712 1996 addidit
734 1963 826 1996 serre
848 1973 887 1995 se
917 1961 1007 1995 haud
1029 1972 1131 2006 posse
1154 1959 1335 2004 aggravari
1357 1958 1515 2002 populum
1536 1957 1643 1991 tribu-

186 2004 234 2038 tis
263 2004 339 2038 sine
367 2006 479 2040 modo.
526 2007 649 2040 nullum
677 2007 777 2041 finem
810 2007 885 2041 fieri
917 2007 991 2040 auri
1014 2005 1149 2050 argenti
1171 2005 1319 2048 undique
1340 2004 1429 2037 nullo
1452 2015 1518 2036 non
1542 2015 1563 2037 e
1585 2014 1642 2036 re-

185 2061 262 2084 rum
290 2061 415 2094 genere
447 2052 657 2085 corradendi.
703 2052 824 2086 subiici
852 2051 949 2086 novis
977 2051 1198 2094 vectigalibus
1222 2050 1324 2083 salem
1345 2049 1526 2083 communis
1547 2060 1640 2092 usuS,

184 2095 308 2130 subiici
331 2096 431 2130 etiam
454 2097 599 2139 ferrum3
622 2101 658 2130 et
678 2097 868 2131 immaniter
887 2097 964 2131 istis
984 2096 1214 2130 exactionibus
1235 2106 1346 2128 rerum
1371 2095 1462 2128 vitae
1484 2106 1640 2129 necessa-

183 2141 311 2176 riarum
334 2142 479 2187 pretium
502 2142 654 2176 accendi.
699 2143 825 2176 effundi
859 2154 935 2176 mox
955 2142 1098 2187 prodige
1120 2141 1155 2174 in
1176 2140 1371 2184 largitiones
1393 2141 1532 2175 crebras
1554 2152 1642 2185 quae

183 2198 291 2222 avare
322 2187 392 2221 sint
425 2191 570 2225 extorta.
616 2187 752 2222 tertium
784 2188 836 2221 his
866 2188 1014 2221 attexuit
1036 2186 1247 2232 querelarum
1268 2192 1391 2232 caput,
1416 2187 1581 2220 contemni
1603 2197 1641 2220 se

183 2244 247 2267 nec
269 2233 387 2268 haberi
408 2234 572 2268 rationem
595 2234 876 2279 supplicationum
905 2245 967 2278 pro
991 2232 1169 2266 clientibus
1192 2243 1344 2276 suarum,
1377 2232 1438 2266 ubi
1460 2243 1502 2266 ex
1525 2231 1639 2266 officio

182 2279 409 2314 interveniens
431 2279 694 2325 periclitantium
717 2279 828 2314 causis
850 2278 1121 2324 patrocinaretur
1145 2277 1336 2323 oppressis,
1370 2283 1407 2312 et
1438 2277 1514 2312 iura
1535 2277 1641 2311 desti-

184 2327 334 2359 tutorum
355 2325 549 2360 verisimilia
569 2325 651 2359 licet
672 2325 899 2371 nequidquam
922 2325 1106 2368 allegaret,
1137 2323 1226 2357 nullo
1256 2335 1340 2358 suae
1370 2323 1545 2368 neglectae
1580 2335 1640 2357 au-

185 2370 354 2405 ctoritatis
386 2373 509 2405 fructu.
556 2371 719 2406 adversus
748 2372 834 2406 haec
859 2371 1044 2415 imperator
1073 2367 1127 2402 sui
1155 2368 1380 2403 defensionem
1402 2382 1423 2404 a
1445 2369 1559 2415 capite
1582 2381 1640 2402 or—

184 2426 262 2458 su8‚
292 2415 337 2450 de
358 2417 457 2451 cralis
478 2417 622 2462 primum
643 2417 782 2452 foedere
814 2415 996 2456 disseruit,
1028 2427 1092 2449 nec
1122 2414 1260 2460 propria
1281 2426 1318 2449 se
1338 2414 1374 2448 in
1395 2414 1430 2448 id
1453 2414 1639 2460 cupiditate

183 2465 343 2504 tractum,
362 2474 426 2497 nec
446 2463 612 2497 utilitates
632 2463 666 2497 in
688 2474 726 2498 se
748 2474 895 2508 suosque
918 2460 1076 2507 privatim
1097 2459 1342 2495 redundaturas
1364 2461 1442 2505 inde
1463 2466 1640 2506 captasse:

185 2505 266 2551 quin
288 2507 402 2552 potius
426 2509 638 2543 sacrificasse
661 2521 699 2543 se
720 2509 756 2543 in
777 2509 842 2543 hoc
864 2507 1007 2553 publicis
1029 2505 1207 2540 commodis
1229 2506 1405 2551 privatos,
1440 2518 1565 2551 eosque
1587 2511 1640 2538 te-

185 2552 367 2596 nerrimos,
397 2554 554 2589 affectus.
598 2555 754 2597 filiolam,
787 2558 891 2608 caput
920 2553 1061 2587 omnium
1086 2550 1332 2595 dulcissimum,
1356 2564 1435 2587 suas
1458 2552 1643 2595 matrisque

186 2595 341 2639 delicias,
373 2610 473 2644 quam
500 2600 534 2634 in
556 2612 649 2645 spem
672 2600 1011 2646 splendidissimarum
1043 2608 1118 2631 cum
1141 2608 1255 2642 regum
1277 2598 1428 2632 maximis
1450 2597 1641 2642 nuptiarum

186 2641 386 2687 educarent,
415 2645 516 2679 avelli
544 2647 610 2680 sibi
641 2658 759 2692 passos
791 2658 811 2680 e
842 2646 991 2690 gremio,
1021 2642 1206 2689 proiicique
1234 2643 1270 2678 in
1289 2655 1406 2678 manus
1436 2641 1642 2678 insociabilis

186 2686 348 2732 barbari,
369 2689 450 2724 nihil
469 2691 504 2725 in
527 2692 619 2726 cultu
644 2703 686 2726 ac
707 2692 857 2727 moribus
879 2692 1076 2731 humanum,
1099 2689 1182 2722 nihil
1201 2689 1236 2723 in
1257 2689 1331 2735 ipso
1353 2689 1547 2735 principatu
1568 2698 1640 2721 ma-

188 2742 338 2778 gnopere
358 2735 568 2780 splendidum
590 2738 758 2773 habentis.
803 2748 923 2772 verum
952 2748 992 2770 eo
1025 2747 1047 2769 a
1075 2746 1113 2769 se
1134 2735 1245 2780 pretio
1266 2735 1475 2780 redemptam
1498 2732 1641 2777 captivi>

190 2781 293 2814 tatem
324 2779 530 2817 subditorum
559 2782 712 2830 imperii,
743 2782 803 2829 qui
826 2782 946 2818 misere
967 2780 1132 2816 servitum
1153 2781 1429 2824 abducebantur,
1451 2778 1641 2825 provincia-
