1820 3112
220 131 314 179 192
632 132 868 176 GEORGII
894 133 1245 178 PACHYMERIS

215 246 264 291 οὗ
294 245 389 290 κατ’
418 245 551 301 ὀλίγον
579 243 683 288 ἀλλὰ
708 243 861 302 τρόπον
887 246 1017 303 πυρὸς
1048 246 1146 290 κατ’
1174 246 1394 303 ἀναλογίαν
1419 247 1495 304 τὴν
1513 252 1670 292 πολλα-

211 313 407 366 πλάσιον,
442 313 497 364 ὥς
518 312 604 366 ἅμα
622 316 695 369 μὲν
726 315 869 365 ἐξιέναι
893 315 969 358 σῦν
999 317 1320 366 πολλαπλασίοις
1339 314 1520 370 τούτων,
1556 318 1671 372 δίκην

211 382 372 442 ῥυάκων
389 380 652 439 ἐπιρρεόντων
674 387 756 426 τῶν
773 383 973 440 ἀγροίκων
991 385 1149 428 ἐκείνων
1170 387 1236 427 καὶ
1254 386 1462 438 βουκαίων
1479 387 1545 428 καὶ
1556 390 1670 440 βοω-

211 457 308 495 τῶν.
377 456 501 494 τοῦτο
533 452 686 504 μαθὼν
715 450 931 506 βασιλεύς,
977 455 1043 495 καὶ
1075 456 1165 510 περὶ
1195 458 1252 512 τῷ
1273 458 1360 511 λαῷ
1391 454 1529 503 δείσας
1545 452 1605 509 μή
1630 470 1670 496 τι

162 532 194 566 D
218 517 350 563 πάθοι
377 520 625 576 προσβαλῶν
656 519 917 571 ἀσυντάκτως
949 524 1016 565 καὶ
1047 522 1249 577 ἀμαθῶς,
1299 524 1335 564 εἶ
1362 521 1407 564 δ’
1436 517 1535 575 οὖν,
1567 521 1702 567 &uas

213 591 280 631 καὶ
301 587 360 644 μή
379 606 418 631 τι
439 591 723 645 νεωτερισθείη
749 588 1043 645 ἐπιτυχόντων,
1081 591 1250 644 πέμψας
1271 591 1327 640 εἷς
1344 589 1471 633 αὐτὸν
1491 607 1672 644 μετακα-

212 662 339 700 λεῖται
359 657 430 700 τὸν
449 655 663 713 βάρβαρον
676 691 689 710 ,
726 661 792 701 καὶ
811 657 1009 709 ἐλθόντος
1030 659 1335 714 ἀποχειροτονεΐ
1349 660 1580 714 παραυτίκα
1601 658 1673 702 τὸν

214 726 444 782 στρατηγὸν
475 728 542 769 καὶ
573 725 614 768 ἒν
643 731 693 784 τῇ
723 726 932 784 πρεπούσῃ
966 723 1130 784 τηρήσει
1166 727 1264 770 εἶναι
1293 726 1554 782 προστάσσει.
1623 727 1671 770 τὸ

298 795 310 810 2

213 794 260 837 δ’
287 796 449 849 αμαθές
478 796 600 838 ἐκεῖνο
628 800 790 851 πλῆθος
811 798 876 839 καὶ
895 796 1043 852 ἄλογον
1074 795 1161 851 ἅμα
1184 797 1482 839 ὃιασκεδασθὲν
1501 796 1576 851 τὴν
1595 813 1673 838 τα-

209 865 355 919 χίστην
377 861 513 906 ἐλύετο
527 897 540 915 ,
577 866 644 906 καὶ
667 865 718 906 τὰ
739 865 842 907 οἷ’κοι
862 866 1029 915 ἕκαστος
1047 863 1363 918 κατελάμβανεν.
1683 875 1728 910 10

73 934 102 968 Ρ
127 935 194 971 128
353 931 430 994 31ζ
497 932 563 974 Ἐν
581 930 764 992 τοσούτῳ
786 934 829 976 δὲ
848 937 914 976 καὶ
934 932 955 976 ὅ
975 931 1344 989 πρωτοβεστιάριος
1361 936 1412 990 τῇ
1430 931 1674 991 πολυημέρῳ

215 998 325 1059 νόσῳ
345 1003 636 1056 κατεργασθεὶς
648 1006 729 1045 τῶν
749 1007 907 1059 νεφρῶν
924 1002 1060 1058 (οὗὸἒν
1079 1003 1157 1059 γὰρ
1176 1001 1197 1045 ὃ
1213 1000 1401 1044 ἐπενόουν
1418 1003 1474 1051 εἲς
1493 1001 1673 1058 ἰατρείαν

217 1070 255 1112 οἳ
277 1068 575 1126 θεραπεύοντες
596 1070 733 1113 ἱκανὸν
754 1073 809 1121 εἷς
838 1071 912 1125 τὴν
932 1071 1035 1114 κατὰ
1060 1075 1132 1126 τῆς
1161 1070 1392 1127 ἀρρωστίας
1408 1067 1673 1125 ἀνταγῶνισιν

217 1137 351 1188 ’ἔδοξεν
362 1171 375 1191 ,
408 1141 442 1181 εἶ
459 1139 518 1193 μὴ
538 1140 604 1180 καὶ
629 1144 787 1193 μᾶλλον
812 1141 1082 1196 προσεξημίου
1106 1140 1176 1182 τὸν
1196 1137 1448 1195 πάσχοντα),
1484 1138 1601 1195 ἀφεὶς
1619 1137 1672 1180 τὰ

214 1204 351 1249 πάντα
381 1209 447 1249 καὶ
478 1207 607 1262 αὐτὴν
636 1208 711 1262 τὴν
734 1209 930 1264 κοσμικὴν
954 1208 1086 1264 ὀφρὺν
1103 1210 1168 1250 καὶ
1188 1206 1365 1263 σκηνήν,
1400 1206 1474 1250 τὸν
1492 1205 1672 1260 μοναχὸν
1684 1215 1727 1252 15

217 1273 438 1318 &nodi-erac
451 1309 464 1329 ,
504 1277 571 1317 καὶ
600 1274 626 1319 ἃ
646 1277 748 1319 κατὰ
778 1282 860 1319 τῶν
886 1275 1154 1331 ταλαιπώρων
1172 1280 1370 1331 κληρικῶν
1391 1274 1614 1332 ξυνὲπραξέ
1630 1289 1674 1317 τε

165 1354 196 1389 Β
221 1346 286 1387 καὶ
315 1341 624 1397 ξυνεβούλευσεν
651 1343 706 1395 ὥς
735 1347 864 1399 δῆθεν
895 1347 938 1388 ἐκ
969 1344 1113 1400 ζήλου,
1152 1344 1292 1394 αὐτοῖς
1321 1345 1481 1393 ἐκείνοις
1497 1346 1676 1400 παροῦσι

216 1411 452 1468 διωμολόγει
472 1418 681 1466 μετανοῶν
692 1446 705 1465 ,
743 1415 810 1456 καὶ
829 1415 1002 1468 ἐζητεῖτο
1026 1413 1128 1470 παρ’
1154 1413 1290 1455 αὐτῶν
1311 1413 1383 1467 τὴν
1404 1409 1676 1468 συγχώρησιν.

215 1481 342 1524 αὐτὸν
371 1481 414 1524 ‹5'
452 1482 516 1523 ἐπὶ
544 1486 740 1524 τοσοῦτον
772 1480 792 1524 ὅ
826 1480 950 1532 πόνος
980 1480 1118 1525 ὠδύνα
1146 1484 1213 1523 καὶ
1234 1481 1399 1534 ἕθλιβεν
1422 1479 1525 1524 ὥστε
1541 1482 1607 1523 καὶ
1627 1479 1673 1523 τό

215 1552 287 1603 ζῆν
307 1550 440 1607 ἐκείνῳ
460 1556 585 1591 ποιεῖν
612 1549 812 1602 ἀβίωτον
849 1550 924 1593 κᾶν
942 1548 1022 1592 πού
1039 1567 1100 1599 τις
1121 1555 1201 1592 τῶν
1212 1549 1520 1604 Ἀσκληπιαδῶν
1537 1549 1580 1591 ἐκ
1601 1552 1731 1603 τῆςω

215 1618 412 1674 ἀρτηρίας
431 1617 668 1671 ἐπισχέσεως
689 1618 791 1671 μετὰ
810 1619 945 1674 βραχὺ
964 1619 1039 1673 τὴν
1057 1617 1245 1672 τελευτὴν
1264 1619 1539 1673 ἐπηγγείλατο,
1563 1616 1677 1674 εὔερ-

212 1686 331 1742 γέτης
351 1687 394 1728 ἐκ
415 1690 489 1729 τοῦ
510 1686 767 1743 παρασχεδὸν
787 1686 897 1738 ἔδοξε
917 1688 1040 1743 λέγων
1068 1688 1135 1729 καὶ
1155 1683 1400 1743 προμηνύων
1418 1685 1466 1728 οὗ
1483 1683 1676 1743 πράττων

217 1817 494 1864 quandocumque
516 1817 663 1852 libuerat
683 1817 766 1852 ferri
788 1820 938 1860 temere;
962 1829 1028 1864 quo
1050 1817 1117 1852 ritu
1139 1817 1306 1852 scintillae
1326 1816 1481 1859 volitant,
1495 1816 1562 1851 huc
1583 1815 1678 1858 illuc,

218 1869 298 1898 ante
321 1869 433 1906 retro,
456 1876 477 1899 a
500 1864 682 1906 lateribus,
704 1864 798 1898 illinc
819 1865 896 1898 inde
917 1864 1158 1909 inquietissime
1178 1863 1316 1908 vagari3
1348 1862 1547 1898 torrentium
1568 1861 1679 1896 instar

219 1910 392 1944 confluere
413 1910 449 1944 in
471 1910 671 1952 condictum,
696 1911 811 1945 statim
833 1911 911 1944 inde
933 1922 1033 1945 cursu
1056 1909 1195 1950 reflexo,
1213 1921 1281 1955 qua
1303 1920 1444 1954 pronum
1466 1911 1554 1950 erat,
1575 1907 1677 1943 elabi.

219 1957 282 1990 hos
303 1957 354 1990 ita
376 1956 574 1990 tumultuari
597 1956 723 1991 crebris
754 1956 939 2002 imperator
969 1956 1092 1990 nuntiis
1114 1956 1226 1990 factus
1249 1955 1394 1997 certior,
1425 1958 1462 1988 et
1486 1953 1517 1988 si
1539 1954 1582 1988 ad
1605 1964 1678 1989 ma-

221 2014 301 2036 num
325 2013 381 2036 res
411 2002 564 2044 veniret,
597 2002 723 2036 cladem
755 2014 796 2036 ac
828 2009 975 2047 stragem
1009 2001 1123 2048 populi
1149 2001 1319 2036 exitialem
1342 2001 1489 2046 aliquam
1510 2003 1677 2043 metuens,

220 2048 282 2082 sed
306 2059 368 2081 nec
391 2048 475 2083 satis
507 2060 646 2082 securus
669 2049 712 2082 de
732 2048 802 2082 fide
823 2049 962 2083 barbari
984 2052 1147 2092 agyrtae,
1172 2047 1231 2093 qui
1268 2047 1298 2081 si
1328 2047 1372 2082 ad
1403 2046 1627 2081 defectionem
1654 2057 1678 2080 a

221 2094 376 2140 principe
398 2095 529 2138 plebem
551 2095 639 2128 illam
662 2094 864 2128 inconditam
887 2101 1039 2136 vocaret,
1066 2093 1238 2138 morigeris
1261 2093 1304 2128 ad
1327 2091 1463 2138 quidvis
1483 2098 1576 2126 esset
1597 2102 1678 2126 usn-

220 2151 302 2182 rus,
337 2143 468 2174 mature
501 2141 769 2185 praecavendum
797 2141 1033 2175 incommodum
1065 2146 1177 2181 ratus,
1212 2139 1414 2174 accersitum
1445 2138 1489 2172 ad
1511 2149 1548 2172 se
1570 2137 1679 2172 addu-

219 2188 377 2230 ctumque
400 2191 531 2220 mature
554 2187 896 2222 Pseudo—Lachanam
920 2190 1119 2221 exauctorat
1153 2190 1296 2231 tutaque
1317 2184 1428 2219 teneri
1449 2183 1604 2227 custodia
1624 2182 1678 2216 iu—

217 2232 291 2265 bet.
336 2243 402 2276 quo
427 2232 565 2276 vulgato
589 2234 763 2267 confestim
794 2233 974 2267 temeraria
1003 2233 1105 2266 turba
1127 2232 1281 2276 dispersa
1303 2235 1375 2272 est,
1399 2241 1462 2276 pro
1484 2241 1524 2264 se
1545 2238 1680 2275 quoque

217 2288 313 2311 suum
339 2277 469 2322 mapale
491 2278 670 2324 villamque
692 2290 733 2313 ac
755 2279 922 2313 familiare
944 2282 1122 2324 repetente
1144 2277 1321 2311 stabulum.
1567 2300 1571 2302 >

309 2323 366 2358 31.
413 2323 507 2356 Inter
539 2325 624 2358 haec
656 2325 936 2368 protovestiarius
967 2325 1066 2369 longo
1095 2335 1212 2358 renum
1242 2323 1357 2356 dolore
1377 2318 1502 2354 sensim
1525 2329 1680 2354 consum-

219 2371 300 2414 ptus
323 2368 472 2412 interiit,
497 2380 571 2402 cum
593 2369 758 2415 quidquid
790 2371 822 2404 ei
844 2371 1042 2404 medicando
1066 2368 1289 2409 comminisci,
1321 2366 1378 2412 qui
1401 2376 1477 2400 eum
1501 2365 1679 2407 curabant,

220 2417 416 2448 conferreve
449 2415 659 2459 potuissent,
695 2416 779 2449 adeo
813 2427 877 2449 non
910 2427 972 2460 par
994 2415 1117 2449 fuisset
1142 2414 1339 2454 eluctandae
1362 2411 1395 2446 vi
1416 2410 1607 2454 languoris,
1641 2414 1680 2444 ut

219 2471 294 2494 eam
318 2459 430 2504 potius
454 2471 658 2505 exasperare
679 2461 819 2506 plusque
841 2472 944 2505 aegro
967 2472 1090 2494 nocere
1107 2459 1214 2494 visum
1236 2463 1342 2500 esset,
1365 2457 1499 2502 quando
1518 2456 1577 2490 ille
1601 2466 1682 2500 per-

218 2510 335 2540 taesus
357 2506 522 2539 humanae
545 2506 725 2548 vanitatis,
749 2512 785 2539 et
808 2517 908 2539 scena
930 2507 1116 2539 mundanae
1138 2503 1356 2549 arrogantiae
1379 2513 1478 2548 quam
1501 2502 1548 2536 sit
1569 2501 1682 2536 inania

218 2551 421 2597 intelligens,
443 2563 485 2586 ea
508 2552 669 2596 despecta
690 2551 845 2586 monachi
867 2552 1016 2585 habitum
1039 2550 1164 2592 induit;
1193 2554 1228 2583 et
1250 2554 1390 2583 vexatos
1412 2548 1536 2582 iniuste
1558 2559 1606 2582 aev
1619 2558 1682 2581 au-

219 2603 315 2632 ctore
337 2610 378 2632 ac
401 2602 605 2643 cooperante
626 2597 764 2631 miseros
799 2596 940 2631 clericos
962 2597 1134 2638 recolens,
1169 2595 1253 2640 ipsis
1283 2595 1350 2629 illis
1381 2593 1616 2639 praesentibus
1638 2604 1682 2628 ea

219 2656 258 2679 se
280 2644 502 2690 imprudentis
530 2643 691 2677 instinctu
723 2643 788 2676 zeli
816 2643 926 2688 egisse
958 2642 1151 2687 dixisseque
1174 2641 1350 2685 poenitens
1373 2645 1427 2674 est
1447 2641 1580 2682 fassus,
1614 2651 1682 2674 ve—

222 2690 379 2735 niamque
401 2690 445 2724 ab
467 2689 550 2734 ipsis
573 2689 683 2734 petiit.
728 2700 832 2734 porro
854 2689 987 2723 dolores
1008 2688 1218 2722 laborantem
1240 2686 1327 2720 tanti
1350 2697 1391 2720 ac
1413 2690 1484 2720 tam
1502 2686 1684 2720 vehemen-

223 2740 279 2770 tes
302 2735 515 2777 cruciabant,
538 2739 578 2769 ut
600 2735 631 2769 ei
653 2734 786 2768 vivendi
807 2735 954 2769 taedium
977 2733 1164 2776 afferrent3
1196 2737 1232 2766 et
1254 2732 1457 2778 quicumque
1478 2731 1545 2777 ipsi
1567 2730 1685 2777 explo-

221 2786 300 2817 rata
328 2783 420 2817 forte
451 2780 579 2818 arteria
607 2780 756 2816 medicus
778 2780 879 2815 finem
910 2779 1132 2826 propinquum
1152 2778 1378 2823 ominaretur,
1410 2777 1571 2813 indicium
1592 2775 1688 2812 reni-
