1858 3126
287 166 386 215 498
674 159 910 208 GEORGII
943 159 1293 210 memma

288 273 687 332 ταλῦματι-ταιῖταις
710 276 884 332 ἐχρᾶτο,
922 269 1098 321 ἐδεστῶν
1120 276 1224 319 καθ’
1250 274 1425 334 ἑκάστην
1439 274 1744 336 ἓμφοροῦμενος

289 349 370 400 τὴν,
395 344 552 401 ἡμέραν
577 343 640 394 οἷς
664 344 794 388 εἱστία
827 349 974 389 τοῦτον
1003 344 1025 388 ὅ
1054 343 1270 400 βασιλεύς,
1307 346 1374 387 καὶ
1402 351 1489 396 τοῖς
1508 348 1599 403 περὶ
1617 346 1744 390 αὐτὸν

290 415 364 467 τὴν
397 413 567 468 εὐωχίαν
595 420 761 468 συχνοῖς
784 415 1033 469 νομίσμασιν
1065 411 1348 467 ἱκανοῦμενος,
1385 411 1532 469 ἅνέδὴν
1556 415 1600 458 δ’
1631 413 1742 469 ὅμως

287 483 364 532 τὰς
384 482 486 539 πρὸς
497 478 670 536 βασιλέα
688 482 859 525 ἐποιεῖτο
878 480 1123 539 προσόδους,
1144 484 1209 525 καὶ
1228 483 1448 526 ἐκυδνοῦτο
1467 488 1557 532 ταῖς
1577 490 1742 537 συχναῖς

241 558 271 590 D
294 551 511 607 ἀλλαγαῖς,
545 552 612 593 καὶ
632 552 756 604 δῆλος
775 546 826 606 ἦν
845 549 1253 606 ὖποταχθησόμενος.
1307 550 1448 604 τέλος,
1475 548 1600 606 ἔπεὶῆ
1620 549 1740 607 ἑορτὴ
1753 562 1775 597 5

288 617 537 676 ἐφειστήκει,
574 618 653 661 ἔδει
684 620 730 662 δὲ
757 621 823 662 καὶ
851 619 978 663 αὐτὸν
1010 620 1080 662 ἵνα
1113 618 1190 675 ἤδη
1226 620 1406 675 φανέντα
1431 623 1507 675 τῆς
1531 619 1745 676 γερουσίας

289 688 468 747 ὂφφικίῳ
487 689 553 730 καὶ
571 685 832 744 παρασήμοις
848 692 1053 743 τιμᾶσθαι
1065 721 1077 741 ,
1115 687 1263 744 ὅρκους
1279 692 1355 743 τῆς
1372 686 1580 743 ὑποταγῆς
1608 702 1744 743 παρα-

291 755 468 810 σχόντα,
505 757 654 812 γίνεται
683 761 829 808 τοῦτο,
861 757 926 799 καὶ
956 757 1082 814 μέγας
1097 758 1172 811 μὲν
1194 756 1410 812 napus-9¹35
1433 757 1623 808 κλεΐζεται
1644 756 1745 807 doti}

287 819 514 881 συγκλήτου
546 822 682 878 πάσης
709 827 776 867 καὶ
805 827 1009 875 πολιτείας
1037 825 1365 880 παρισταμένης,
1401 826 1469 867 καὶ
1489 824 1564 879 τὴν
1584 829 1744 879 βακτη-

287 895 378 949 ρίαν
393 893 441 936 τὸ
460 897 535 947 τῆς
555 892 670 944 ἀξίας
700 890 901 947 λαμβάνει
931 891 1137 948 ξύμβολον
1170 894 1265 951 (καὶ
1289 897 1412 936 τοῦτο
1438 892 1518 949 γὰρ
1541 895 1600 951 τῷ·
1620 897 1742 946 βασι-
1754 900 1803 936 10

237 972 269 1006 E
292 967 355 1005 λεΐ
367 958 678 1018 κεκαινούργητο
688 993 701 1014 ,
733 960 1056 1019 ἀργυροχρύσοις
1067 962 1308 1019 βακτηρίαις
1325 961 1422 1012 τούς
1441 965 1515 1017 τῆς
1533 962 1746 1018 γερουσίας

287 1031 542 1086 πρωτίστους
570 1028 813 1085 ἀξιωμάτων
842 1031 1122 1084 ἐπιβαίνοντας
1143 1028 1471 1088 σεμνύνεσθαι),
1501 1029 1578 1084 τὴν
1598 1029 1682 1073 ἅνω
1699 1029 1745 1072 δὲ

283 1097 425 1154 χώραν
442 1095 663 1153 λαμβάνει,
692 1099 758 1141 καὶ
781 1097 952 1156 ἓορτίοις
973 1098 1100 1150 ἀξίοις
1118 1097 1380 1154 παρασήμοις
1399 1097 1505 1141 κατὰ
1519 1096 1744 1151 Ῥωμαίους

284 1167 534 1219 στολίζεται,
571 1168 638 1209 καὶ
664 1166 712 1210 τὸ
740 1165 1043 1224 σκαραμάγκιον
1071 1167 1323 1220 ἐπιθέμενος.
1392 1165 1615 1209 κάντεῦθεν
1630 1170 1743 1221 θαρ-

286 1233 416 1290 ρήσας
447 1234 567 1286 ἔξεισι
592 1239 670 1289 τῆς
691 1233 815 1288 νεώς,
851 1237 918 1277 καὶ
947 1235 1016 1292 ἐφ’
1038 1233 1209 1291 ἡμέραις
1226 1236 1269 1277 ἐν
1285 1239 1336 1292 τῇ
1354 1238 1462 1292 μονῇ
1485 1237 1559 1277 τοῦ
1581 1237 1740 1288 Konn—
1753 1241 1795 1276 15

285 1306 375 1347 δίου
398 1303 503 1358 μετὰ
524 1307 605 1346 τῶν
626 1303 741 1347 ἰδίων
772 1303 975 1356 αὐλίζεται
988 1317 999 1328 ·
1034 1305 1102 1346 καὶ
1119 1303 1198 1359 γὰρ
1215 1303 1288 1346 καί
1301 1320 1404 1353 τινες
1428 1303 1471 1354 ἐξ
1488 1303 1645 1345 ἐκείνων
1666 1319 1742 1344 κα-

283 1376 552 1429 βαλλαρικαῖς
575 1379 712 1426 τιμαῖς
730 1373 962 1428 ἔτετίμηντο
987 1372 1100 1430 παρὰ
1114 1371 1324 1426 ’βασιλέως
1342 1373 1410 1414 καὶ
1428 1374 1744 1427 μεγαλοπρεπῶς

375 1458 409 1493 4.
437 1457 499 1494 ’καὶ
522 1457 653 1495 deerat.

286 1527 452 1569 edulium,
484 1538 574 1572 quae
603 1526 670 1572 ipsi
702 1526 873 1572 sociisque
903 1526 1098 1571 saginandis
1131 1526 1317 1561 sufficeret.
1362 1537 1462 1581 quam
1486 1526 1521 1561 in
1551 1536 1623 1560 rem
1651 1525 1741 1559 haud

284 1573 434 1607 modicae
466 1583 672 1606 nummorum
704 1584 854 1606 summae
882 1573 1172 1616 impendebantur.
1218 1573 1341 1618 quibus
1371 1573 1446 1614 illo,
1480 1577 1520 1606 ut
1541 1583 1562 1605 a
1587 1572 1740 1616 parebat,

285 1619 352 1653 iam
378 1618 585 1663 aliquantum
609 1617 748 1651 delinito
771 1622 808 1651 et
830 1618 873 1652 de
895 1618 1048 1663 pristinis
1073 1618 1267 1652 remittente
1289 1617 1459 1659 fastidiis,
1490 1628 1556 1663 quo
1605 1616 1743 1651 liberio-

283 1675 340 1698 res
373 1663 446 1697 eius
474 1662 719 1707 hilarioresque
748 1664 988 1708 frequentatae
1018 1663 1228 1709 imperatoris
1260 1674 1375 1697 coram
1406 1662 1491 1697 aditi
1520 1661 1742 1696 salutationes

284 1710 515 1749 declarabant,
538 1708 727 1742 delectatus
744 1710 916 1752 Augustus
939 1709 1068 1743 crebris
1088 1708 1229 1754 insuper
1251 1719 1326 1742 eum
1350 1708 1572 1753 pretiosarum
1595 1708 1740 1742 vestium

284 1755 473 1789 honorabat
495 1753 600 1788 donis.
645 1754 690 1788 ad
713 1754 803 1799 quod
826 1754 1042 1789 liberalitatis
1065 1754 1229 1800 principis
1251 1759 1465 1798 augmentum
1488 1753 1633 1798 hospitia
1654 1764 1739 1798 quo-

284 1812 352 1846 que
384 1801 526 1845 antiqua
557 1800 766 1834 contumacia
797 1799 831 1834 in
865 1800 972 1844 magis
1004 1801 1183 1834 obnoxiam
1216 1800 1340 1834 sensim
1370 1810 1408 1833 se
1437 1799 1676 1834 verecundiam
1699 1810 1742 1832 ac

283 1846 535 1880 venerationem
570 1845 736 1879 molliente
749 1870 761 1888 ,
794 1857 834 1879 eo
865 1845 1013 1891 denique
1044 1851 1182 1879 ventum
1212 1849 1265 1879 est
1295 1850 1335 1879 ut
1360 1845 1591 1890 Mpyrigerius
1612 1855 1651 1878 se
1674 1855 1740 1879 non

283 1892 467 1927 abliorrere
487 1891 681 1926 declararet
701 1902 723 1926 a
745 1891 814 1925 rite
835 1891 1027 1937 profitenda
1047 1891 1243 1936 imperatori
1272 1890 1488 1925 subiectionis
1519 1890 1608 1930 fide,
1640 1901 1741 1935 quam

310 1938 429 1972 timum
461 1937 493 1971 Is
525 1937 671 1971 iuberet.
716 1936 751 1971 id
782 1948 864 1972 vero
889 1942 929 1972 ut
958 1937 1072 1972 statim
1100 1937 1222 1977 fieret,
1253 1938 1401 1982 urgebat
1421 1935 1502 1971 festi
1522 1939 1651 1971 tantum
1674 1947 1742 1971 aon

285 1990 351 2017 iam
375 1983 562 2028 praesentis
585 1982 727 2025 viciniag
759 1993 828 2028 quo
850 1993 924 2018 eum
945 1983 989 2017 de
1012 1994 1104 2017 more
1126 1986 1300 2028 oporteret
1331 1992 1500 2028 apparere
1520 1981 1655 2027 publice
1677 1981 1741 2016 ad-

287 2032 437 2062 stantem
464 2028 661 2073 imperatori
692 2035 845 2062 senatum
875 2029 1069 2063 universum
1093 2034 1299 2074 cunctosque
1321 2030 1540 2073 magistratus
1561 2038 1636 2062 cum
1658 2026 1742 2062 insi-

284 2073 407 2117 gnibus
440 2074 816 2119 quemque-potestatis
849 2085 952 2119 suae,
983 2086 1027 2109 ne
1057 2074 1136 2108 huie
1163 2074 1374 2108 ceremoniae
1396 2075 1533 2108 deesset
1556 2083 1664 2108 novus
1685 2072 1741 2107 bic

285 2123 423 2153 senator
447 2124 483 2153 et
505 2119 723 2164 magistratus
753 2120 970 2165 designatus,
1002 2120 1062 2154 sed
1081 2119 1117 2154 in
1139 2132 1182 2155 ea
1203 2119 1363 2155 destinati
1385 2120 1419 2154 ei
1440 2119 1550 2154 officii
1573 2128 1740 2163 occupare

285 2164 394 2198 locum
419 2168 454 2198 et
477 2164 549 2199 eius
571 2165 760 2210 insignibus
782 2170 921 2201 ornatus
943 2172 1059 2212 posset
1091 2166 1258 2211 conspici,
1294 2165 1568 2211 praefestinands
1588 2164 1664 2199 visa
1685 2167 1740 2196 est

285 2209 451 2254 professio
485 2210 703 2246 subiectionis
734 2211 808 2246 eius
831 2212 874 2246 ad
898 2213 1135 2257 imperatorem
1158 2211 1234 2246 iure
1262 2211 1402 2246 iurando
1425 2211 1579 2250 firnata,
1610 2207 1738 2254 qnippe

285 2264 373 2298 quae
396 2255 440 2289 ad
463 2255 521 2289 illa
543 2267 632 2301 quae
654 2257 746 2291 dicta
768 2263 847 2292 sunt
869 2262 962 2292 esset
983 2257 1174 2292 necessaria
1197 2257 1422 2303 praeparatio.
1470 2256 1536 2289 isto
1551 2253 1655 2298 igitur
1668 2256 1737 2287 ritu

286 2300 425 2344 praevio
448 2302 665 2345 perfunctus,
688 2302 803 2336 statim
825 2303 1053 2348 Mpyrigerius
1077 2304 1291 2338 renuntiatur
1310 2312 1448 2346 magnus
1470 2301 1559 2342 dux,
1579 2298 1737 2333 universo

285 2350 405 2379 senatu
437 2349 473 2379 et
503 2357 647 2391 corpore
679 2348 802 2383 civium
829 2350 1007 2391 adstante,
1039 2349 1288 2395 scipionemque
1317 2345 1493 2390 dignitatis
1515 2345 1587 2378 eius
1611 2343 1738 2389 accipit

286 2389 482 2434 symbolum.
529 2402 605 2425 nam
629 2396 664 2426 et
686 2393 750 2427 boc
774 2405 894 2428 novum
917 2394 1112 2429 institutum
1135 2392 1348 2439 imperatoris
1370 2389 1552 2425 Andronici
1575 2395 1650 2434 est,
1674 2391 1737 2424 ba—

285 2434 370 2469 cillis
393 2446 434 2468 ex
457 2446 540 2469 auro
563 2442 771 2483 argentoque
793 2439 924 2473 affabre
946 2439 1048 2474 factis
1070 2441 1234 2474 bonorare
1255 2437 1431 2482 primarios
1443 2441 1648 2477 senatorum,
1669 2445 1736 2481 quo

286 2479 341 2514 die
365 2480 606 2526 possessionem
628 2483 744 2517 ineunt
767 2483 966 2528 dignitatum
992 2485 1075 2530 ipsis
1096 2483 1346 2519 attributamm.
1393 2493 1468 2516 cum
1489 2482 1554 2515 hoc
1574 2482 1631 2516 ille
1652 2480 1737 2516 insi-

287 2525 345 2571 gni
367 2526 609 2570 praecessionis
632 2532 670 2562 et
689 2528 789 2573 primi
812 2540 988 2564 consessus
1019 2529 1211 2575 impertitus
1233 2529 1359 2562 bonore
1381 2532 1455 2568 est,
1489 2531 1526 2561 et
1547 2527 1644 2562 iuxta
1664 2537 1738 2562 mo·-

285 2580 357 2605 rem
380 2571 603 2605 Romanorum
626 2573 770 2617 propriis
791 2574 885 2608 ducis
911 2576 1022 2618 magni
1044 2574 1106 2609 tali
1127 2573 1314 2608 festivitate
1335 2572 1487 2607 vestibus
1503 2577 1642 2607 ornatus
1657 2583 1736 2617 pro-

287 2617 373 2660 diit,
396 2616 626 2662 scaramangio
648 2629 784 2662 quoque
806 2619 952 2663 desuper
971 2620 1119 2654 inducto,
1165 2618 1249 2653 haee
1270 2618 1404 2652 tandem
1427 2619 1472 2652 illi
1495 2618 1651 2653 fiduciam
1675 2617 1736 2652 de—

285 2662 410 2697 derunt
429 2661 464 2696 in
485 2663 571 2696 urbe
593 2662 794 2697 domicilium
815 2664 988 2706 sumendi,
1016 2665 1159 2706 omisso,
1181 2664 1271 2709 quod
1296 2664 1457 2698 hactenus
1480 2665 1570 2698 omni
1590 2673 1735 2708 vespera

285 2706 489 2754 repetierat,
510 2707 608 2743 nsvin
629 2718 712 2743 suae
734 2708 928 2744 diversorio.
976 2709 1143 2744 habitavit
1164 2709 1252 2743 enim
1271 2708 1389 2744 diebus
1412 2710 1541 2756 aliquot
1562 2709 1596 2743 in
1619 2718 1736 2743 mona·-

282 2753 390 2787 sterio
417 2753 576 2788 cosmidi!
598 2764 666 2790 uua
686 2765 761 2789 oum
783 2754 856 2790 suis
876 2755 1124 2798 familiaribun
1155 2766 1296 2801 quorum
1328 2755 1434 2801 aliqui
1468 2758 1660 2801 equestrem
1681 2753 1736 2788 di-

281 2799 444 2844 gnitum
475 2807 497 2834 e
525 2808 624 2848 nanu
654 2799 869 2846 imperatoris
897 2805 1124 2848 acceperuut,
1158 2811 1273 2836 ornnes
1304 2800 1349 2836 ab
1380 2813 1420 2836 eo
1452 2800 1630 2847 magnifice
1662 2810 1736 2834 mu-
