1858 3126
260 158 357 205 754
659 158 970 203 OBSERVAT.
1005 159 1320 204 PAGHYMER.

261 282 332 318 σας
354 266 497 310 στέλλει
518 263 626 318 παρὰ
646 266 808 319 βασιλέα
834 265 935 320 πρός
957 265 1033 321 τὴν
1059 268 1212 310 οἰκείαν
1238 266 1366 310 αὐτοῦ
1395 267 1589 326 σύζυγον·
1617 272 1715 322 τούς

260 326 304 366 δὲ
332 319 569 377 μεγιστᾶνας
599 327 678 363 τῶν
696 323 907 376 Ῥωμαίων
931 322 1107 376 ἐκράτει,
1144 325 1277 379 μέχρις
1306 323 1359 366 ‹321›
1383 326 1408 367 ὅ
1434 327 1619 379 βασιλεῦς
1642 328 1714 371 τόν

267 383 433 432 Τερτερῆ
457 379 524 419 καὶ
543 377 637 426 τούς
656 378 846 434 ἄρχοντας
865 378 990 421 αὐτοῦ
1011 379 1109 430 δοὺς
1127 379 1379 423 ἀπαλλάττει
1401 381 1581 433 ·ι-οτὶτο<υς.Υ
1615 385 1714 424 haec

261 437 476 476 Vaticanus
505 436 704 475 breviator
737 437 1008 488 l'achymeris,
1049 438 1118 489 qui
1151 452 1229 476 non
1269 439 1448 478 meminit
1481 449 1715 481 memoratae

261 493 413 531 auctori
443 494 670 540 δεσποτείας
694 490 906 546 Ἐλτιμηρῆ
940 492 1038 534 nato}
1065 493 1132 535 τὸν
1167 498 1368 547 Κροῦνον.
1426 509 1470 534 ea
1498 510 1580 535 vox
1603 511 1625 535 a
1645 499 1715 536 Pa-

262 550 445 600 cliymere
463 549 523 587 bis
545 550 672 600 posita
692 550 733 587 in
750 551 874 588 altero
895 551 987 589 loco
1011 554 1196 603 Κροῦρον
1215 552 1414 590 scribitur.
1471 567 1544 591 nos
1561 555 1717 593 utrobi-

262 620 337 656 que
354 609 544 658 Κρυῦνον
566 606 816 658 scripsimus,
847 608 954 657 quod
976 608 1098 645 Cruni
1128 609 1205 646 loci
1230 609 1468 647 mentionem
1489 611 1597 662 apud
1622 624 1718 662 geo-

260 661 433 714 graphos
458 662 698 713 reperimus,
735 678 816 701 non
843 670 973 701 autem
1011 664 1127 702 cruri
1157 661 1358 717 Κρούρου.
1415 673 1617 717 praeterea
1637 669 1718 719 epi-

261 725 431 757 tomator
449 718 597 757 omittit
621 720 845 757 Eltimerem
866 721 985 758 fuisse
1003 721 1163 758 fratrem
1185 734 1264 759 non
1283 722 1410 759 solum
1431 723 1616 774 Teneris,
1647 724 1716 762 sed

261 782 299 814 et
318 775 495 825 coniugis
513 775 680 825 Smiltzi,
711 788 793 814 rem
814 776 958 815 diserte
975 790 1200 828 expressam
1221 792 1242 814 a
1263 777 1518 829 Pachymere.
1575 781 1719 818 deinde.

261 839 398 870 contra
422 831 540 869 huius
562 832 838 871 auctoritatem
857 833 1028 871 affirmat
1049 835 1206 871 venisse
1227 835 1267 872 in
1289 841 1523 886 potestatem
1538 836 1717 888 impera-

257 889 355 927 toris
376 887 715 926 Rhadosthlabum
735 902 814 927 una
836 903 923 928 cum
941 891 1121 928 Tenere:
1153 890 1220 928 hic
1240 891 1344 928 enim
1367 891 1421 929 ait
1443 899 1583 944 sponte
1601 894 1717 932 illum

258 945 308 983 ad
325 945 602 996 imperatorem
624 946 879 996 transfugisse
898 945 921 987 ὅ
940 944 1016 999 γαρ
1034 944 1272 1000 Βουλγοὶρων
1285 946 1605 1002 σεβαστοκράτωρ
1622 946 1718 990 Ῥα-

259 998 488 1052 δόσθλαβος
514 1002 669 1052 βασιλεῖ
690 1000 986 1054 προσχωρήσας.
1053 1003 1195 1041 deinde
1220 1005 1359 1041 asserit
1398 1005 1638 1056 epitomator
1668 1007 1717 1043 ab

258 1058 444 1096 Eltimere
465 1064 725 1096 commutatos
747 1072 932 1110 proceres
954 1061 1151 1097 Romanos
1172 1073 1262 1097 cum
1280 1062 1441 1099 Tertere
1463 1068 1501 1099 et
1520 1062 1604 1100 eius
1625 1076 1717 1113 pro-

259 1114 416 1152 ceribus>
441 1114 488 1151 ab
517 1114 756 1166 imperatore
785 1115 975 1164 detentis,
1019 1130 1110 1153 cum
1148 1122 1287 1154 auctor
1311 1117 1457 1155 nullam
1479 1119 1717 1156 mentionem

259 1171 379 1209 faciat
397 1171 654 1221 Bulgarorum
675 1185 884 1223 procerum
906 1173 1023 1210 simul
1044 1172 1115 1210 ista
1135 1173 1427 1223 permutatione
1444 1174 1717 1230 liberatorum,

258 1227 328 1265 sed
356 1227 474 1265 unius
496 1228 775 1266 tantummodo
801 1229 972 1266 Tei-teris
1002 1242 1092 1266 cum
1117 1229 1301 1267 Romanis
1333 1243 1497 1268 numero
1524 1231 1717 1269 tredecim

257 1284 500 1333 magnatibus
523 1284 753 1322 commutati
773 1285 1014 1334 meminerit,
1045 1299 1090 1322 ac
1111 1285 1445 1337 permutationem
1462 1287 1511 1324 ab
1530 1287 1718 1337 Osphen-

258 1339 447 1378 tisthlabo
463 1372 474 1389 ‚
508 1340 558 1378 ad
581 1354 697 1391 quem
722 1341 927 1379 Eltimeres
948 1342 1142 1379 Romanos
1164 1341 1355 1392 misisset,
1392 1343 1537 1381 factam
1556 1344 1714 1385 dixerit.

258 1410 328 1434 nos
349 1396 451 1434 nihil
468 1396 509 1434 in
540 1397 691 1436 Graeco
710 1397 966 1448 Pacliymeris
988 1405 1177 1438 contextu
1197 1399 1406 1437 immutare
1423 1400 1531 1450 ausi,
1559 1407 1718 1439 senten-

256 1453 351 1490 tiam
380 1452 482 1502 loci,
524 1461 645 1504 prout
677 1454 859 1493 divinare
886 1455 1112 1507 potuimus,
1160 1455 1379 1507 exprimere
1409 1469 1548 1494 sumus
1585 1458 1717 1496 conati

260 1522 378 1558 quain
396 1509 619 1548 clarissime.

371 1577 409 1614 p.
430 1567 512 1605 268
546 1578 584 1604 v·-
612 1566 651 1606 2.
714 1565 876 1604 Praeter
905 1565 1012 1604 hanc
1045 1566 1167 1605 filiam
1195 1567 1360 1606 notham
1397 1567 1649 1608 Andronicus
1677 1575 1716 1607 et

258 1618 374 1656 aliam
398 1619 537 1657 habuit
557 1621 739 1659 similiter
760 1622 1027 1672 illegitimam,
1059 1623 1197 1661 Irenen
1227 1624 1406 1674 nomine,
1445 1626 1558 1663 cuius
1579 1625 1717 1663 memi-

256 1675 318 1712 nit
339 1675 532 1725 Gregoras
551 1676 578 1716 l.
599 1680 637 1724 7,
657 1691 775 1727 quam
796 1684 834 1715 et
853 1679 996 1730 nuptui
1020 1679 1163 1718 deinde
1179 1681 1366 1717 traditam
1390 1681 1444 1718 ait
1464 1681 1602 1719 Ioanni
1623 1681 1716 1719 duci

256 1732 509 1782 Pelasgorum
542 1738 580 1770 et
610 1732 892 1771 Thessalorum
924 1735 1108 1786 principi.
1174 1735 1270 1773 haec
1301 1736 1436 1774 eadem
1460 1750 1542 1775 esse
1569 1738 1714 1789 potuit,

258 1795 377 1839 quam
396 1788 564 1826 oblatam
583 1789 626 1827 in
648 1803 831 1841 sponsam
850 1790 993 1828 cazani
1011 1797 1144 1830 noster
1163 1791 1330 1830 inferius
1347 1792 1520 1844 indicat,
1550 1793 1715 1846 nuptiis,

258 1851 379 1896 prout
400 1851 586 1896 apparet,
616 1860 696 1884 non
716 1847 875 1885 secutis.

371 1915 413 1952 p.
439 1906 522 1944 270
542 1915 578 1939 v.
606 1905 669 1944 19.
731 1903 1060 1942 constantissime
1082 1903 1302 1956 perstitisse
1325 1906 1500 1945 Veccum
1518 1919 1644 1959 usque
1665 1906 1718 1945 ad

261 1963 482 1995 extremum
509 1958 695 2009 spiritum
720 1958 764 1997 in
797 1960 917 1997 semel
947 1960 1052 1998 edita
1074 1961 1320 2013 professione
1337 1964 1436 2002 recti
1459 1963 1650 2013 dogmatis
1667 1963 1717 2001 de

259 2013 510 2064 processione
529 2016 699 2066 Spiritus
723 2015 858 2054 Sancti
888 2016 1005 2056 etiam
1031 2030 1082 2056 ex
1098 2017 1204 2068 filio,
1233 2025 1272 2057 et
1288 2018 1544 2058 subiectionis
1568 2018 1718 2058 Christi

259 2069 411 2108 vicario
431 2071 607 2110 Romano
625 2072 808 2124 pontifici
829 2072 1002 2123 debitae,
1033 2080 1190 2125 praeter
1208 2089 1326 2126 quam
1345 2076 1439 2114 satis
1466 2075 1619 2114 indicat
1633 2089 1717 2114 no—

259 2130 340 2163 ster
364 2124 577 2165 historicus
602 2134 642 2166 et
670 2128 736 2166 hic
765 2135 803 2167 et
829 2130 984 2181 quoties
1012 2130 1061 2167 de
1089 2130 1160 2169 illo
1185 2132 1291 2182 agit,
1333 2132 1539 2170 manifeste
1565 2132 1717 2171 evincit

261 2181 344 2219 eius
373 2187 648 2221 testamentum
678 2185 849 2224 instante
883 2192 1007 2224 morte
1035 2186 1077 2224 in
1109 2200 1264 2226 carcere
1297 2194 1358 2226 tot
1389 2187 1502 2226 annis
1523 2202 1596 2239 pro
1618 2188 1716 2226 reli-

261 2237 375 2286 gione
390 2251 411 2275 a
429 2238 689 2279 schismaticis
704 2243 872 2280 tolerato
892 2242 1107 2283 conditum.
1168 2244 1282 2282 cuius
1302 2244 1390 2282 ideo
1416 2245 1616 2295 exemplar
1643 2257 1715 2281 na-

261 2298 348 2354 ctus
375 2293 568 2333 beneficio
596 2296 660 2334 Ill.
689 2297 849 2349 Allatii,
885 2298 964 2336 hoc
991 2299 1080 2337 loco
1107 2299 1210 2339 illud
1237 2314 1434 2353 apponam
1461 2313 1551 2338 cum
1576 2299 1714 2338 Latina

259 2351 586 2403 interpretatione
601 2366 698 2391 mea.

119 2412 146 2446 P
171 2411 236 2449 541
461 2467 465 2470 ,
522 2468 525 2470 ,
721 2419 773 2458 Η
796 2422 1114 2461 ΛΙΛΘΗΚΗ
1140 2420 1271 2461 Tor

384 2473 1234 2518 ΚῼΝΣΤΑΝΤΙΝΟΤΠΟΛΕΩΣ
1269 2477 1588 2519 ΙΩΑΝΝΟΥ.

376 2538 526 2579 Πολλοὶ
557 2543 640 2581 ταῖν
671 2538 908 2595 ἀνθρώπων
934 2544 977 2584 ἓν
1005 2544 1175 2597 ἔξορίαις
1203 2543 1271 2583 καὶ
1298 2547 1493 2594 φυλακαῖς
1521 2540 1592 2586 τᾶν
1608 2544 1714 2586 ἴδιον

265 2592 527 2645 καταλύοντες
554 2597 668 2649 βίον,
699 2598 736 2638 ἐἰ
764 2594 831 2638 καὶ
851 2597 974 2650 μηδὲν
1001 2597 1246 2660 ἴσως-ἕτερον
1263 2599 1419 2652 ἔχουσιν
1435 2597 1504 2651 ἐφ’
1530 2596 1561 2655 ᾧ
1579 2595 1630 2642 ἂν
1645 2599 1715 2643 καὶ

753 2658 1213 2708 TESTAMENTUM

262 2703 990 2743 CONSTANTINOPOLITANI
1014 2707 1436 2745 PATRIARCHAE
1459 2707 1715 2750 IOANNIS.

351 2762 511 2809 Plerique
532 2764 697 2800 hominum
720 2766 753 2801 in
777 2765 887 2801 exiliis
909 2769 945 2800 et
967 2765 1159 2800 carceribus
1168 2766 1270 2800 vitam
1287 2767 1512 2811 absolventes,
1536 2762 1716 2814 utcumque

261 2807 350 2841 sorte
373 2809 554 2846 morientes
576 2811 657 2847 nihil
679 2812 827 2848 habeant
845 2811 936 2858 quod
959 2812 1125 2859 supremis
1144 2812 1268 2847 tabulis
1289 2813 1444 2859 cuiquam
1467 2814 1593 2860 legent,
1614 2823 1715 2859 prse-
