1858 3126
247 168 346 218 764
641 171 952 216 OBSERVAT.
987 174 1301 221 PACHYMER.

248 292 445 317 coronans
465 280 740 329 imperatorem
762 281 848 318 sine
867 288 976 318 terra
988 311 999 331 ,
1029 285 1240 321 commovit
1259 285 1328 322 illi
1346 292 1453 336 spem
1476 287 1705 326 Constanti—

245 336 430 388 nopoleos
453 335 771 386 recuperandae,
802 352 846 375 ex
876 340 962 376 iure
989 338 1099 389 qaod
1121 341 1275 388 scilieet
1301 342 1475 380 traheret
1503 357 1531 381 a
1557 359 1705 396 sponsa

244 399 355 443 nepte
375 392 472 440 (imo
493 390 590 443 filia)
610 391 829 434 Baldaini.
874 395 970 444 quid
986 395 1052 438 hic
1071 396 1225 435 dicatur
1245 399 1465 449 imperator
1481 401 1566 438 aine
1584 409 1702 449 terra,

243 449 334 487 vide
364 449 604 500 explicatum
630 450 670 488 in
697 450 893 489 Glossario
918 452 1041 489 verbo
1072 452 1175 505 τέρα.
1242 467 1382 493 verum
1420 454 1518 494 haec
1543 463 1704 506 cuncta,

241 512 288 544 ut
307 506 403 553 dixi,
433 506 632 557 pertinent
650 506 701 544 ad
719 513 873 558 tempus
891 509 1069 559 superius
1087 523 1183 560 pace
1203 510 1344 560 Sicula,
1374 512 1485 551 cuius
1504 513 1705 552 occasione

240 563 430 613 Rogerius
449 563 670 612 Catelanos,
701 563 768 613 qui
793 565 834 601 in
855 564 985 602 Sicilia
1006 566 1291 616 militaverant,
1320 568 1479 607 volente
1499 582 1570 607 sua
1590 583 1706 608 eausa

240 620 442 658 Friderieo
470 620 513 658 in
534 620 736 658 Orientem
764 621 942 658 abduxit.
1001 622 1050 659 de
1078 636 1156 672 quo
1184 624 1403 663 audiendus
1431 626 1607 664 Fazellus
1632 626 1658 665 l.
1677 629 1706 668 9

239 676 323 715 dec.
346 682 447 727 post.
470 690 509 727 p.
525 677 630 718 477:
660 691 784 728 porro
814 679 959 715 Sicilia
992 686 1052 716 tot
1077 679 1272 718 bellorum
1298 682 1475 720 motibus·
1505 683 1633 720 libera
1661 685 1706 721 in

240 734 419 771 militum
452 731 738 772 Catelanorum
762 734 1094 786 Aragonensiam
1132 744 1167 774 et
1194 738 1422 776 Siculorum
1463 741 1636 790 rapinas·
1669 747 1706 776 et

241 789 571 841 depraedationes
597 790 759 834 incidit„
813 805 911 842 qu08
937 792 1190 842 Fridericas,
1222 802 1269 832 at
1297 796 1478 833 insulam
1503 810 1705 848 expurga-

240 854 310 896 ret,
341 854 481 884 contra
521 847 698 896 Parcas,
743 850 816 898 qui
847 848 1237 901 Constantinopolim
1271 852 1542 901 infestabant,
1581 854 1705 890 auxi-

241 905 364 942 liares
387 905 515 942 misit.

354 975 391 1012 p.
413 960 492 1001 401
519 973 558 1000 v.
578 962 645 1001 23.
703 959 824 1008 Quod
850 959 926 999 hoc
947 961 1058 1000 facile
1075 969 1300 1014 praesentes
1321 964 1560 1003 crediderint
1581 970 1619 1002 et
1638 963 1705 1002 hi-

242 1018 411 1056 storicus
435 1017 488 1054 ita
509 1030 589 1054 esse
614 1029 658 1054 re
677 1030 770 1055 vera
790 1017 1037 1068 iudicaverit,
1066 1033 1147 1057 non
1168 1020 1357 1058 continuo
1375 1033 1458 1058 rem
1482 1020 1706 1059 evidentem

244 1081 284 1112 et
303 1074 603 1112 indubitabilem
622 1074 764 1124 opinor
782 1074 925 1112 reddet
944 1076 1050 1127 apud
1066 1076 1198 1114 iudicii
1221 1077 1426 1114 severioris
1445 1077 1562 1119 viros.
1610 1089 1706 1115 mu-

244 1139 307 1169 tus
331 1132 395 1169 ille
412 1145 457 1168 ac
474 1131 617 1168 surdus
633 1143 683 1167 ex
703 1137 839 1179 utero,
868 1131 968 1170 miro
995 1132 1175 1183 prodigio
1203 1140 1362 1182 repente
1392 1134 1554 1171 audiens
1585 1140 1625 1171 et
1642 1133 1704 1171 lo-

245 1201 387 1239 quens,
417 1188 513 1238 quid
533 1188 692 1225 tandem
712 1187 952 1226 affirmavit?
982 1202 1120 1240 nempe
1143 1189 1185 1226 id
1209 1190 1335 1227 solum
1356 1189 1464 1239 quod
1490 1189 1608 1241 paulo
1633 1203 1704 1228 su-

243 1245 375 1296 perius
402 1245 574 1296 positum
600 1250 674 1292 est,
705 1256 745 1281 se
771 1244 915 1282 vidisse
933 1247 1068 1284 virum
1087 1248 1359 1296 imperatoriis
1386 1253 1577 1284 ornatum
1598 1248 1705 1284 insi-

240 1302 414 1353 gnibus,
445 1303 516 1352 qui
541 1316 622 1338 sese
649 1301 782 1338 aiebat
812 1303 948 1352 ipsam
979 1302 1090 1339 urbis·
1117 1303 1199 1339 sibi
1224 1302 1396 1340 tuendae
1421 1317 1562 1340 curam
1587 1316 1706 1341 assu-

243 1373 354 1398 mere.
411 1358 680 1396 nominavitne
700 1357 808 1395 hunc
823 1358 1007 1397 Ioannem
1026 1359 1259 1398 Batatzam?
1289 1365 1359 1398 aut
1373 1359 1479 1398 visae
1504 1359 1575 1397 sibi
1604 1360 1716 1397 ima-·

242 1417 341 1466 ginis
366 1415 469 1453 illius
492 1416 656 1453 sormam
683 1415 756 1452 sibi
784 1421 1033 1466 conspectam
1056 1417 1220 1453 asseruit
1248 1416 1365 1454 fuisse
1386 1414 1580 1454 similem?
1605 1416 1708 1454 nihil

240 1472 407 1509 horum:
437 1485 528 1509 nam
546 1471 803 1522 Paehymeres
822 1472 852 1508 si
869 1472 965 1521 quid
986 1473 1066 1510 tale
1085 1473 1266 1520 dixisset,
1294 1487 1374 1510 non
1395 1472 1551 1510 tac'eret.
1609 1473 1706 1511 fun-

242 1528 426 1565 damento
447 1528 564 1577 igitur
590 1534 698 1565 caret
723 1528 866 1565 idoneo
886 1528 984 1566 haec
1003 1542 1103 1579 quae
1130 1529 1366 1580 exprimitur
1381 1529 1458 1567 hoc
1482 1529 1589 1576 loco,
1620 1535 1706 1567 tum

240 1585 411 1621 istorum
425 1584 641 1634 Magnesiae
661 1585 1003 1633 praesidiariorum
1021 1591 1103 1623 tum
1114 1585 1361 1636 Pachymeris
1381 1585 1554 1636 opinatio
1570 1585 1704 1635 ipsius.

243 1654 334 1678 nam
354 1641 480 1678 forma
499 1640 575 1678 viri
592 1640 805 1690 insignibus
823 1641 1083 1690 imperatoriis
1102 1643 1229 1679 ornati
1247 1642 1313 1691 qui
1331 1642 1450 1692 magis
1467 1642 1606 1679 Ioanni
1625 1641 1705 1680 Ba-

242 1703 372 1734 tatzae
402 1697 591 1734 convenit
611 1710 728 1746 quam
750 1696 959 1734 Theodoro
981 1698 1062 1735 eius
1082 1698 1162 1734 filio
1187 1699 1414 1748 imperatori
1437 1697 1582 1735 ibidem
1602 1710 1704 1748 quo—

243 1767 319 1804 que
347 1753 562 1804 Magnesiae
585 1753 759 1804 sepulto,
788 1759 877 1801 aut,
907 1753 937 1790 si
966 1754 1420 1804 Constantinopolitanos
1449 1754 1704 1805 imperatores

242 1810 427 1848 laudatae
448 1810 656 1848 memoriae
681 1816 720 1847 et
739 1809 780 1847 in
799 1809 877 1847 fide
903 1809 1127 1848 orthodoxa
1152 1824 1197 1847 ae
1221 1810 1412 1848 catholica
1433 1811 1704 1848 communione

243 1868 491 1905 indubitatae
534 1867 774 1904 constantiae
813 1867 1054 1916 quaerimUS,
1101 1881 1218 1917 quam
1258 1867 1515 1904 Constantino
1547 1881 1702 1918 magno,

245 1938 361 1974 quam
383 1923 579 1962 Marciano
606 1924 738 1961 aliisve
762 1924 866 1974 paris
892 1923 1053 1961 meriti‘.>
1084 1937 1175 1961 nam
1201 1924 1386 1962 Ioannem
1402 1924 1606 1962 Batatzam
1633 1924 1705 1962 etsi

245 1981 390 2018 multae
408 1981 576 2019 virtutes
595 1980 939 2028 commendabant,
967 1986 1101 2018 tamen
1125 1987 1282 2031 praeter
1301 1993 1548 2018 communem
1567 1980 1705 2018 Graeci

245 2037 465 2075 schismatis
485 2043 523 2074 et
547 2037 648 2075 circa
667 2039 704 2075 S.
723 2037 891 2088 Spiritus
912 2050 963 2074 ex
978 2036 1059 2074 filio
1080 2037 1366 2088 processionem
1385 2036 1574 2075 haeretiei
1592 2049 1705 2075 erro-

247 2094 301 2131 ris
327 2094 539 2142 invidiam,
567 2094 689 2132 libido
719 2094 836 2132 etiam
865 2093 907 2131 in
936 2100 1064 2131 aetate
1092 2094 1202 2131 senili
1232 2094 1423 2145 probrosa
1447 2093 1704 2132 deformabat.

247 2150 340 2187 vide
356 2163 550 2188 summum
570 2151 714 2200 alioqui
732 2151 814 2188 eius
831 2150 1109 2188 admiratorem
1132 2150 1396 2201 Acropolitam
1412 2149 1598 2188 historiae
1613 2161 1705 2188 suae

246 2219 286 2243 n.
309 2206 364 2247 52
383 2220 422 2257 p.
440 2207 493 2248 56
512 2207 572 2244 ed.
589 2208 694 2257 Reg.‚
723 2207 791 2245 ubi
807 2220 895 2245 eum
913 2207 1094 2244 infamem
1112 2207 1310 2244 amoribus
1328 2220 1418 2244 cum
1434 2207 1598 2244 aliarum
1616 2212 1703 2243 tum

245 2262 482 2300 Marcesinae
510 2263 710 2301 cuiusdam
741 2264 989 2315 pedissequae
1009 2263 1142 2300 Annae
1165 2264 1398 2302 Alemannae
1413 2264 1609 2313 Augustae
1640 2273 1703 2298 se—

246 2319 398 2356 cundae
426 2319 529 2357 illius
563 2320 735 2370 coniugis
755 2321 912 2358 fatetur.
971 2326 1120 2370 quanto
1143 2320 1388 2358 verisimilius
1417 2319 1524 2356 credi
1548 2317 1703 2368 potuis-

246 2381 326 2422 set,
357 2375 421 2412 isti
447 2381 555 2413 muto
577 2382 615 2413 et
637 2376 758 2414 surdo
778 2378 946 2414 formam
964 2377 1040 2415 viri
1059 2376 1320 2426 imperatoriis
1340 2375 1471 2412 ornati
1489 2373 1703 2424 insignibus

247 2431 419 2469 oblatam
451 2438 760 2482 repraesentasse
798 2435 836 2471 S.
867 2432 1142 2482 archangelum
1174 2432 1399 2469 Michaelem
1439 2435 1703 2482 protectorem

246 2487 560 2526 Christianorum
582 2493 720 2525 contra
749 2489 966 2526 barbaros?
997 2488 1104 2526 hunc
1122 2489 1260 2525 Graeci
1283 2487 1424 2538 passim
1455 2482 1704 2538 ἅρχιστρατη-

243 2542 316 2598 γόν
342 2544 559 2596 appellant,
588 2543 659 2593 qui-
686 2545 823 2582 titulus
853 2545 1130 2595 imperatorem
1161 2557 1302 2581 sonans
1331 2542 1593 2593 imperialibus
1620 2555 1701 2580 non

245 2601 492 2640 disconvenit
511 2599 735 2651 insignibus.

105 2665 132 2699 P
154 2665 223 2700 550
357 2672 394 2710 p.
413 2658 494 2700 406
515 2669 554 2696 v.
576 2660 612 2697 1.
667 2655 731 2694 Ad
750 2655 868 2693 finem
887 2655 1004 2693 huius
1023 2656 1171 2707 capitis,
1201 2654 1267 2692 ubi
1284 2653 1432 2692 dicitur
1452 2653 1500 2691 ‹le
1514 2652 1702 2692 Michaele

245 2715 421 2766 Augusto
446 2714 599 2752 iuniore
620 2709 750 2764 ὥσπερ
773 2728 830 2759 τις
849 2714 1111 2764 τροπαιοῦχος
1130 2709 1204 2762 τὴν
1225 2707 1344 2751 πόλιν
1365 2708 1591 2762 εἰσέρχεται,
1619 2723 1702 2748 non

247 2773 376 2810 tenuit
399 2784 440 2808 se
455 2771 577 2809 libera
599 2769 816 2820 indignatio
837 2768 994 2806 lectoris
1017 2768 1231 2820 cuiuspiam
1253 2767 1348 2817 quin
1367 2766 1465 2804 haec
1485 2779 1574 2805 orae
1595 2780 1701 2804 mar-

249 2829 365 2879 ginali
386 2827 500 2870 Barb.
522 2826 665 2866 codicis
682 2827 878 2865 allineret=
906 2827 1168 2879 τροπαιοῦχος
1190 2823 1213 2866 ὁ
1232 2821 1373 2877 φυγών
1397 2820 1491 2872 τοὺς
1514 2818 1699 2875 ἐχθρούς,
