1858 3126
305 139 403 187 592
721 139 956 184 GEORGII
982 142 1331 189 PACHYMERIS

301 259 377 309 τῆς
396 249 722 309 ἀποστατήσεως.
791 260 879 304 τοῖς
905 254 951 297 δὲ
975 254 1033 311 μὴ
1055 254 1214 310 ἔχουσιν
1233 255 1339 308 ὅλως
1358 255 1671 316 ἀπολογεῖσθαι,
1705 256 1750 302 ’ἐν

301 325 357 372 εἷς
384 322 605 378 ἀπολογίαν
631 323 910 377 προυτείνετο,
953 324 1001 366 τὸ
1034 323 1196 367 ἀπατᾶν
1223 323 1325 379 ὑπὲρ
1357 329 1432 368 τοῦ
1459 330 1596 380 λαβεῖν
1614 327 1749 370 θέλειν

298 391 375 440 τὰς
397 388 591 447 συζύγους
613 390 712 441 τούς
745 390 1100 447 Τουρκοπούλους.
1170 392 1275 447 πλὴν
1300 391 1599 448 ὗπονοηθέντες
1614 396 1750 439 ἐντεῦ-

298 463 377 502 θεν
407 459 484 509 τὰς
515 461 570 509 εἷς
602 458 753 509 αὖτούς
795 462 1076 517 πληροφορίας
1116 465 1200 504 τῶν
1226 459 1520 517 Ἀμογαβᾶρων
1559 461 1747 508 ἀπέλυον.

298 525 398 570 ὅθεν
418 529 484 570 καὶ
512 529 554 578 ἐξ
573 526 701 581 αὐτῆς
724 527 940 581 ἀντιπερᾶν
966 527 1188 584 ἐγνώκεσαν
1213 529 1285 572 τὸν
1303 528 1563 585 Περσάρχην.
1633 530 1782 574 aevom

154 599 183 633 P
207 598 276 636 414
299 597 345 638 δὲ
363 596 467 639 κατὰ
496 594 627 639 νώτου
654 594 837 646 λιπόντες
861 597 956 646 τοὺς
987 597 1179 652 Πέρσας,
1216 599 1309 654 περί
1324 615 1403 640 που
1426 599 1478 641 τὰ
1496 603 1570 654 τῆς
1592 597 1751 642 Μαδύ-

298 681 372 708 του
391 665 509 719 μέρη,
536 664 655 707 ἔνθεν
672 665 746 718 μὲν
766 671 854 714 ταῖς
866 665 967 720 παρ’
990 665 1130 715 αὐτοῖς
1149 664 1326 720 τριήρεσι
1342 663 1543 722 χρώμενοι
1561 667 1608 710 τὸ
1619 683 1750 723 προσ-

296 732 420 788 τυχὸν
444 733 645 788 ἐληΐζοντο
674 730 827 786 τρόπον
855 738 1055 788 πειρατῶν
1077 734 1179 776 κατὰ
1208 733 1454 787 θάλασσαν,
1491 735 1595 777 κατὰ
1613 737 1659 778 δὲ
1675 737 1749 790 ξη-

297 801 373 856 ρὰν
392 800 510 843 ἔθεον
530 802 783 856 παμπληθεί,
820 803 886 843 καὶ
912 799 1177 856 προσδόκιμοι
1195 798 1301 857 ἦσαν
1325 807 1570 857 προσβαλεῖν
1588 805 1654 846 καὶ
1670 801 1749 846 πό-

297 873 378 912 λει·
422 868 710 924 προσετόλμων
740 870 784 911 δὲ
810 871 875 911 καὶ
903 870 1003 925 πρὸς
1028 871 1199 923 βασιλέα
1226 871 1442 926 πρεσβείαν
1461 871 1651 925 πέμπειν,
1680 873 1746 914 καὶ
1758 877 1802 911 10

297 937 436 988 ἀξιοῦν
457 935 614 980 διδόναι
634 938 708 988 μὲν
724 937 821 987 τοὺς
837 936 1030 992 μισθούς,
1067 944 1338 982 συνωνεῖσθαι
1359 940 1404 982 δὲ
1422 941 1489 982 καὶ
1508 939 1558 982 τὰ
1576 943 1748 982 σκυλευ-

296 1006 449 1059 θέντα,
485 1007 553 1048 καὶ
584 1004 694 1048 οὕτω
722 1005 818 1059 μετ’
850 1004 1008 1061 εἰρήνης
1031 1007 1095 1048 ε’πὶ
1123 1012 1230 1061 νηῶν
1262 1007 1427 1061 πέμπειν
1448 1007 1599 1058 αὐτοὺς
1621 1009 1676 1057 εἷς
1694 1007 1746 1050 τὰ

296 1073 395 1117 ἴδια.
466 1074 548 1116 ἐπεὶ
574 1075 618 1116 δὲ
645 1074 765 1116 ταῦτ’
796 1074 869 1116 οὐκ
905 1073 1083 1129 ἐχώρουν
1111 1077 1319 1130 γίνεσθαι,
1358 1075 1545 1131 ἄπρακτα
1566 1076 1618 1118 τὰ
1643 1074 1742 1133 τῇδ’

244 1155 274 1190 Β
297 1137 425 1196 ἦσαν,
457 1140 603 1196 μόναις
623 1143 667 1184 δὲ
686 1149 777 1192 ταῖς
794 1142 896 1199 πρὸς
923 1145 1022 1185 θεὸν
1045 1143 1225 1193 ἱκετείαις
1244 1143 1410 1197 ἤλπιζον
1430 1142 1657 1197 σώζεσθαι,
1695 1143 1745 1194 ἃς

293 1211 446 1266 συχνὰς
473 1208 494 1253 ὅ
527 1209 834 1265 πατριαρχεῦων
862 1213 1100 1266 παμπληθεὶ
1131 1210 1403 1266 διεπράττετο.
1472 1213 1573 1262 τέως
1602 1212 1647 1254 δὲ
1674 1212 1796 1254 καὶῘῦ

290 1279 339 1322 τὸ
362 1284 434 1322 τοῦ
457 1281 686 1332 Κοσμιδίου
706 1277 927 1336 φρούριον,
964 1277 1155 1322 δεδιότων
1172 1280 1230 1334 μὴ
1252 1277 1482 1330 ἐπιστάντες
1501 1277 1743 1334 κατάσχοιν-

290 1365 339 1391 το
353 1380 365 1399 ,
401 1348 444 1390 ἐκ
466 1348 615 1403 μέρους
643 1346 885 1402 κατήρειπτο
897 1380 911 1400 ,
958 1350 1025 1390 καὶ
1054 1348 1207 1399 ξενικὰς
1234 1347 1423 1403 δυνάμεις
1441 1347 1485 1391 ἕκ
1503 1348 1542 1391 τ’
1562 1348 1743 1404 Ἰβηρίας

290 1415 433 1470 (κάκεῖ
453 1417 531 1472 γὰρ
566 1415 826 1459 ἀποστέλλων
853 1415 1046 1470 βασιλεὺς
1073 1418 1164 1470 περὶ
1199 1418 1432 1470 συμμαχίας
1455 1417 1596 1473 ἠξίου)
1626 1415 1668 1459 ἔκ
1696 1433 1741 1460 τε

288 1487 331 1526 Γ
327 1482 491 1532 εννοῦας
522 1483 794 1538 ἀπεξεδέχετο.
864 1483 958 1527 οὐδὲ
985 1484 1063 1540 γὰρ
1088 1484 1183 1527 οὐδὲ
1206 1484 1258 1527 τὰ
1285 1483 1397 1534 ἐντὸς
1423 1482 1579 1536 ἐσάπαξ
1599 1484 1741 1541 ἀσφα-

289 1555 371 1602 λῶς
391 1550 496 1607 εἶχον
514 1556 572 1612 τῷ
591 1556 767 1606 βασιλεῖ,
803 1551 898 1595 ἀλλ’
923 1552 1042 1596 ἔνθεν
1067 1552 1141 1608 μέν
1166 1569 1228 1603 τις
1257 1557 1338 1596 τῶν
1360 1550 1584 1610 ἐπιρρήτων
1604 1553 1648 1595 ἐκ
1665 1549 1795 1595 dal-zo

289 1738 416 1774 eosque
448 1738 563 1762 omnes
599 1738 684 1772 quos
719 1725 919 1762 defectionis
951 1738 1025 1762 cum
1056 1739 1097 1762 eo
1127 1726 1297 1770 cogitatae
1325 1725 1473 1772 suspicio
1506 1725 1737 1771 contingebat.

287 1774 338 1808 his
362 1784 496 1808 causam
521 1773 711 1815 difficilem,
739 1773 832 1807 exitu
855 1785 937 1807 sane
961 1773 1118 1819 ancipiti,
1150 1773 1338 1806 dicentibus
1361 1784 1434 1807 cum
1456 1784 1522 1806 non
1545 1778 1740 1807 occurreret

287 1819 368 1866 quid
393 1819 483 1853 aliud
506 1818 733 1854 verisimiliter
757 1819 962 1862 allegarent,
996 1819 1031 1853 in
1055 1831 1096 1853 eo
1121 1824 1360 1853 consenserunt
1382 1821 1420 1852 ut
1441 1818 1650 1852 affirmarent
1670 1829 1738 1853 non

287 1877 370 1900 vere
391 1865 539 1899 deficere
561 1875 599 1899 se
621 1864 789 1907 voluisse,
821 1865 878 1898 sed
902 1865 1104 1899 ostentanda
1126 1863 1211 1897 salso
1244 1864 1315 1898 eius
1339 1863 1391 1898 rei
1412 1865 1586 1898 voluntate
1607 1863 1651 1897 ab
1673 1863 1739 1897 im-

288 1916 451 1957 peratore
472 1911 647 1945 retrahere
669 1922 793 1945 uxores
814 1911 1094 1956 Turcopulorum.
1139 1910 1239 1943 fidem
1261 1909 1387 1944 invenit
1408 1909 1496 1955 apud
1507 1909 1737 1952 Amogabaros

288 1956 476 2002 plausibilis
509 1956 693 1992 excusatio.
738 1961 839 2001 atque
866 1957 914 1990 ita
949 1968 1067 2001 magno
1098 1956 1245 1989 defuncti
1275 1955 1423 2000 periculo
1445 1954 1630 1998 coniurati,
1651 1955 1740 1989 Per-

289 2003 432 2036 sarchae
464 2002 593 2036 Meleco
625 2007 865 2048 persuaserunt
893 2002 1039 2036 velocem
1062 2002 1097 2035 in
1122 2002 1234 2035 Asiam
1256 2002 1450 2043 traiectum,
1482 2011 1579 2046 quem
1601 1999 1632 2034 is
1652 2000 1738 2035 clam

288 2047 525 2083 administrare
549 2060 589 2082 eo
621 2048 820 2082 commodius
846 2048 975 2094 potuit,
1003 2048 1093 2093 quod
1125 2046 1223 2093 quasi
1245 2047 1343 2082 soluti
1372 2047 1439 2080 iam
1465 2057 1547 2080 cura
1570 2045 1740 2089 caeluni,

289 2086 405 2127 Persis
428 2105 448 2127 a
470 2099 567 2139 tergo
590 2094 719 2128 relictis
741 2094 831 2128 circa
855 2099 970 2140 partes
994 2093 1144 2137 Madyti,
1178 2092 1253 2126 hinc
1285 2092 1418 2138 quidem
1429 2091 1636 2126 *triremibus
1654 2102 1738 2125 con-

290 2139 418 2172 scensis
441 2151 532 2174 mare
557 2140 794 2174 latrocinantes
817 2140 1041 2180 infestabant,
1065 2139 1144 2173 inde
1166 2142 1277 2172 autem
1298 2137 1517 2172 terrestribus
1539 2136 1645 2182 copiis
1665 2136 1735 2171 late

290 2185 521 2229 praedabundi
554 2186 712 2228 regiones
745 2185 982 2227 incursabant,
1021 2185 1088 2230 ipsi
1123 2195 1257 2230 quoque
1295 2184 1370 2218 urbi
1404 2182 1596 2223 formidati,
1633 2180 1735 2216 anxia

289 2241 403 2264 eorum
426 2230 662 2274 expectatione
685 2230 858 2274 solicitae,
891 2231 1023 2277 quando
1059 2235 1094 2265 et
1117 2229 1190 2264 ausi
1221 2234 1300 2263 sunt
1321 2241 1407 2263 nova
1427 2229 1662 2272 imperatorem
1683 2225 1735 2260 le-

288 2275 425 2319 gatione
447 2277 593 2320 superbe
614 2277 803 2320 lacessere,
837 2288 905 2323 qua
939 2277 1099 2322 petebant
1131 2275 1215 2310 solvi
1245 2275 1311 2309 sibi
1335 2276 1433 2319 plane
1452 2271 1620 2316 stipendia
1640 2277 1734 2308 retro

287 2320 427 2362 debita,
459 2324 528 2354 tuin
560 2333 647 2366 quae
685 2328 784 2367 rapta
815 2322 850 2356 in
892 2323 1043 2357 manibus
1074 2322 1256 2360 haberent,
1295 2319 1362 2353 alia
1386 2319 1533 2363 ipsorum
1566 2316 1735 2352 arbitratu

286 2365 433 2400 taxanda
451 2367 594 2412 pecunia
616 2367 753 2410 redimi3
776 2368 817 2401 iis
839 2368 987 2412 peractis
1008 2367 1164 2412 praeberi
1187 2365 1252 2399 sibi
1274 2366 1317 2399 ab
1338 2364 1538 2408 imperatore
1559 2373 1674 2404 naves,
1697 2367 1735 2397 et

286 2411 339 2447 tic
362 2421 434 2445 cum
460 2423 544 2456 pace
566 2412 601 2446 in
624 2413 767 2457 patriam
792 2413 927 2446 remitti.
976 2412 1010 2446 ni
1031 2412 1116 2445 haec
1137 2411 1270 2451 fierent,
1291 2408 1527 2443 interneciuum
1550 2407 1594 2442 ad
1617 2411 1735 2442 extre-

286 2467 375 2492 mum
397 2456 640 2491 denuntiabant
661 2458 793 2492 bellum.
840 2458 922 2491 haee
944 2468 1017 2491 cnm
1049 2455 1180 2490 admitti
1211 2455 1300 2489 nullo
1321 2453 1417 2487 modo
1440 2457 1598 2499 possent,
1622 2453 1734 2507 palam

287 2507 363 2538 erat
386 2502 512 2537 cunctis
536 2513 628 2546 spem
651 2502 878 2536 conventionis
901 2502 1021 2535 nullam
1045 2511 1230 2544 superesse.
1276 2508 1380 2544 quare
1400 2498 1435 2532 in
1450 2498 1521 2532 sola
1538 2498 1661 2533 fiducia
1679 2499 1734 2533 di-

288 2547 359 2583 vini
378 2546 495 2583 auxilii
519 2548 674 2593 precibus
697 2547 859 2581 exorandi
883 2547 1002 2580 salutis
1025 2546 1178 2590 publicae
1206 2546 1351 2578 facultas
1372 2547 1406 2577 et
1436 2543 1523 2578 ratio
1554 2544 1734 2588 pendebat,

288 2593 378 2629 haud
401 2593 496 2638 segni
519 2593 562 2627 ad
587 2594 622 2627 id
644 2593 790 2627 officium
814 2592 1016 2637 patriarcba,
1039 2591 1094 2636 qui
1117 2589 1268 2623 maximis
1291 2590 1409 2623 crebro
1433 2590 1655 2624 conventibus
1675 2600 1734 2624 ao-

285 2640 366 2674 litas
398 2650 478 2674 snas
510 2638 643 2673 litanias
675 2639 833 2673 iterabat.
875 2636 1012 2671 interita
1042 2640 1153 2669 autem
1177 2634 1279 2679 periti
1309 2645 1419 2669 rerum
1452 2635 1664 2676 bellicarum,
1692 2638 1732 2670 ut

287 2686 424 2720 defendi
443 2683 527 2720 satis
550 2690 664 2730 posset
687 2696 748 2719 arx
773 2682 933 2718 Cosmidii
962 2686 1145 2722 verentes,
1178 2679 1287 2714 deseri
1317 2684 1352 2714 et
1384 2692 1425 2714 ex
1458 2685 1556 2725 parte
1577 2679 1731 2719 subverti

288 2743 438 2766 suasere.
482 2730 666 2777 imperator
687 2735 798 2765 autem
822 2727 938 2774 copias
961 2726 1139 2762 auxiliares
1161 2737 1202 2760 ex
1225 2725 1336 2760 Iberia
1367 2730 1403 2760 et
1423 2726 1467 2760 ab
1489 2726 1572 2759 urbe
1595 2727 1731 2768 Genua,

288 2778 376 2813 unde
397 2782 599 2824 poposcerat
612 2802 624 2823 ‚
654 2776 861 2824 expectabat
879 2786 920 2810 eo
945 2771 1116 2820 cupidius,
1147 2783 1214 2819 quo
1235 2782 1278 2807 ne
1302 2770 1462 2808 interiora
1483 2771 1614 2818 quidem
1637 2770 1733 2806 urbis
