1820 3112
347 157 423 200 DE
454 153 785 218 ANDROMCO
819 149 1190 196 PALAEOLOGO
1224 149 1274 192 L.
1292 147 1347 190 Π.
1498 144 1593 191 175

133 273 334 330 ἄστοργον
363 269 443 325 ἔχω
469 271 537 312 καὶ
564 268 642 320 ἔξω
669 271 745 323 τῆς
762 264 961 322 ἡμετέρας
982 261 1167 322 γνώμης,
1209 260 1287 306 κᾶν
1314 260 1446 316 αὗτὴν
1468 259 1589 317 ἓγχα-
1611 270 1645 306 D

134 340 247 400 ρᾶξω
264 358 347 396 μου
368 340 441 396 τὴν
457 336 750 394 παραι’τησιν.”

274 409 388 458 Τέως
410 412 542 451 ταῦτα
560 404 748 463 γράψας,
782 401 835 445 τὰ
853 402 927 456 μὲν
946 401 988 442 ἓν
1010 399 1164 456 ἀφανεῖ
1176 400 1318 454 τίθησι
1339 398 1412 442 τὸν
1431 397 1594 454 εἲρημέ-

131 497 207 522 νον
235 474 611 534 ἓξασφαλισάμενος
637 472 812 528 τρόπον,
848 469 973 518 αὐτὸς
992 471 1037 511 δὲ
1054 468 1102 511 τὸ
1124 467 1227 523 πρὸς
1244 467 1315 510 τόν
1335 467 1509 521 βασιλέα
1528 468 1595 509 καὶ

101 546 262 603 ὁμόνον
291 547 604 597 ἐξαποστείλας,
650 543 733 586 ἐπεὶ
762 540 837 583 οὐκ
862 534 914 594 ἦν
944 539 1120 589 ἐκεῖθεν,
1157 536 1300 585 καθὼς
1326 536 1425 585 ἴσως
1456 538 1528 578 καί
1557 535 1597 578 οἱ

131 617 329 672 ἤλπιστο,
364 613 389 670 ἦ
414 611 591 669 βοήθεια
619 613 686 654 καὶ
716 610 761 652 τό
790 609 1087 663 ἀντειλῆφθαι,
1119 604 1214 648 ἀλλ’
1252 604 1333 660 ἤδη
1367 608 1526 658 μᾶλλον
1555 604 1596 647 οἷ

132 683 280 734 νυκτὸς
314 682 619 735 ἔξελευσομένου
647 678 752 722 κατὰ
783 677 857 732 τὴν
891 674 987 719 ὁδὸν
1028 671 1363 730 δεφενδεῦσοντες
1399 672 1595 716 ἀπεστέλ-

133 757 252 796 λοντο
265 785 278 804 ,
308 753 375 794 καὶ
396 751 511 794 ἄλλοι
532 750 570 792 οἱ
594 749 640 791 τὸ
665 751 950 800 πατριαρχεΐον
972 741 1258 796 ἀναδεξόμενοι
1268 774 1282 795 ‚
1318 741 1438 798 γνοὺς
1457 743 1595 784 ε’ντεῦ-

132 827 210 865 θεν
229 821 328 870 ἴσως
343 822 407 863 καὶ
426 819 500 875 τὴν
518 822 593 861 τοῦ
612 820 859 873 κρατοῦντος
876 811 1056 870 γνώμην,
1092 810 1146 861 ὡς
1166 810 1274 854 οὕτω
1294 810 1347 853 τὰ
1366 809 1472 853 καθ’
1495 808 1593 852 ἔαυ-

79 890 204 937 1οτόν
235 887 524 943 δοκιμάζοντος
553 889 608 936 εἷς
639 891 827 929 συνοῖσον
853 884 887 925 εἰ
919 882 1083 936 ἐκσταίη
1102 879 1479 935 παρακεκινημένων
1502 883 1585 922 τῶν
1610 883 1641 918 Ε

134 958 240 1003 ὅλων
274 958 400 1016 (οὐδὲ
419 957 496 1013 γὰρ
514 954 651 1011 ἐχώρει
669 953 802 1002 ἄλλως
820 952 1059 1008 γίνεσθαι),
1101 949 1203 1004 ἀωρὶ
1238 953 1322 990 τῶν
1350 952 1506 991 νυκτῶν
1528 948 1594 990 δί-

133 1030 259 1071 δωσιν
280 1025 427 1068 ἑαυτὸν
446 1032 533 1074 τοῖς
551 1021 765 1074 ἀπάξουσι.
835 1022 902 1063 καὶ
922 1020 1024 1074 πρὸς
1044 1023 1094 1076 τῇ
1113 1017 1219 1060 κατὰ
1238 1017 1289 1059 τὰ
1311 1016 1502 1072 Εὗγενίου
1523 1033 1592 1072 γε-

130 1094 294 1153 γονότες
312 1092 509 1150 θαλάσσῃ
528 1090 695 1141 ἁλιάδος
713 1108 757 1133 τε
776 1090 1028 1143 ἐπιβαίνουσι
1040 1119 1052 1138 ,
1092 1088 1158 1128 καὶ
1181 1086 1253 1128 τὸν
1274 1085 1413 1137 λιμένα
1436 1085 1484 1128 τὸ
1506 1084 1591 1127 Κέ-

133 1181 210 1221 ρας
239 1161 547 1211 εἷσπλεύσαντες
578 1161 652 1215 τὴν
685 1158 816 1214 μονὴν
845 1162 919 1200 τοῦ
949 1157 1179 1208 Κοσμιδίου
1210 1152 1592 1208 καταλαμβάνουσι.

79 1239 122 1276 15
135 1233 252 1276 κάκεῖ
262 1232 338 1287 τὴν
358 1229 484 1274 νύκτα
507 1230 755 1284 προσμείνας
775 1227 926 1269 στέλλει
947 1225 1051 1281 πρὸς
1071 1222 1243 1278 βασιλέα
1264 1221 1339 1276 τὴν
1360 1221 1490 1265 αὐτοῦ
1510 1239 1594 1264 πα-

133 1303 320 1358 ραίτησιν
332 1333 344 1352 ,
382 1299 556 1354 ἔχουσαν
574 1300 635 1340 ἐπὶ
655 1297 796 1347 λέξεως
815 1294 959 1343 οὕτως.
1029 1291 1153 1351 (24)
1193 1296 1223 1315 “
1236 1289 1445 1346 ἐπειδήπερ
1474 1295 1592 1333 λυσι-
1613 1297 1642 1332 Ρ
1667 1299 1732 1335 117

132 1372 285 1419 τελείας
310 1365 430 1423 χάριν
460 1371 595 1420 κοινῆς
614 1368 669 1415 εἷς
692 1365 763 1407 τὸν
778 1361 1069 1418 πατριαρχικόν
1087 1358 1326 1414 ἀνήχθημεν
1347 1357 1504 1416 θρόνον
1523 1361 1592 1402 καὶ

132 1438 202 1481 διὰ
229 1436 305 1493 τὴν
328 1441 403 1480 τοῦ
428 1433 712 1491 χριστωνῦμου
734 1437 835 1476 λαοῦ
858 1430 1064 1487 εἶρηναίαν
1086 1427 1335 1472 κατάστασιν
1357 1430 1424 1470 καὶ
1442 1428 1593 1483 κυβέρ-

132 1523 270 1562 νησιν,
307 1505 519 1560 ἀπέβη-σαν
538 1505 581 1546 δὲ
600 1504 652 1546 τὰ
669 1500 888 1558 πράγματα
906 1502 962 1550 εἷς
980 1498 1218 1542 τοῦναντίον
1234 1498 1303 1539 καὶ
1320 1495 1422 1552 παρ’
1446 1497 1592 1540 ἐλπίδα

76 1575 206 1631 zoerr
230 1573 429 1630 ἡμετέραν
460 1574 527 1616 καὶ
558 1577 640 1615 τῶν
669 1570 929 1625 βιασαμένων
950 1567 1080 1623 ἡμᾶς,
1116 1565 1172 1616 ὥς
1190 1567 1380 1608 ἐντεῦθεν
1397 1569 1592 1620 κριθῆναι

129 1642 239 1699 ἡμᾶς
258 1647 317 1702 τῷ
337 1646 422 1700 λαῷ
445 1642 664 1695 ἀδοκίμους
689 1641 756 1682 καὶ
779 1637 1077 1694 παραιτητέους
1099 1637 1166 1678 καὶ
1191 1634 1475 1690 ἄδιακρίτους,
1511 1633 1590 1676 ἅλ-

130 1716 213 1763 λως
238 1729 282 1755 τε
313 1712 358 1754 δὲ
385 1713 454 1754 καὶ
481 1709 535 1760 ὥς
565 1710 752 1758 ἀσθενεῖς
774 1709 841 1750 καὶ
861 1705 1098 1763 ἁμαρτωλοὶ
1121 1705 1188 1746 καὶ
1205 1703 1387 1746 ἆνίκανοι
1406 1704 1473 1744 καὶ
1493 1701 1589 1746 οὐδὲ

128 1853 237 1923 andlan
259 1842 465 1903 voluntatem
487 1843 523 1875 et
544 1843 688 1875 mentem
716 1842 851 1882 actum,
885 1838 986 1873 etiam
1007 1828 1038 1871 si
1060 1836 1167 1882 ipsam
1191 1833 1320 1879 scripto
1345 1832 1586 1878 significavero

196 1888 382 1922 ’nationem

220 1934 414 1978 Utcumque
434 1933 500 1975 sit,
531 1931 582 1965 his
603 1931 653 1966 ita
674 1930 829 1976 scriptis,
852 1929 948 1974 prius
969 1927 1103 1974 quidem
1123 1924 1205 1959 illud
1227 1924 1262 1958 in
1283 1922 1415 1957 occulto
1438 1922 1585 1967 abdidit,

130 1985 312 2014 memorato
343 1979 407 2012 iam
438 1977 600 2011 munitum
623 1977 732 2011 modo.
777 1976 851 2021 ipse
873 1986 955 2009 vero
978 1974 1084 2008 solum
1107 1970 1288 2006 secundum
1312 1969 1456 2002 libellum
1477 1969 1588 2013 impe-

130 2024 239 2059 ratori
269 2035 343 2058 cum
374 2023 543 2064 misisset,
575 2035 638 2056 nec
668 2022 746 2056 inde
768 2021 857 2066 quod
880 2022 970 2054 forte
1001 2022 1204 2063 speraverat
1226 2014 1383 2048 auxilium
1406 2026 1447 2048 ac
1468 2022 1588 2059 prote-

131 2071 276 2104 ctionem
304 2069 422 2103 ofl'erri
452 2068 519 2102 sibi
548 2068 702 2109 videret,
735 2067 816 2112 quin
847 2067 960 2111 potius
989 2064 1056 2098 iam
1086 2066 1225 2107 praesto
1256 2061 1379 2094 adesse
1400 2061 1588 2095 submissos

129 2116 220 2150 illinc
251 2119 408 2149 cerneret
429 2114 487 2159 qui
509 2126 548 2148 se
570 2119 667 2147 nocte
692 2113 921 2157 profecturum
945 2121 1007 2155 per
1029 2109 1117 2142 viam
1152 2106 1393 2148 defenderent,
1422 2111 1459 2140 et
1489 2106 1585 2148 alios,

130 2161 190 2207 qui
213 2172 299 2206 quas
318 2172 379 2194 suo
403 2159 554 2193 discessu
576 2169 701 2192 vacuas
722 2158 902 2191 relicturus
925 2166 1002 2190 mox
1024 2156 1113 2188 foret
1135 2152 1378 2199 patriarchales
1400 2152 1503 2186 aedes
1526 2164 1586 2186 su-

130 2208 303 2254 sciperent
332 2205 590 2248 custodiendas,
621 2205 796 2238 intellecto
819 2214 861 2237 ex
884 2202 935 2236 his
958 2211 1155 2245 persuasum
1177 2197 1368 2243 imperatori
1389 2198 1506 2233 utilem
1527 2199 1586 2232 fu-

130 2259 241 2288 turam
279 2252 494 2298 patriarchae
533 2250 774 2295 depositionem
807 2245 1056 2294 perturbationi
1091 2245 1249 2290 publioee
1280 2244 1474 2288 pacandae,
1508 2255 1583 2278 cum

130 2299 220 2334 aliud
243 2310 310 2332 non
333 2302 470 2344 posset,
494 2308 532 2331 se
552 2297 662 2342 ipsum
684 2295 886 2339 intempesta
908 2298 1008 2327 nocte
1030 2291 1120 2325 ultro
1142 2290 1240 2324 dedit
1260 2289 1371 2324 missis
1393 2290 1437 2324 ad
1460 2301 1499 2324 se
1520 2290 1586 2324 ab·

129 2344 328 2379 ducendum.
376 2355 450 2377 cum
484 2343 538 2377 bis
569 2342 612 2376 ad
645 2351 738 2375 oram
770 2340 871 2374 maris
893 2339 967 2373 loco
989 2338 1034 2371 ab
1057 2336 1209 2381 Eugeuio
1232 2335 1444 2370 denominato
1475 2335 1587 2370 conti-

127 2400 230 2435 guam
252 2400 472 2435 progressus,
495 2388 544 2423 ibi
566 2386 782 2432 piscatoriam
804 2385 932 2430 pariter
954 2394 1070 2418 omues
1092 2382 1319 2417 conscendunt
1331 2392 1452 2415 navem
1465 2405 1476 2423 ‚
1499 2381 1583 2415 etin

127 2440 262 2489 portum
286 2435 394 2469 Ceras
417 2435 543 2468 dictum
564 2433 691 2467 invecti
714 2432 756 2466 ad
781 2430 939 2465 Cosmidii
964 2428 1200 2464 monasterium
1221 2427 1434 2473 perveniunt.
1480 2431 1583 2460 nocte

121 2480 196 2519 Jllic
226 2485 402 2515 transacta
433 2481 526 2514 misit
553 2478 758 2514 Athanasius
787 2477 830 2512 ad
856 2477 1094 2520 imperatorem
1115 2474 1298 2508 cessionem
1321 2484 1434 2515 suam,
1468 2472 1517 2506 sio
1540 2471 1585 2506 ad

127 2527 267 2560 verbum
298 2527 488 2560 habentem.
546 2525 645 2569 (24)
680 2522 982 2569 “quandoquidem
1013 2520 1168 2554 utilitatis
1198 2519 1377 2554 communie
1404 2518 1516 2563 gratia
1546 2517 1584 2551 in

126 2571 388 2617 patriarchalem
421 2572 567 2618 promoti
597 2572 753 2605 thronum
785 2569 906 2603 fuimus
930 2573 966 2601 et
986 2566 1029 2601 ad
1051 2565 1226 2611 pacificum
1250 2563 1435 2599 Christiani
1468 2562 1584 2608 populi

128 2621 251 2651 statum
280 2629 322 2652 ac
351 2617 652 2662 gubernationem,
686 2618 922 2650 successerunt
951 2617 1062 2647 autem
1085 2622 1141 2646 res
1161 2611 1196 2646 iu
1219 2611 1420 2645 conta-arium
1442 2613 1583 2654 praeter

128 2672 223 2706 spem
243 2668 390 2697 nostram
414 2668 449 2698 et
470 2674 586 2696 eorum
608 2661 667 2708 qui
689 2672 749 2695 nos
772 2661 815 2694 ad
837 2660 940 2693 istam
968 2659 1215 2703 praefecturam
1241 2655 1478 2691 admittendam
1501 2655 1583 2687 coe-

128 2712 275 2751 gerunt,
307 2708 392 2743 adeo
413 2708 549 2754 quidem
571 2711 610 2742 ut
630 2707 711 2741 inde
732 2705 912 2750 eontigerit
933 2703 1066 2738 censeri
1088 2714 1150 2738 nos
1183 2702 1307 2747 populo
1329 2699 1581 2746 improbabiles,

127 2751 226 2786 reiici
248 2752 387 2798 dignos,
407 2753 540 2799 ineptos
562 2759 597 2787 et
618 2753 779 2794 frivolos,
813 2762 886 2785 cum
909 2750 1011 2784 etiam
1033 2759 1094 2783 nos
1119 2753 1156 2783 et
1176 2748 1242 2794 ipsi
1263 2747 1447 2782 sentiamus
1474 2744 1583 2778 imbe-

128 2796 244 2841 cilles,
273 2802 491 2845 peccatores,
518 2798 766 2834 insufficientes
787 2808 851 2832 nec
871 2807 974 2843 pares
993 2795 1177 2830 ministerio
1199 2794 1282 2835 tali,
1315 2795 1500 2838 propterea
1519 2790 1584 2825 ab·
