1858 3126
487 170 589 215 LIB.
615 169 692 214 111.
742 168 1222 213 CHRONOLOGIGUS.
1479 168 1576 214 825

144 277 454 331 chronographis
474 290 592 330 quam
609 283 679 316 aut
696 276 879 329 Aythono
903 277 1070 316 Armeno
1092 283 1162 316 aut
1180 276 1352 316 Villanio
1374 283 1412 316 et
1429 279 1578 318 Sanuto

143 335 356 387 Europaeis
389 333 667 386 scriptoribus,
702 333 933 385 praesertim
962 347 1052 371 cum
1082 334 1133 371 ad
1164 333 1334 372 Arabum
1366 333 1579 374 chronolo-

143 390 245 442 giam
274 404 316 428 se
343 390 612 428 accommodet
631 389 759 428 nostri
780 388 1030 441 Pachymeris
1051 390 1211 428 assertio
1240 395 1441 428 mortuum
1461 391 1579 429 Caza-

142 459 232 485 nem
253 445 481 485 affirmantis
497 459 587 483 cum
604 443 663 482 ad
677 459 744 482 sex
763 459 888 483 annos
906 447 1135 496 imperasset
1145 460 1159 494 ;
1190 446 1295 497 quod
1307 475 1318 494 ,
1346 445 1379 483 si
1399 446 1449 484 de
1468 447 1580 486 annis

143 501 314 554 expletis
338 501 488 552 agitur,
516 500 761 539 exactissime
789 500 978 553 scriptum
1009 507 1079 542 est.
1136 501 1217 539 eius
1243 501 1311 552 qui
1334 502 1471 540 Cazani
1489 516 1581 540 suc-

61 590 65 593 .
142 557 260 596 cessit
297 570 442 595 nomen
467 557 526 594 sic
549 554 660 595 effert
690 557 918 595 Iannabius:
964 556 1241 608 Gzyathocldin
1277 557 1582 596 Chodabandah

140 611 420 662 Mohammed,
438 613 560 664 filius
582 613 772 664 Argutus
785 613 876 664 filii
900 613 1088 664 Abagae.
1144 613 1335 651 Abulfed·
1362 619 1401 651 et
1427 613 1580 653 Ahmed

140 668 228 707 Ebu
242 668 426 720 Yuseph,
456 669 619 721 propius
635 669 682 706 ed
702 668 949 720 Pachymeris
970 669 1265 720 Carmpantan,
1298 669 1580 708 Chorbandam

138 723 248 762 hunc
268 723 487 776 principem
507 725 719 777 appellant,
770 724 805 762 is
822 731 914 776 post
931 725 1061 764 fratris
1076 726 1287 764 decessoris
1311 726 1428 764 sunus
1444 726 1508 764 die
1525 730 1580 770 23

139 779 391 819 Dhul-Haiae
408 781 647 819 solemnibus
667 781 896 819 ceremoniis
913 780 1179 832 inauguratus,
1197 795 1270 833 pro
1291 781 1443 820 Chattis
1461 782 1579 821 titulo

138 835 353 875 maioribus
376 837 521 875 usitato
537 837 703 874 Aliaitu
721 849 762 875 se
780 835 860 874 dici
877 837 1030 886 voluit,
1060 851 1158 889 quae
1175 849 1259 875 vox
1277 844 1375 876 teste
1393 838 1579 877 Iannabio

139 905 334 943 magnum
359 893 635 943 imperatorem
667 892 870 942 significat.
926 905 1068 932 vereor
1099 906 1149 932 ne
1182 894 1367 932 mendum
1394 895 1444 932 sit
1472 895 1579 946 apud

138 947 391 998 hammum,
422 948 491 986 ubi
523 949 817 986 coronationem
848 949 1143 1000 Carmpantanis
1164 948 1227 987 die
1254 953 1308 991 23
1331 949 1578 989 Dhul-Haiae

138 1003 373 1042 celebratam
401 1005 553 1042 confert
578 1004 618 1042 in
643 1017 790 1041 annum
821 1004 984 1054 Hegirae
1009 1008 1113 1054 703,
1150 1004 1228 1043 hoc
1258 1012 1315 1043 est
1338 1006 1378 1044 in
1405 1019 1577 1045 mensem

138 1059 221 1097 fere
245 1059 429 1110 quintum
445 1060 639 1098 decimum
664 1073 685 1097 a
709 1061 923 1098 decessoris
953 1060 1081 1109 obitu,
1112 1061 1216 1112 quod
1238 1075 1377 1113 parum
1397 1068 1456 1101 est
1473 1063 1578 1101 veri-

138 1114 284 1164 simile,
314 1115 540 1167 praesertim
566 1129 653 1154 cum
666 1147 678 1165 ,
706 1122 753 1154 ut
772 1115 1026 1168 Pachymeres
1046 1117 1205 1155 videtur
1226 1117 1463 1167 significare,
1491 1132 1573 1156 non

137 1170 266 1209 solum
283 1170 504 1222 designatus
521 1185 544 1209 a
558 1172 706 1210 Cazane
725 1171 853 1210 adhuc
870 1172 1030 1211 vivente
1047 1172 1165 1211 fuerit
1183 1174 1322 1212 unicus
1343 1173 1480 1212 haeres
1496 1174 1573 1212 im-

136 1226 274 1320 Z‘t‘iih
283 1226 540 1321 ’Σῗεὲἒζὲῒηῖ
543 1228 875 1334 ἶῗᾱᾞξίῗῖξῖ
879 1229 1254 1323 22323252221335
1257 1229 1372 1323 ‘2115ss
1382 1230 1574 1324 „2333-

1383 1314 1396 1334 ν
1533 1307 1574 1323 *-

137 1343 227 1376 tero
258 1338 341 1376 sere
371 1345 462 1390 post
493 1352 645 1387 mense,
683 1352 832 1390 nempe·
854 1339 918 1378 die
947 1344 999 1382 23
1036 1340 1305 1391 Dhul-Haiae,
1342 1348 1574 1380 coronatum

138 1393 476 1446 Carmpantanem.
533 1408 621 1433 cum
642 1401 773 1433 autem
793 1395 874 1433 dies
893 1399 944 1437 13
965 1395 1162 1445 Shavalis,
1190 1397 1355 1436 ultimus
1374 1398 1476 1435 vitae
1492 1398 1574 1435 Ca·-

135 1450 266 1498 zanis,
293 1450 416 1488 fuerit
444 1450 487 1488 in
510 1463 612 1488 anno
640 1451 794 1488 Iuliano
819 1454 869 1492 31
889 1451 1002 1500 Maii,
1032 1452 1207 1502 oportuit
1236 1453 1338 1490 diem
1366 1456 1419 1494 23
1440 1453 1574 1492 Dhul-

135 1505 258 1544 Haiae
282 1506 377 1544 anni
402 1505 573 1544 eiusdem
599 1520 830 1546 concurrere
857 1520 948 1545 cum
971 1509 1025 1549 29
1053 1507 1143 1546 Iulii
1167 1509 1260 1546 anni
1291 1508 1436 1546 Christi
1454 1512 1575 1550 1303.

134 1561 261 1599 vitam
299 1567 339 1600 et
372 1561 636 1614 principatum
677 1563 871 1615 produxit
901 1564 1166 1615 Carmpantan
1198 1578 1321 1615 usque
1347 1565 1399 1602 ad
1427 1578 1576 1603 annum

133 1616 300 1668 Hegirae
325 1621 432 1667 716,
458 1630 538 1669 quo
568 1618 701 1656 vivere
726 1619 847 1656 simul
865 1625 904 1657 et
920 1619 1110 1671 imperare
1131 1619 1246 1658 desiit
1273 1620 1412 1658 mensis
1436 1622 1574 1658 Rama-

134 1673 248 1710 danis
277 1673 340 1712 die
365 1677 436 1716 27.
491 1674 623 1726 coepit
649 1688 774 1713 annus
801 1675 964 1724 Hegirae
990 1678 1072 1717 716
1103 1690 1124 1713 a
1150 1676 1213 1713 die
1238 1680 1293 1718 26
1321 1676 1451 1714 Martii
1480 1676 1575 1714 anni

135 1727 280 1767 Christi
301 1732 421 1770 1216.
449 1730 555 1768 unde
572 1731 805 1769 Ramadanis
822 1731 965 1770 mensis
984 1731 1156 1770 Arabum
1176 1732 1272 1769 noni
1291 1732 1372 1769 dies
1390 1734 1446 1773 27
1468 1732 1574 1769 coin-

134 1785 234 1822 cidit
254 1797 346 1822 cum
369 1784 432 1822 die
453 1788 505 1827 13
525 1786 745 1825 Decembris
769 1787 941 1825 eiusdem
970 1787 1062 1825 anni
1090 1787 1233 1826 chn‘sti
1256 1789 1375 1828 1316.
1433 1787 1572 1825 Carm-

134 1839 298 1891 pantani
326 1839 510 1878 suffectus
542 1847 600 1878 est
625 1842 994 1891 Balzadur-Clzan,
1024 1856 1124 1894 puer
1153 1842 1330 1880 undecim
1358 1855 1571 1891 annorum;

135 1907 212 1945 quo
239 1894 459 1945 imperante
484 1895 648 1946 quisque
675 1899 965 1948 praefectorum
990 1898 1204 1948 provinciis
1227 1910 1288 1935 eas
1307 1897 1380 1934 sibi
1402 1897 1487 1936 iure
1506 1912 1572 1936 su-

134 1963 272 2002 premo
301 1957 513 2001 coeperunt
540 1963 739 2002 usurpare.
793 1953 897 1990 unde
919 1952 996 1990 hoc
1022 1953 1212 1991 moriente
1241 1953 1378 2003 (quod
1404 1954 1572 2003 contigit

135 2019 239 2044 anno
265 2005 431 2055 Hegirae
450 2009 555 2053 786,
585 2007 655 2056 qui
677 2007 807 2057 coepit
825 2008 873 2044 ab
893 2007 1058 2058 Augusti
1077 2011 1128 2049 21
1151 2008 1244 2045 anni
1267 2007 1414 2046 Christi
1436 2010 1570 2058 1335)

132 2060 495 2110 Bahadur-Chane,
523 2061 706 2112 inquam,
735 2063 947 2101 decedente
974 2063 1109 2101 nullus
1141 2064 1325 2115 deinceps
1341 2071 1399 2102 est
1414 2071 1568 2103 creatus

131 2117 346 2212 {390er
374 2117 680 2210 Mogulelnsium,
716 2124 826 2156 tanta
860 2118 928 2156 illa
963 2118 1143 2170 dynastia
1170 2119 1213 2157 in
1238 2126 1367 2172 partes
1397 2121 1567 2160 minutas

193 2179 256 2211 cta
279 2179 320 2211 et
367 2179 494 2211 emtus
541 2187 603 2211 issi
635 2180 710 2211 ata.

241 2186 436 2266 Hactlgnua
454 2188 834 2280 brevempsynopsim
855 2228 1034 2267 dedimus
1055 2230 1207 2281 imperii
1223 2231 1427 2281 Mogulici,
1457 2231 1567 2282 quod

130 2285 181 2323 ab
207 2298 311 2322 anno
340 2284 485 2322 Christi
514 2287 620 2326 1202
653 2285 703 2322 ad
733 2298 878 2322 annum
904 2284 1046 2323 Christi
1073 2286 1200 2334 1335,
1229 2300 1300 2338 per
1327 2301 1450 2325 annos
1472 2291 1563 2337 133,

130 2341 205 2379 sub
220 2337 519 2391 imperatoribus
538 2341 742 2389 undecim,
773 2340 1058 2390 Gingizchane,
1085 2342 1240 2389 Kaane,
1269 2342 1564 2394 Cayuc-Chane,

131 2396 376 2445 Munkakao,
411 2397 566 2446 Abaka,
602 2396 796 2443 immede,
838 2396 1144 2447 Argun-Chane,
1184 2398 1367 2444 caiolum
1405 2401 1565 2444 Cazane,

131 2453 437 2504 Carmpantane,
471 2452 825 2502 Bahadur-Chane,
867 2456 1014 2504 magnis
1046 2466 1119 2506 per
1148 2455 1279 2494 Asiam
1302 2456 1418 2495 rebus
1446 2454 1565 2507 gestis

130 2507 325 2549 inclaruit.
