1820 3112
336 135 412 177 DE
445 128 776 177 ANDRONICO
811 129 1184 176 PALAEOLOGO
1218 131 1266 174 L.
1291 129 1367 177 111.
1480 131 1576 178 231

120 243 306 304 λυπηρά,
347 247 414 290 καὶ
448 243 518 290 ὅτ’
548 244 668 288 αὐτοὶ
697 236 788 301 περὶ
827 243 987 287 ἐκείνων
1024 241 1260 302 ἐφρόντιζον
1287 240 1381 288 τότ’
1406 244 1582 296 ἐκείνους

120 314 442 372 ἔπιτετελεσμένῃ
461 318 512 370 τῇ
534 309 759 368 καταμόσει
775 315 858 355 τῶν
870 316 1062 366 χαλεπῶν
1081 309 1363 368 ἓνηδύνεσθαι.
1435 311 1457 356 ὅ
1476 313 1575 368 μέν-

118 400 183 428 τοι
197 401 239 440 γε
254 383 448 438 βασιλεὺς
464 382 511 426 τὸ
531 386 614 425 πᾶν
632 379 868 438 προσνέμειν
889 383 971 423 δεῖν
990 382 1136 436 κρίνων
1158 385 1210 439 τῇ
1228 379 1484 439 θεομήτορι,ι
1505 385 1572 425 καὶ
1596 387 1627 422 13

119 450 176 503 ὥς
194 452 323 507 αὐτῆς
347 455 513 507 βοηθοῦ
543 447 744 494 πιστεύων
767 450 962 506 φανείσης
992 449 1041 492 τὸ
1067 454 1150 492 τῶν
1183 450 1432 493 ἀποστατῶν
1448 450 1580 502 οὕτως

85 532 107 566 6
120 521 162 563 ἓν
181 520 326 577 ἀκαρεῖ
341 516 549 575 κατελύθη
571 515 770 577 φρύαγμα
781 551 795 570 ,
834 518 916 560 δεῖν
941 517 1042 574 ἴγνω
1070 520 1138 560 καὶ
1155 516 1263 575 μόνῃ
1279 516 1410 576 ταύτῃ
1430 519 1579 563 ἀπονέ-

116 606 206 643 μειν
225 589 278 632 τὰ
294 586 564 645 χαριστήρια,
595 589 662 630 καὶ
694 586 780 641 ἅμα
807 591 866 645 τῷ
890 585 965 636 τὰς
993 585 1179 643 ἀγγελίας
1195 587 1396 637 δέξασθαι
1419 590 1485 630 καὶ
1509 607 1578 631 πι-

117 661 297 710 στεῦσαι,
333 655 512 700 αὐτόθεν
529 658 572 707 ἐξ
590 653 827 711 ἀνακτόρων
841 657 939 711 πεζῇ
957 655 1033 710 τὴν
1057 653 1154 698 ὁδὸν
1172 656 1468 711 διεξεληλυθώς
1488 656 1576 712 ἅμα

114 729 167 783 τῇ
187 727 279 781 περὶ
298 725 424 768 αὐτὸν
442 722 551 776 τάξει
569 723 644 780 τὴν
665 728 747 767 τῶν
770 721 952 779 Ὁδηγῶν
984 722 1290 778 καταλαμβάνει
1312 722 1469 780 μονήν,
1507 728 1574 768 καὶ
1598 729 1627 764 P
1653 731 1717 766 157

114 794 327 837 κατέναντι
351 798 427 849 τῆς
453 794 679 847 σεβασμίας
708 790 862 842 εἰκόνος
887 794 1057 842 σταθεὶς
1082 792 1271 847 ἀπονέμει
1299 794 1374 847 μὲν
1394 793 1499 836 κατὰ
1526 795 1573 839 τὸ

59 873 105 909 10
115 861 263 912 εἰωθὸς
281 862 357 918 τὴν
377 859 673 919 προσκύνησιν,
710 860 887 916 λιπαρὰν
903 860 979 916 τὴν
999 861 1151 904 ἱκεσίαν
1168 859 1431 915 ποιούμενος,
1469 862 1575 906 ἄπο-

111 931 220 985 νέμει
240 930 288 974 δέ
302 947 345 987 γε
365 932 433 973 καὶ
453 930 528 986 τὴν
546 930 803 986 εὐχαριστίαν
820 929 925 983 μετὰ
948 934 1111 985 θερμῆς
1131 928 1430 983 ὕποπτώσεως,
1469 931 1575 989 αὐτῇ

109 1015 153 1055 γε
180 999 285 1054 μετὰ
311 999 412 1042 θεὸν
442 999 566 1054 λέγων
592 1000 658 1041 καὶ
680 999 891 1051 βασιλείαν
920 999 986 1040 καὶ
1004 999 1220 1053 ἐκκλησίαν
1240 1001 1295 1049 εἰς
1313 1000 1439 1056 χέρας
1458 1001 1574 1043 τιθέ-

109 1085 204 1121 ναι,
241 1069 308 1110 καὶ
335 1067 442 1124 παρ’
476 1067 607 1123 αὐτῆς
634 1069 701 1110 καὶ
733 1064 863 1122 μόνης
891 1067 1057 1119 ἐλπίζειν
1078 1067 1196 1119 ἀξίαν
1214 1085 1256 1123 γε
1279 1067 1355 1123 τὴν
1377 1069 1572 1123 διοίκησιν

108 1137 175 1178 καὶ
195 1135 262 1178 ἐπ’
285 1135 550 1193 ἀμφοτέραις.
619 1139 753 1179 ταῦτα
779 1133 1102 1190 ποτνιασάμενος
1128 1136 1262 1179 καὶτὰ
1283 1134 1419 1179 εἰκότα
1448 1136 1572 1192 εὐχα-

55 1213 99 1250 15
110 1202 320 1260 ριστήσας,
343 1205 486 1259 ἐπιβὰς
507 1206 637 1247 ἵππον
656 1202 914 1260 ἓπανεζεύγνυ
925 1204 1027 1260 πρὸς
1047 1205 1099 1247 τὰ
1111 1203 1331 1262 ἀνάκτορα.
1380 1209 1440 1264 τῷ
1462 1206 1512 1248 δέ
1525 1223 1567 1262 γε
1590 1211 1621 1245 Β

107 1275 482 1331 πρωτοβεστιαρίτῃ
511 1271 753 1330 πρόσταγμα
780 1271 1043 1330 χαριστήριον
1062 1271 1330 1328 σχεδιάζεται,
1366 1276 1434 1317 καὶ
1454 1279 1574 1331 τιμῆς

105 1339 336 1397 ὖπερτᾶτης
361 1342 426 1384 ἐπὶ
443 1346 608 1391 πολλοῖς
625 1341 763 1391 ἄλλοις
783 1341 907 1398 φέρον
924 1339 1154 1396 ὑπόσχεσιν.
1203 1341 1226 1385 ὃ
1248 1342 1297 1398 δὴ
1319 1344 1384 1384 καὶ
1402 1342 1497 1396 μετ’
1519 1343 1569 1386 οὗ

106 1409 212 1453 πολὺ
229 1407 462 1467 ἀπεπλήρου
474 1414 524 1467 τῇ
538 1411 850 1453 Κωνσταντίνου
870 1409 1180 1468 ἐπιδημήσαντι,
1203 1410 1330 1466 μέγαν
1341 1427 1571 1467 στρατοπε-

106 1475 262 1536 δάρχην
279 1479 412 1534 ἐτίμα,
431 1480 498 1520 καὶ
519 1484 656 1533 τιμαῖς
667 1483 739 1534 τῆς
758 1476 862 1534 ὑπὲρ
882 1476 1030 1522 ἑαυτοῦ
1051 1481 1235 1534 σπουδῆς
1241 1477 1363 1538 χάριν
1380 1479 1567 1536 ἥγαλλεν.

196 1585 251 1622 15.
274 1583 520 1633 ὖπανεζεύγνυ
542 1587 582 1622 Ρ.
713 1588 767 1622 18.
790 1584 926 1633 μέγαν]
951 1585 1007 1629 οἷς
1030 1585 1088 1624 ὅτι
1108 1585 1250 1634 asyam?

100 1687 168 1723 iam
191 1690 262 1723 tum
285 1689 432 1734 quietem
454 1688 566 1724 turbis
589 1691 624 1723 et
646 1688 770 1723 terrori
792 1689 1008 1724 securitatem
1029 1690 1245 1733 successisse,
1270 1701 1397 1736 eosque
1417 1691 1476 1736 qni
1498 1691 1566 1725 illic

99 1743 158 1768 res
178 1733 368 1780 principum
391 1737 567 1777 cumbunt,
590 1740 671 1769 tunc
693 1735 814 1780 plenae
835 1736 998 1770 victoriae
1021 1737 1246 1781 gratulatione
1269 1749 1311 1770 ac
1333 1737 1457 1781 gaudio
1480 1737 1567 1771 frui-

99 1782 174 1821 tus,
208 1791 283 1815 cnm
305 1781 360 1815 hic
380 1781 446 1826 ipsi
468 1781 541 1816 acri
562 1785 633 1815 tam
655 1782 861 1816 formidolosi
891 1786 1003 1816 motus
1030 1782 1243 1817 solicitudine
1265 1786 1482 1826 angerentur.
1527 1786 1566 1816 at

99 1824 283 1871 imperator
313 1831 421 1861 totam
453 1838 628 1861 successus
650 1831 718 1861 tam
742 1828 826 1862 laeti
856 1828 1057 1862 felicitatem
1078 1833 1252 1873 acceptam
1276 1828 1330 1862 dei
1351 1828 1450 1861 matri
1474 1828 1566 1861 refe-

98 1871 237 1905 rendam
258 1871 421 1914 iudicans,
444 1878 608 1918 grateque
629 1873 844 1918 praedicans,
867 1885 917 1916 se,
937 1878 1041 1919 prout
1063 1877 1286 1918 speraverat,
1311 1884 1474 1918 praesens
1496 1884 1565 1918 po-

99 1916 306 1951 tentissimae
326 1923 493 1962 patronae
515 1918 673 1953 auxilium
697 1925 851 1964 experto,
865 1919 917 1953 sic
936 1931 1004 1954 uno
1026 1920 1120 1953 nictu
1143 1918 1233 1953 oculi
1256 1923 1324 1952 tam
1347 1924 1563 1963 arrogantem

97 1959 190 1995 illum
212 1961 430 2007 perduellium
451 1965 576 1998 fastum
600 1965 807 2009 depressum,
829 1966 952 1999 debere
975 1977 1013 1999 se
1035 1965 1169 2010 putavit
1192 1964 1223 1998 ei
1246 1964 1308 1997 soli
1330 1964 1460 2008 gratias
1482 1965 1564 1998 red-

98 2006 192 2041 dere.
238 2007 336 2041 simul
358 2008 462 2052 igitur
481 2009 628 2043 faustum
646 2011 799 2044 nuntium
821 2011 956 2057 accepit
977 2015 1014 2044 et
1037 2009 1192 2051 credidit,
1214 2009 1372 2052 indidem,
1394 2009 1452 2044 ubi
1472 2014 1562 2052 erat,

99 2063 120 2086 e
142 2051 272 2098 palatio
295 2053 436 2098 pedibus
458 2058 563 2088 totam
587 2066 740 2089 emensus
762 2056 850 2090 viam
867 2082 877 2099 ,
898 2068 971 2090 cum
995 2067 1171 2100 procerum
1195 2066 1237 2089 ac
1259 2055 1561 2100 praetorianorum,

98 2109 184 2144 quos
207 2097 300 2132 circa
322 2109 360 2132 se
383 2099 550 2142 habebat,
572 2101 692 2134 ordine
717 2102 894 2146 gradiente
916 2101 1148 2142 multitudine,
1180 2100 1224 2134 ad
1246 2101 1463 2145 Hodegorum
1486 2113 1562 2137 mo·-

96 2143 278 2178 nasterium
300 2145 475 2190 pervenit3
509 2149 545 2179 et
576 2157 689 2180 coram
712 2157 810 2180 sacra
833 2147 978 2191 imagine
1001 2152 1096 2180 stans
1118 2145 1218 2180 solita
1241 2158 1314 2180 eam
1340 2147 1483 2192 primum
1505 2151 1561 2181 est

95 2189 294 2224 adoratione
317 2194 522 2231 veneratus,
555 2202 632 2224 mox
655 2192 806 2236 supplice
839 2204 880 2226 ac
902 2191 1011 2226 teneri
1034 2192 1178 2226 affectus
1201 2192 1334 2226 indiciis
1357 2193 1456 2237 plena
1478 2204 1559 2227 ora-

93 2235 187 2270 tione
202 2236 421 2280 pronuntiata
443 2236 571 2280 gratias
592 2236 636 2270 ad
659 2241 844 2271 extremum
863 2249 924 2283 pro
947 2238 1077 2271 recenti
1098 2237 1264 2272 beneficio
1287 2238 1559 2273 munificentissi-

94 2291 170 2315 mae
191 2281 359 2326 largitrici
390 2293 491 2327 quam
512 2281 625 2327 potuit
645 2282 867 2327 amplissimas
896 2283 1035 2324 retulit,
1071 2283 1306 2318 demississime
1327 2284 1558 2330 prostratione

94 2327 247 2380 corporis
278 2327 369 2372 grati
400 2327 679 2372 significationem
711 2328 901 2374 exprimens
930 2328 1050 2370 animi;
1085 2336 1121 2363 et
1142 2330 1348 2374 subiungens
1379 2331 1471 2376 ipsiu
1518 2341 1557 2364 se

94 2372 325 2418 potissimum,
349 2378 428 2419 post
449 2375 569 2415 deum,
600 2374 698 2408 unius
720 2374 895 2419 imperium
918 2379 954 2408 et
977 2374 1152 2409 ecclesiam
1174 2375 1208 2409 in
1231 2386 1348 2415 manns
1370 2376 1554 2422 deponere,

94 2418 139 2452 ab
160 2418 236 2473 ipsa
256 2419 328 2453 sola
351 2424 543 2464 sperantem
565 2420 699 2464 diguam
721 2420 900 2466 utriusque
920 2420 1196 2466 gubernationem
1218 2426 1468 2467 proventuram.
1513 2433 1555 2455 ea

92 2464 205 2498 verbis
228 2466 398 2510 conceptis
420 2465 671 2511 religiosissima
702 2465 901 2501 demissione
934 2467 1108 2512 profatus,
1137 2467 1330 2513 iterataque
1361 2469 1406 2502 ad
1437 2470 1554 2502 extre-

92 2519 181 2543 mum
212 2509 485 2545 devinctissimae
517 2512 553 2546 in
584 2523 703 2546 aevum
731 2523 829 2546 omne
855 2518 926 2547 tam
957 2511 1096 2556 insignis
1129 2512 1226 2547 huius
1255 2513 1376 2548 datr-ici
1406 2512 1552 2547 muneris

91 2555 303 2600 professione
323 2557 517 2599 voluntatis,
534 2568 723 2597 conscenso
745 2569 832 2603 equo
854 2558 891 2593 in
913 2557 1074 2604 palatium
1095 2558 1208 2593 rediit.
1254 2558 1553 2604 protovestiaritae

92 2610 174 2634 vero
196 2600 342 2646 diploma
361 2603 618 2646 gratulatorium
641 2604 801 2649 expedit,
822 2605 878 2639 cui
900 2603 1135 2650 praecellentis
1165 2604 1347 2650 cuiuspiam
1371 2615 1437 2650 quo
1459 2606 1553 2637 esset

92 2655 168 2679 eum
198 2657 302 2692 supra
330 2647 508 2694 plerosque
541 2649 627 2684 alios
659 2654 840 2684 evecturus
872 2649 1122 2695 promissionem
1150 2650 1292 2685 inseruit
1315 2650 1483 2692 muneris,
1516 2649 1552 2682 in

91 2700 164 2724 rc-
186 2691 278 2726 haud
298 2693 404 2728 multo
427 2699 507 2740 post
521 2694 717 2730 deductam:
739 2707 816 2730 nam
832 2695 1027 2730 advenienti
1048 2695 1081 2728 ei
1098 2695 1422 2741 Constantinopolim
1439 2693 1554 2738 magni

91 2737 390 2782 stratopedarchae
409 2739 607 2785 dignitatem
627 2741 791 2785 contulit,
823 2740 1012 2777 honorariis
1034 2740 1175 2778 adiectis
1195 2742 1230 2776 in
1252 2739 1552 2776 remunerationem

91 2782 297 2826 praestantis
318 2785 458 2820 exhibiti
479 2796 562 2832 erga
583 2797 622 2821 se
642 2787 755 2822 studii.
