1858 3126
392 140 470 183 DE
497 134 829 182 ANDRONICO
857 129 1240 176 PALAEOLOGO
1264 130 1310 172 L.
1337 128 1411 172 IV.
1555 127 1653 173 299

190 257 273 314 μὴν
306 256 442 314 ἐκείνῳ
468 251 619 308 ἤθελεν
654 249 889 306 ἀνορθοῦν,
928 246 1053 289 ἐκεῖνο
1085 243 1228 294 διδοὺς
1258 241 1282 287 ὃ
1312 243 1380 286 καὶ
1409 239 1656 298 ὠργισμένος

190 329 495 382 προσαφῃρεῒτο
510 355 523 374 ,
558 319 633 375 τὴν
665 317 881 373 εὐμένειαν.
951 314 1150 371 ἀρχιερεῖς
1181 312 1249 366 δέ,
1278 312 1385 367 πλὴν
1416 315 1492 354 τοῦ
1519 313 1653 354 Φιλα-
1677 317 1708 352 C

194 394 381 451 δελφείας
412 393 479 434 καὶ
504 393 579 432 τοῦ
607 385 826 443 Σμύρνης,
861 383 936 428 οὐκ
952 381 1047 427 οἶδα
1069 385 1104 426 εἷ
1133 383 1201 425 καὶ
1218 382 1358 438 τρίτου
1381 378 1547 436 ἑτέρου,
1576 383 1660 433 βα-

193 463 335 512 σιλέως
351 458 522 508 λύοντος
536 457 612 513 τὴν
629 456 752 513 ὀργὴν
771 455 835 497 ἐπὶ
854 457 928 508 τῆς
949 452 1098 502 οἲκείας
1116 450 1272 507 ἔκρινον
1295 448 1395 504 ἔχειν
1417 450 1566 491 ἐκεῖνον
1596 465 1659 491 τι-
1681 457 1710 492 Ρ
1734 459 1801 493 206

160 536 298 587 5μῆς,
334 527 382 573 τό
405 546 447 572 τε
468 530 625 570 δίκαιον
645 520 969 578 δυσωπούμενοι,
1008 522 1076 564 καὶ
1098 519 1248 576 ἀνδρὸς
1272 517 1389 568 ὄντος
1408 518 1558 560 ἐκείνου
1583 517 1660 572 τὴν

193 598 342 658 ἀρετὴν
374 597 533 641 καὶτὸν
566 593 686 651 λόγον
713 593 789 648 οὐχ
817 590 966 647 ἣκιστα
997 590 1140 632 ἱκανοῦ
1169 589 1237 631 καὶ
1257 584 1480 644 χρειώδους
1500 587 1565 628 ἐπὶ
1585 590 1661 640 τῆς

193 667 407 723 ἐκκλησίας
435 665 490 708 τὰ
524 664 719 721 μέγιστα·
762 661 869 716 μηδὲ
894 659 973 716 γὰρ
995 658 1101 708 ὅλως
1130 659 1296 713 ἰσχῦσαι
1315 655 1370 699 τὰ
1389 654 1484 698 κατ’
1510 655 1660 697 ἐκείνου

194 736 261 780 ἐπ’
288 735 542 779 Ἀθανασίου
568 734 921 788 πατριαρχοῦντος
951 726 1213 783 κεκινημένα,
1262 724 1358 768 ἀλλ’
1399 722 1661 780 ἧμιτέλεστον

194 811 328 860 μεῖναι
353 804 430 860 τὴν
458 803 588 860 κρίσιν
617 801 687 845 διὰ
714 801 789 855 τὴν
808 803 892 843 τῶν
909 796 1128 855 ἀρχιερέων
1150 796 1214 838 ἐπὶ
1235 801 1323 844 τοῖς
1349 790 1578 850 ἇνισχύρως
1601 810 1664 835 κι-

141 881 185 916 10
195 873 403 928 νουμένοις
434 867 810 929 ἀμφιγνωμόνησιν.
879 868 947 910 καὶ
976 866 1017 909 οἱ
1057 865 1133 920 μέν
1172 862 1305 913 οὕτως
1344 863 1549 906 ἐδικαίουν
1588 861 1660 905 τὸν
1682 864 1712 899 Β

195 941 342 999 ἄνδρα,
360 938 631 996 ,πατριάρχης
647 939 692 982 δὲ
713 939 782 981 καὶ
802 934 823 980 ὅ
842 935 1143 992 Φιλαδελφείας
1154 931 1199 991 (ὃ
1216 932 1296 987 γὰρ
1318 932 1460 989 τρίτος
1478 929 1499 974 ὅ
1517 928 1662 987 Σμύρ-

195 1028 268 1067 νης
291 1008 511 1066 ἐγκλήματι
527 1005 821 1056 καθοσιώσεως
839 1003 1042 1059 ὖπαχθεὶς
1071 1000 1127 1053 ὦς
1152 999 1376 1057 εὐλογήσας
1402 1000 1474 1044 τὸν
1502 996 1664 1043 Μαλά-

195 1097 271 1136 κην
293 1106 346 1112 -
369 1076 579 1133 Μαλάκης
607 1076 650 1120 δ’
674 1071 724 1132 ἦν
745 1073 767 1119 ὅ
789 1076 855 1118 ἐπὶ
883 1078 960 1117 τοῦ
985 1074 1346 1128 Φιλανθρωπηνοῦ
1372 1068 1448 1125 τὴν
1466 1065 1663 1126 Σμύρνην

196 1149 332 1207 ἐκείνῳ
351 1147 553 1202 κατέχων,
589 1145 635 1196 ὃς
654 1145 706 1200 δὴ
730 1146 798 1188 καὶ
816 1141 1042 1201 πεφόνευτο
1065 1140 1239 1196 ὕστερον
1259 1167 1308 1172 -
1341 1135 1564 1181 ἐκινδύνευε
1595 1139 1664 1180 καὶ

142 1227 185 1264 15
195 1217 320 1275 ἀργὸς
338 1212 387 1272 ἦν
397 1215 422 1273 )
434 1216 535 1266 τέως
551 1214 680 1272 ἄμφω
699 1211 956 1270 πατριάρχης
974 1228 1018 1254 τε
1035 1212 1103 1254 καὶ
1122 1208 1144 1253 ὁ
1168 1208 1467 1264 Φιλαδελφείας
1487 1206 1664 1250 ἀντέτει-

196 1303 294 1338 νον,
324 1287 392 1328 καὶ
413 1285 454 1327 ἕν
479 1302 519 1327 τι
554 1289 637 1327 τῶν
666 1281 880 1326 ἀδυνάτων
909 1279 1015 1336 εἶχον
1043 1279 1116 1323 τὸν
1140 1275 1331 1333 Ἰωάννην
1353 1276 1657 1320 ἀποκαθιστᾶν.
1685 1277 1715 1312 C

197 1353 298 1398 ὅθεν
319 1356 387 1397 καὶ
404 1352 558 1408 μεταξὺ
579 1350 738 1396 τούτων
765 1351 934 1407 μεγίστη
956 1348 1178 1406 φιλονεικία
1197 1346 1354 1403 ἤρξατο
1384 1342 1663 1403 ἀναφύεσθαι,

197 1421 302 1466 ὥστε
319 1424 387 1466 καὶ
405 1419 656 1479 α’πειρηκότα
675 1420 748 1464 τὸν
780 1417 1038 1475 πατριάρχην
1068 1417 1337 1472 ἀποχωρῆσαι
1364 1416 1431 1457 καὶ
1459 1412 1582 1456 πάλιν
1612 1416 1668 1463 εἷς

197 1491 272 1546 τὴν
293 1496 368 1547 τῆς
387 1492 750 1548 Παμμακαρίστου
776 1488 909 1542 μονὴν
927 1487 1000 1531 τὸν
1015 1490 1091 1541 τῆς
1108 1482 1285 1530 συνόδου
1305 1482 1427 1539 ὄχλον
1446 1484 1503 1533 εἷς
1524 1486 1664 1526 τοῦτο.

197 1691 280 1734 luit,
302 1691 393 1726 ultro
414 1691 449 1726 ei
471 1690 659 1726 concedens
684 1689 775 1735 quod
798 1689 906 1723 iratus
930 1687 1143 1728 abstulerat,
1170 1696 1265 1720 snam
1288 1684 1448 1719 videlicet
1468 1683 1667 1719 benevolam

196 1737 351 1782 gratiam.
398 1749 499 1783 porro
530 1736 702 1771 antistites
735 1735 906 1781 (exceptis
926 1731 1238 1778 Philadelphiensi‚
1272 1730 1470 1776 Smyrnensi
1503 1734 1540 1764 et
1562 1729 1666 1763 tertio

196 1785 287 1818 forte
309 1782 453 1828 quodam
475 1783 562 1828 alio)
594 1782 677 1816 nihil
706 1790 831 1816 causae
860 1781 1030 1826 putabant
1052 1789 1232 1825 superesse
1255 1778 1434 1823 quominus
1455 1775 1664 1821 Ephesiuus,

196 1829 415 1863 reconciliato
437 1829 505 1863 iam
526 1828 592 1874 ipsi
612 1830 787 1873 Augusto,
810 1827 965 1872 protinus
986 1827 1146 1860 honorem
1169 1824 1328 1859 amissum
1350 1824 1418 1858 rite
1443 1834 1485 1857 ac
1506 1822 1581 1856 inre
1603 1832 1665 1855 suo

197 1879 395 1911 resumeret.
439 1875 484 1909 ad
507 1875 599 1920 quod
621 1885 698 1908 cum
720 1875 894 1919 aequitate
924 1873 1003 1918 ipsa
1024 1872 1076 1906 rei
1097 1871 1321 1906 movebantur
1334 1894 1345 1912 ,
1375 1874 1448 1903 tum
1479 1867 1543 1901 viri
1566 1878 1666 1901 reve-

198 1919 330 1963 rentia,
351 1920 479 1955 virtute
508 1932 549 1954 ac
571 1920 724 1954 doctrina
743 1920 905 1964 insignis,
942 1918 1154 1963 maximeque
1184 1916 1277 1950 utilis
1300 1915 1345 1949 iis
1366 1914 1502 1948 dotibus
1525 1912 1571 1947 ad
1592 1924 1663 1956 res,

199 1967 237 1998 ut
257 1968 328 1998 tum
350 1968 467 2009 erant,
501 1965 667 2000 ecclesiae
700 1966 947 2012 componendas
977 1965 1036 1998 vel
1066 1962 1295 1998 stabiliendas.
1340 1971 1452 2005 neque
1475 1959 1563 1993 enim
1584 1964 1669 1994 rata-

200 2021 276 2044 esse
307 2015 368 2044 aut
397 2011 528 2045 omnino
562 2011 698 2053 valere,
727 2023 816 2056 quae
839 2010 1023 2046 Athanasio
1045 2008 1311 2055 patriarchatum
1334 2010 1475 2051 gerente
1497 2006 1664 2039 adversus

200 2067 275 2090 eum
303 2056 450 2090 fuissent
479 2059 591 2098 mota,
621 2057 683 2090 sed
713 2057 947 2101 imperfectum
977 2060 1014 2090 et
1043 2055 1150 2089 dilata
1182 2052 1350 2087 sententia
1380 2051 1533 2098 pendens
1552 2051 1664 2086 adhuc

199 2113 337 2136 manere
357 2102 531 2144 iudicium,
553 2102 682 2136 idcirco
705 2105 797 2147 quod
819 2102 1008 2136 antistitum
1030 2099 1220 2144 suffragia,
1252 2099 1296 2132 ob
1319 2098 1484 2133 invalidas
1508 2097 1663 2132 obiecto-

198 2158 274 2182 rum
294 2148 362 2193 ipsi
385 2148 556 2182 criminum
578 2147 799 2192 probationes
819 2148 854 2182 in
875 2148 1008 2182 incerto
1030 2144 1260 2189 haerentium,
1281 2144 1373 2179 haud
1395 2155 1551 2190 umquam
1573 2143 1662 2188 legi-

198 2194 278 2228 timo
310 2205 448 2228 numero
478 2194 522 2228 ad
555 2194 628 2228 eius
660 2193 907 2228 damnationem
938 2191 1199 2227 concurrissent.
1244 2195 1350 2236 atque
1378 2190 1415 2225 hi
1445 2190 1580 2236 quidem
1611 2189 1663 2224 sic

197 2240 407 2285 Ephesinum
428 2240 518 2274 omni
543 2240 682 2274 crimine
702 2239 864 2282 liberum,
897 2243 934 2274 et
963 2239 1028 2272 hoc
1047 2237 1123 2283 ipso
1145 2236 1390 2271 restituendum
1412 2236 1486 2271 sedi
1506 2247 1590 2270 suae
1612 2236 1664 2269 vi-

198 2285 275 2320 deri
298 2286 423 2320 debere
445 2286 703 2321 contendebant.
749 2290 787 2320 at
817 2284 1014 2330 patriarcha
1047 2288 1084 2317 et
1107 2282 1414 2328 Philadelphiensis
1445 2282 1665 2317 vehementer

198 2331 421 2367 obsistebant.
469 2336 546 2367 erat
568 2337 605 2366 et
625 2332 748 2366 tertius
765 2331 885 2366 Ioanni
907 2329 1096 2366 contrarius
1117 2329 1352 2374 smyrnensis:
1375 2328 1436 2364 sed
1458 2340 1579 2374 parum
1601 2339 1665 2373 po-

198 2381 303 2420 terat,
325 2378 402 2424 ipse
423 2378 613 2413 sacerdotio
635 2389 819 2423 suspensus
840 2383 878 2413 et
895 2378 1009 2412 laesae
1031 2375 1230 2418 maiestati&
1242 2375 1367 2410 citatus
1388 2387 1492 2416 reus,
1514 2386 1557 2410 ac
1579 2385 1665 2408 non—

158 2431 162 2434 '
199 2423 276 2457 dum
298 2429 444 2469 purgato
468 2424 607 2460 crimine
630 2424 839 2470 periclitans.
885 2422 1070 2458 accersitus
1087 2425 1200 2456 antem
1221 2422 1338 2456 fuerat
1358 2420 1598 2467 perduellionis
1620 2420 1665 2454 ob

197 2467 403 2522 impertitum
427 2471 659 2506 ecclesiastica
687 2470 919 2505 benedictione
941 2469 1109 2504 Malacam
1131 2467 1296 2513 quendam
1318 2467 1518 2514 participem
1541 2470 1578 2501 et
1600 2465 1666 2499 mi-

198 2519 340 2549 mstrum
361 2517 558 2552 rebellionis
579 2516 874 2563 Philanthropeni,
904 2515 1000 2550 cuius
1030 2513 1164 2548 nomine
1186 2514 1364 2559 Smyrnam
1385 2517 1587 2559 occupatam
1610 2516 1666 2546 te-

198 2565 342 2605 nuerat,
375 2567 495 2607 postea
525 2563 738 2598 interfectus.
784 2561 958 2608 praecipui
992 2572 1075 2605 ergo
1109 2564 1148 2594 et
1177 2559 1386 2595 efficaciores
1411 2562 1666 2605 oppugnatores

199 2605 365 2650 Ephesini
393 2612 490 2644 erant
521 2609 716 2654 patriarcha
744 2611 781 2643 et
801 2606 1114 2654 Philadelphiensis.
1159 2605 1197 2640 hi
1228 2605 1361 2641 omnino
1391 2606 1567 2651 negabant
1589 2602 1665 2637 fieri

199 2661 301 2695 posse
322 2656 363 2687 ut
383 2653 415 2688 is
436 2660 660 2700 reponeretur
690 2655 726 2690 in
747 2655 881 2689 throno.
925 2653 1198 2706 ardescebatque
1218 2652 1377 2687 maiorem
1398 2651 1434 2686 in
1456 2650 1590 2685 modum
1611 2649 1665 2683 in·-

201 2700 255 2729 ter
284 2697 345 2732 hos
377 2699 530 2746 aliosque
562 2713 604 2736 ea
625 2701 670 2735 de
690 2712 731 2735 re
754 2700 947 2743 contentio,
980 2699 1067 2734 adeo
1096 2698 1230 2744 qmden
1255 2702 1296 2733 ut
1322 2699 1473 2733 offensus
1494 2695 1606 2739 iurgio
1627 2699 1664 2728 et

200 2745 377 2796 pertaesus
398 2747 609 2790 synodalium
636 2747 787 2782 rixarum
816 2747 939 2781 iterum
963 2744 1160 2791 patriarcha
1181 2744 1357 2779 secederet
1376 2745 1414 2777 in
1435 2741 1665 2777 Pammacari-
1726 2780 1733 2785 ,

201 2791 247 2821 sti
271 2791 526 2834 monterium,
549 2792 757 2839 imperatore
779 2793 909 2828 mollius
940 2795 1066 2837 agente
1086 2801 1150 2836 pro
1172 2791 1318 2833 Ioanne,
1346 2793 1437 2825 metu
1470 2786 1663 2823 offendendi
