1858 3126
287 135 385 187 606
703 133 939 176 GEORGII
971 134 1321 181 PACHYMER-IS
1391 153 1394 155 “

285 246 637 304 διαπραξαμένους
663 244 800 290 ἔπειτα
826 246 1034 292 ἀποπλεῖν.
1105 246 1162 297 ὥς
1187 253 1286 304 γοῦν
1318 250 1563 307 προσέσχον,
1597 248 1735 308 μάχην

284 315 560 372 συστήσαντες
578 316 622 358 τὸ
640 317 714 370 μὲν
735 314 929 372 ἐμπόριον
945 321 1163 372 πυρπολεῖν
1175 319 1432 374 ἐπιχειροῦσι,
1454 324 1535 375 πῦρ
1555 319 1599 362 δ’
1613 319 1734 363 ἐναύ-

285 402 430 435 σαντες
458 386 530 428 καί
557 402 648 427 τινα
675 389 758 428 τῶν
786 390 895 440 νηῶν
926 386 1173 442 ε’φορμῶσαν
1194 391 1251 444 τῷ
1269 387 1396 439 λιμένι
1413 387 1733 443 καταφλέξαντες

283 455 333 497 τὸ
359 454 504 508 μέρος,
542 453 659 496 οὐδὲν
681 454 802 497 πλέον
821 454 991 508 ἤνυσαν.
1062 453 1145 497 εἶτα
1167 456 1238 497 καί
1256 473 1345 498 τινα
1363 460 1446 499 τῶν
1467 457 1581 499 ῗδίων
1597 455 1732 512 εὐγενῆ

282 521 480 579 γεννάδαν
509 521 730 575 ἀποβαλεῖν
753 523 856 565 κατὰ
878 520 1075 577 πόλεμον,
1111 525 1315 579 πληγῆναί
1329 541 1371 567 τε
1389 525 1456 566 καὶ
1475 523 1547 567 τὸν
1565 525 1764 581 Movet-5

234 605 265 640 Β
287 609 384 635 σκον
405 591 635 646 ἀμηραλῆν.
705 589 761 641 ὥς
781 593 825 633 ὁέ
844 596 901 649 τῷ
922 591 1033 634 ἄστει
1055 592 1279 647 ἐπεχείρουν
1290 624 1303 644 ,
1339 590 1466 648 μοῖρά
1484 609 1546 642 τις
1562 597 1643 635 τῶν
1658 609 1736 635 πο-

286 661 435 714 λεμίων
465 666 661 715 φανεῖσα,
703 658 832 702 πολύν
861 677 903 702 τε
929 659 1151 714 στήσαντες
1178 660 1250 703 τὸν
1277 660 1485 715 κονιορτόν
1514 659 1735 704 κάντεῦθεν

285 727 476 780 δόξαντες
497 726 595 770 εἶναι
614 727 661 770 τὸ
681 726 846 780 σύμπαν
865 732 938 784 τῆς
958 733 1175 784 στρατιᾶς,
1213 731 1364 772 δειλίαν
1384 726 1632 783 ἐμβάλλουσι
1649 746 1735 783 μα-

283 797 470 852 χομένοις
496 796 539 838 ἐκ
566 800 640 838 τοῦ
673 798 876 852 ἐξαίφνης.
944 799 1010 839 καὶ
1038 797 1105 839 διὰ
1139 802 1296 850 ταῦτα,
1335 797 1407 840 οὐκ
1432 797 1546 853 ὀλίγα
1565 799 1630 840 καὶ
1653 801 1734 840 τῶν

280 863 478 923 λαφύρων
508 866 646 907 ἐκεῖνοι
676 863 870 919 λαβόντες
891 867 957 908 καὶ
978 863 1167 923 πρύμναν
1186 864 1478 923 κρουσάμενοι,
1509 863 1731 910 ἀπελύοντο
1745 869 1789 904 10

281 934 385 992 πρὸς
407 933 458 976 τὰ
482 933 565 975 ἴδια
583 932 686 988 ἤθη.

236 1012 269 1047 C
426 1002 504 1047 21.
574 1001 776 1051 Βασιλεὺς
803 1001 847 1044 δὲ
874 1003 940 1044 καὶ
969 996 1094 1052 αὖθις
1120 1002 1287 1056 πέμπων
1309 1003 1446 1057 ἐπείρα
1464 1000 1556 1057 μετ’
1577 999 1738 1058 εῗρῆνης

283 1075 343 1130 τῷ
369 1075 508 1124 λαβεῖν
536 1069 730 1125 χρήματα
759 1069 1095 1113 ἀπαλλάττεσθαι
1135 1073 1300 1115 πείθειν.
1370 1071 1467 1114 ἀλλ’
1495 1070 1569 1114 οὖκ
1599 1069 1735 1113 ἔπειθε

284 1137 697 1194 διαπρεσβευόμενος·
733 1138 830 1188 τοὺς
853 1139 930 1195 γὰρ
954 1139 1104 1188 αὐτοὺς
1129 1139 1352 1192 ἀντέπεμπε
1367 1136 1644 1196 Ῥομοφόρτος
1660 1138 1734 1194 τὴν

284 1207 446 1264 εἷρήνην
479 1207 755 1264 ἀπεροῦντας,
793 1209 827 1250 εἰ
854 1207 912 1262 μὴ
944 1207 994 1250 τὰ
1021 1210 1087 1250 καὶ
1114 1208 1165 1250 τὰ
1201 1208 1374 1263 γένοιτο,
1411 1208 1534 1263 λέγων
1559 1205 1662 1263 ἅπερ
1679 1206 1729 1262 δὴ
1746 1214 1788 1250 15

283 1279 350 1320 καὶ
374 1277 628 1332 προείπομεν.
697 1271 804 1331 ἦσαν
824 1277 868 1318 δὲ
886 1277 952 1319 καὶ
971 1277 1155 1331 πρέσβεις
1177 1278 1218 1327 ἐξ
1234 1274 1615 1333 Ὀσφεντισθλάβου
1635 1274 1737 1331 πρὸς

279 1343 571 1402 Ῥομοᾳόρτον,
608 1344 788 1394 σπονδὰς
809 1346 1020 1399 ζητοῦντες
1035 1347 1101 1387 καὶ
1122 1344 1196 1400 τὴν
1215 1345 1395 1402 ἀδελφὴν
1410 1341 1736 1401 Ὀσφεντισθλά-

228 1429 262 1464 Ῑ)
283 1418 388 1468 βου,
427 1413 502 1468 τὴν
534 1417 608 1456 τοῦ
641 1416 780 1465 Τζακᾶ
813 1418 886 1455 τοῦ
918 1413 1192 1468 φονευθέντος
1224 1412 1418 1469 σύζυγον,
1464 1412 1737 1469 ἐγγυωμένους

278 1482 383 1538 πρὸς
409 1480 538 1537 γάμον
573 1483 735 1539 ἐκείνῳ,
774 1480 876 1524 ὥστε
911 1481 1011 1535 ἔχειν
1040 1480 1260 1535 ὁμαιχμίαν
1280 1482 1383 1524 κατὰ
1399 1480 1632 1535 Ῥωμαίων·
1668 1481 1735 1522 καὶ

279 1548 440 1599 τούτοις
471 1547 492 1591 ὃ
520 1547 798 1607 Ῥομοφόρτος
824 1547 1091 1605 συγκάταινος
1121 1546 1184 1605 ἦν.
1253 1555 1335 1593 τῶν
1364 1551 1409 1592 δὲ
1430 1553 1510 1592 ποῦ
1534 1547 1790 1603 βασιλέωςρο

368 1647 402 1682 5.
427 1643 586 1690 γεννάδα
607 1645 647 1682 P.
806 1647 840 1680 6.
864 1642 905 1681 τὸ
931 1642 1023 1681 ἄστυ
1046 1645 1087 1680 P.
1245 1647 1298 1680 10.
1323 1641 1483 1682 ἀπέλυον
1504 1644 1551 1682 τὰ
1573 1643 1671 1692 πρός
1690 1645 1734 1681 P.

373 1694 428 1728 18.
449 1690 673 1738 ἐγγυῶντες.)

279 1775 382 1818 parta
413 1771 606 1817 dispendio,
638 1770 784 1816 patriam
818 1769 912 1804 lucro
945 1773 981 1804 et
1010 1769 1136 1804 honore
1168 1770 1337 1806 auctiores
1358 1772 1564 1817 repeterent.
1608 1768 1738 1805 assensi

280 1818 368 1852 haud
395 1817 562 1852 illibenter
585 1817 772 1862 Callipolim
797 1815 911 1850 infesti
936 1816 1098 1858 tendunt,
1130 1817 1304 1862 primoque
1331 1817 1459 1862 impetu
1481 1819 1646 1851 conantur
1667 1826 1738 1849 em—

281 1864 414 1909 porium
438 1863 511 1898 arci
536 1863 719 1908 proximum
741 1861 929 1896 incendere.
977 1874 1017 1896 ao
1039 1861 1173 1896 flamma
1196 1863 1242 1896 illi
1265 1863 1397 1908 quidem
1421 1874 1462 1897 eo
1484 1862 1610 1897 iniecta
1635 1861 1738 1896 etiam

281 1921 403 1944 navem
425 1921 446 1944 e
470 1909 581 1943 multis
603 1920 700 1943 unam
724 1908 760 1942 in
785 1914 885 1954 portu
910 1908 1077 1942 stantibus
1099 1920 1142 1942 ex
1163 1914 1263 1953 parte
1286 1909 1551 1943 combusserunt.
1597 1907 1656 1942 sed
1680 1917 1739 1942 ar-

281 1956 397 1989 dorem
434 1955 614 1990 instantius
645 1954 785 1999 urgendi
818 1953 1034 1998 refrigeravit
1064 1955 1186 1988 caedes
1209 1956 1252 1989 ab
1277 1955 1373 1989 hoste
1403 1954 1583 1988 resistente
1603 1953 1738 1987 interim

280 2003 375 2035 sacta
412 2001 582 2035 cuiusdam
612 2001 702 2035 inter
724 2001 815 2045 ipsos
838 1999 902 2033 viri
926 1999 1024 2033 fortis
1048 2006 1084 2034 et
1106 2001 1213 2044 stirpe
1234 2000 1464 2045 praenobilis,
1497 1999 1617 2034 vulnus
1637 2009 1740 2044 prae·-

282 2052 381 2080 terea
414 2048 563 2081 Murisco
596 2046 761 2080 inflictum
793 2045 949 2080 Amerali.
996 2051 1107 2080 tamen
1131 2046 1254 2080 deinde
1277 2047 1392 2080 urbem
1414 2045 1522 2092 ipsam
1544 2045 1655 2080 adorti
1677 2055 1739 2089 op-

282 2104 435 2138 pugnare
457 2094 570 2127 territi
593 2098 672 2127 sunt
694 2092 768 2126 visa
790 2093 908 2136 procul
931 2092 1019 2124 nube
1041 2092 1186 2137 pulveris
1206 2092 1348 2136 ingenti,
1369 2092 1459 2138 quod
1482 2102 1558 2126 esse
1579 2089 1736 2124 indicium

283 2143 446 2183 putarunt
468 2139 681 2173 adventantis
702 2139 736 2172 in
759 2138 852 2182 ipsos
874 2138 1109 2181 Amogabarioi
1132 2139 1300 2172 exercitus
1321 2137 1482 2172 universi.
1527 2147 1593 2171 non
1613 2138 1688 2169 erat
1701 2134 1735 2168 id

285 2183 418 2227 quidem
435 2196 569 2218 verum:
593 2196 668 2218 nam
693 2185 800 2229 partis
827 2184 1003 2216 dumtaxat
1025 2184 1192 2217 cuiusdam
1218 2184 1385 2218 hostilium
1409 2180 1576 2228 copiarum
1592 2180 1736 2214 redeun-

284 2229 332 2263 tis
365 2229 553 2275 Callipolim
588 2231 687 2264 istum
723 2230 890 2275 pulverem
913 2230 1020 2263 fuisse
1043 2229 1172 2273 signum
1196 2237 1249 2263 est
1271 2235 1390 2275 postea
1421 2232 1634 2272 compertum.
1679 2228 1736 2259 ta-

285 2286 360 2309 men
392 2275 445 2308 hic
475 2287 571 2309 error
603 2275 871 2320 desperationem
899 2275 1115 2319 perpetrandi
1153 2275 1262 2320 coepti
1300 2274 1534 2309 Genuensibus
1567 2269 1735 2306 incutiens

285 2321 415 2354 referre
445 2321 562 2365 pedem
591 2321 723 2366 cofegit,
756 2321 938 2366 spoliisque
970 2332 1037 2354 non
1066 2320 1184 2366 paucis
1212 2321 1290 2355 inde
1315 2320 1436 2354 ablatis
1462 2318 1594 2352 domum
1615 2327 1735 2351 versus

285 2376 418 2400 mrsum
442 2365 618 2402 reflexere.

377 2412 432 2445 21.
479 2414 523 2444 At
546 2411 730 2456 imperator
750 2422 867 2444 rursus
890 2411 1072 2445 tentandos
1099 2411 1142 2444 de
1163 2422 1248 2455 pace
1270 2409 1503 2452 Amogabaros
1524 2412 1642 2451 ratus,
1671 2407 1736 2442 mi-

284 2456 329 2492 sit
359 2456 417 2502 qui
449 2456 498 2489 eis
532 2457 675 2490 suadere
707 2462 909 2490 conarentur
939 2461 978 2490 ut
1011 2461 1151 2501 accepta
1175 2455 1318 2501 pecunia
1343 2456 1527 2497 migrarent
1550 2453 1628 2490 alio.
1673 2453 1735 2488 sed

284 2502 366 2537 nihil
398 2503 585 2547 profectum
620 2507 689 2535 est:
727 2513 801 2534 nam
836 2513 896 2545 per
928 2502 989 2535 hos
1022 2501 1115 2546 ipsos
1148 2502 1278 2545 legatos
1308 2499 1493 2533 renuntiari
1516 2499 1735 2533 Romosortns

282 2548 477 2594 imperatori
501 2547 602 2581 ina-sit
624 2548 752 2581 frustra
775 2547 864 2579 illum
889 2557 1028 2590 sperare
1051 2554 1286 2580 conventuram
1310 2545 1373 2579 sibi
1396 2556 1551 2590 uinquam
1570 2556 1644 2579 cum
1659 2544 1734 2590 ipso

283 2606 418 2640 pacem,
453 2593 515 2628 nisi
546 2592 639 2639 prius
674 2594 757 2626 haee
779 2597 816 2624 et
839 2592 922 2624 haec
946 2592 1086 2625 faceret.
1133 2591 1351 2624 enumerabat
1373 2596 1483 2625 autem
1505 2590 1622 2624 eadem
1645 2601 1736 2635 quae

283 2645 362 2674 ante
384 2640 566 2675 retulimus.
611 2638 754 2672 aderant
775 2642 886 2671 autem
909 2641 945 2670 et
966 2638 1009 2670 ab
1034 2636 1336 2679 Osphentisthlabo
1365 2636 1407 2670 ad
1433 2636 1661 2670 Romofortum
1684 2636 1736 2670 le-

283 2686 378 2730 gati,
411 2686 470 2732 qui
493 2696 568 2719 eum
590 2685 635 2718 ad
659 2683 777 2718 foedus
798 2693 909 2716 secum
933 2687 1052 2716 contra
1083 2683 1250 2716 Romanos
1271 2682 1446 2716 ineundum
1467 2682 1651 2716 invitarent
1672 2682 1736 2715 ob-

283 2731 356 2766 lata
387 2731 422 2766 in
454 2731 627 2775 coniugem
660 2728 950 2774 Osphentisthlabi
985 2727 1133 2762 eiusdem
1166 2738 1301 2768 sorore,
1335 2728 1436 2762 vidua
1468 2727 1605 2762 Tzacae
1628 2737 1736 2772 nuper

284 2777 400 2814 occisi.
447 2777 490 2814 ad
520 2788 608 2823 qnae
637 2775 854 2811 Romofortus
886 2773 987 2809 facile
1015 2773 1194 2809 consensit.
1239 2773 1372 2809 interim
1403 2773 1439 2808 in
1468 2774 1585 2808 urbem
1606 2771 1736 2808 reversi
