1858 3126
238 203 338 249 790
636 199 947 247 OBSERVAT.
975 199 1287 250 PACHYMER.

236 313 459 352 subtractae
478 309 576 349 feria
594 309 763 349 secunda
782 310 975 349 secundae
991 309 1228 350 ieiuniorum
1247 308 1527 361 hebdomadae,
1539 311 1618 350 hoc
1635 318 1694 350 est

237 369 300 408 die
319 367 524 406 Februarii
542 366 691 406 decima
709 373 834 416 sexta,
852 372 900 405 ut
919 380 958 419 p.
976 369 1059 410 377
1074 381 1117 410 v,
1136 370 1192 409 20
1209 367 1405 417 refertur5
1433 367 1694 419 significatur—

239 437 314 475 que
333 424 478 463 ibidem
497 436 611 462 curas
628 423 831 462 universas
847 423 1094 475 imperatoris
1112 423 1163 461 ad
1186 422 1415 471 curandam,
1444 423 1539 462 dum
1558 437 1695 475 aegro-

241 481 359 528 tavit,
390 486 430 518 et
450 486 660 532 postquam
678 481 760 518 sato
778 480 915 519 functa
940 485 1017 531 est,
1042 479 1246 531 magnifico
1271 493 1317 517 ac
1335 479 1442 530 regio
1461 481 1599 520 funere
1617 479 1695 518 ho-

238 536 459 575 norandam
495 543 661 577 matrem
692 548 772 574 esse
805 549 1027 580 conversa-⁴3,
1093 541 1185 588 post
1213 535 1416 574 Paschales
1447 549 1527 574 non
1555 546 1696 586 magno

238 593 330 632 inde
358 593 565 631 intervallo
595 598 745 631 secutas
780 593 895 631 ferias
932 593 1029 631 aliae
1057 597 1240 644 urgentes
1270 591 1574 631 domesticorum
1602 592 1697 630 affe-

239 656 377 688 ctuum
402 648 669 687 solicitudines
686 648 903 689 Andronici
925 649 1098 687 animum
1130 662 1152 686 a
1183 648 1388 699 cogitando
1411 648 1461 687 de
1483 648 1698 688 Athanasio

239 711 490 754 averterunt,
531 719 625 745 cura
655 705 842 744 nimirum
873 704 1125 744 adornandae
1158 705 1409 756 prosectioins
1436 705 1567 743 Irenes
1605 717 1698 744 suae

239 762 413 813 coniugis
431 761 744 800 Thessalonicam
767 761 993 812 cogitantis,
1022 766 1062 799 et
1086 761 1314 813 nuptiarum
1335 761 1489 800 Ioannis
1515 761 1699 813 despotae

240 819 301 857 sui
330 818 401 856 filii
431 831 522 856 cum
549 818 629 856 filia
654 817 823 857 Chumni
853 818 915 856 sui
944 817 1121 869 primarii
1153 818 1322 856 ministri
1351 817 1700 867 celebrandarum5

242 887 343 926 quae
360 874 485 926 capite
505 874 643 925 quinto
665 879 946 923 memorantur,
975 879 1015 912 et
1035 874 1146 915 facile
1173 873 1254 912 dies
1273 887 1296 912 a
1312 873 1459 916 Pascha
1478 873 1701 925 quindecim

240 931 500 983 expleverint.
558 929 698 968 incidit
725 936 856 968 autem
883 930 951 968 illo
984 943 1086 968 anno
1115 930 1260 969 Pascha
1286 930 1327 968 in
1356 930 1458 969 diem
1481 933 1536 974 29
1558 929 1700 968 Martii.

242 987 379 1026 adulto
395 987 517 1038 igitur
533 986 612 1025 iam
629 985 762 1038 Aprile
778 992 1024 1038 resumptum
1041 987 1223 1024 ecclesiae
1242 986 1439 1038 negotium
1454 992 1533 1036 est;
1553 992 1594 1026 et
1609 986 1701 1025 lon-

241 1057 310 1096 gae
339 1043 427 1081 illae
461 1056 495 1083 c.
528 1046 554 1086 6
580 1042 774 1084 indicatae
801 1042 953 1081 institui
985 1042 1034 1080 ab
1060 1043 1246 1094 episcopis
1277 1043 1577 1082 deliberationes
1609 1054 1701 1081 coo-

241 1106 334 1152 ptae
366 1099 469 1137 circa
501 1099 943 1140 excommunicationem
968 1112 989 1136 a
1010 1099 1152 1137 Ioanne
1171 1101 1307 1137 Cosma
1338 1113 1468 1138 coram
1488 1099 1530 1137 in
1551 1112 1593 1137 os
1613 1098 1700 1137 An-

245 1156 409 1194 dronico
429 1155 606 1206 Augusto
636 1156 871 1194 intentatam
884 1169 895 1204 3
924 1154 1065 1206 quibus
1083 1155 1333 1206 absumptum
1354 1155 1500 1193 Maium
1527 1167 1701 1193 mensem

245 1218 286 1253 et
306 1212 463 1250 Iunium
490 1225 572 1252 non
594 1217 739 1252 temere
766 1211 940 1263 prudens
963 1211 1188 1250 aestimator
1206 1225 1255 1249 ex
1274 1211 1449 1250 historici
1468 1211 1601 1251 verbis
1625 1223 1700 1249 au-

244 1268 472 1316 tumaverit,
501 1267 628 1306 donec
649 1280 779 1306 mense
799 1268 918 1317 Iulio,
947 1267 1046 1306 nihil
1066 1268 1114 1306 ab
1127 1268 1172 1306 iis
1195 1268 1268 1306 sibi
1285 1267 1522 1319 sperandum
1539 1266 1702 1306 Andro-

247 1325 358 1367 nicus
382 1324 521 1363 videns
548 1324 599 1362 ad
621 1323 908 1376 exemptionem
933 1324 1107 1375 scrupuli
1132 1337 1247 1375 quem
1271 1324 1352 1362 eius
1370 1324 1500 1363 animo
1514 1324 1702 1363 iniecerat

246 1380 561 1419 molestissimum
588 1381 787 1432 inopinata
816 1380 881 1418 illa
902 1380 1059 1419 Ioannis
1081 1381 1240 1419 Cosmae
1268 1381 1515 1419 comminatio
1540 1393 1701 1419 excom-

246 1437 543 1486 municationis,
572 1449 612 1475 se
633 1443 788 1476 vertere
807 1437 967 1487 statuit,
998 1443 1038 1475 et
1055 1436 1172 1488 longo
1189 1443 1363 1487 tempore
1385 1450 1455 1488 per
1472 1437 1608 1475 missos
1626 1449 1702 1475 va-

246 1493 326 1530 rios
351 1493 541 1530 eblandiri
561 1506 582 1529 a
600 1493 743 1531 loanne
763 1493 846 1544 ipso
868 1498 1031 1531 conatus
1052 1499 1110 1531 est
1129 1493 1418 1532 revocationem
1442 1492 1703 1532 anathematis

247 1548 372 1596 illius3
402 1548 511 1586 cuius
539 1549 698 1586 tandem
716 1549 802 1587 voti
826 1562 984 1600 compos
1007 1555 1065 1587 est
1085 1550 1230 1597 sactus,
1259 1549 1300 1587 in
1321 1555 1496 1600 optatam
1515 1549 1590 1601 ipsi
1608 1561 1701 1586 sen-

110 1607 137 1640 1‘
161 1607 229 1642 572
251 1603 415 1642 tentiam
434 1603 539 1640 edita
557 1604 816 1644 declaratione
834 1605 1069 1647 remissionis
1090 1605 1138 1643 ab
1157 1605 1292 1643 eodem
1311 1606 1542 1656 impetratae
1559 1605 1702 1643 loanne

251 1660 414 1709 Cosma;
435 1672 552 1709 quam
570 1660 805 1710 scripturam
822 1660 1038 1711 imperator
1055 1661 1204 1713 accepit
1219 1661 1315 1699 seria
1334 1662 1400 1699 illa
1417 1665 1527 1699 sexta
1543 1660 1702 1698 eadem-

251 1728 326 1766 que
350 1715 412 1753 die
429 1714 607 1753 vicesima
636 1716 760 1766 prima
781 1716 923 1755 mensis
945 1717 1127 1767 Augusti,
1157 1731 1275 1768 supra
1297 1723 1512 1755 memorata
1536 1717 1703 1768 saepius.

251 1772 358 1810 unde
381 1771 512 1809 triduo
530 1777 637 1822 post,
668 1772 730 1809 die
757 1772 899 1810 mensis
920 1773 1091 1811 eiusdem
1117 1773 1297 1811 vicesima
1313 1773 1429 1811 tertia
1446 1772 1703 1812 Athanasium

251 1828 293 1866 in
324 1827 424 1866 sedis
452 1827 723 1878 patriarchalis
760 1829 942 1867 iteratam
975 1829 1252 1880 possessionem
1281 1829 1496 1881 imperator
1527 1829 1702 1868 induxit.

252 1897 301 1922 en
324 1890 371 1922 ut
392 1883 654 1922 successio-et
679 1889 888 1922 contextus
914 1891 1091 1924 actorum
1119 1885 1222 1926 illius
1249 1886 1341 1924 anni
1362 1886 1541 1924 eumdem
1558 1899 1632 1924 nos
1657 1885 1704 1923 in

251 1940 383 1978 locum
405 1940 641 1992 pedetentim
664 1941 793 1989 ducit,
823 1953 941 1991 quem
962 1941 1100 1993 procul
1128 1941 1235 1991 quasi
1253 1942 1541 1993 signaveramus
1559 1941 1705 1980 indicio

254 1996 331 2034 alte
349 2009 389 2034 se
412 1996 644 2036 ostentantis
666 1996 903 2037 characteris
931 1997 1213 2049 chronologici,
1237 1997 1319 2036 hoc
1341 2005 1399 2037 est
1419 1997 1703 2039 coniunctionis

254 2053 370 2093 seriae
398 2059 532 2091 sextae
559 2066 649 2096 cum
680 2053 743 2091 die
765 2053 927 2104 Augusti
951 2057 1030 2102 213
1063 2067 1164 2104 quae
1187 2055 1410 2093 coniunctio
1441 2068 1531 2093 cum
1557 2067 1704 2092 annum

254 2109 383 2159 exigat
403 2109 511 2160 cyclo
529 2109 619 2147 solis
640 2110 694 2151 25
719 2110 962 2162 insignitum,
992 2110 1117 2160 qualis
1131 2110 1263 2149 nullus
1278 2111 1354 2149 isto
1371 2117 1595 2163 temporum
1615 2116 1703 2148 tra-

254 2168 324 2201 ctu
341 2164 437 2202 alius
457 2170 515 2202 est
535 2165 582 2202 ab
600 2178 703 2203 anno
720 2166 787 2216 qui
807 2166 848 2203 in
868 2179 955 2204 aera
965 2166 1186 2205 Christiana
1204 2173 1436 2206 numeratur
1453 2173 1615 2218 quartus
1633 2180 1703 2204 su-

252 2233 325 2271 pra
342 2221 657 2259 trecentesimum
675 2227 714 2259 et
729 2221 988 2272 millesimum,
1007 2228 1126 2262 restat
1146 2223 1455 2262 demonstratum
1473 2236 1574 2261 anno
1587 2221 1704 2260 Chri-

254 2276 304 2312 sti
325 2275 431 2318 1304
443 2305 453 2323 ‚
484 2276 546 2314 die
566 2280 620 2319 23
639 2277 823 2328 Augusti,
856 2279 1010 2317 desiisse
1028 2278 1339 2331 patriarchatum
1355 2279 1510 2318 Ioannis
1529 2280 1702 2327 Cosmae,

256 2330 516 2369 Athanasium
543 2339 674 2370 autem
691 2335 1142 2386 Constantinopolitanae
1173 2336 1351 2374 ecclesiae
1379 2334 1595 2386 praesidere
1623 2333 1703 2371 ite-

254 2399 343 2425 rum
359 2387 537 2438 coepisse.
566 2389 672 2426 unde
692 2391 941 2440 consequitur
953 2392 1132 2429 [oannem
1145 2393 1323 2430 Cosmam
1343 2389 1552 2428 akalendis
1561 2389 1703 2427 Ianua-

254 2442 322 2480 riis
340 2443 432 2480 anni
455 2443 598 2482 Christi
621 2446 728 2487 1294
745 2445 795 2482 ad
815 2446 916 2484 diem
935 2451 988 2489 23
1006 2447 1170 2498 Augusti
1190 2448 1281 2485 anni
1307 2446 1450 2484 Christi
1473 2445 1596 2494 1804,
1628 2459 1703 2483 an-

254 2499 316 2536 nis
331 2511 497 2546 novem,
526 2503 672 2550 septem
694 2501 891 2542 mensibus
909 2508 948 2545 et
967 2506 1022 2546 22
1045 2509 1247 2554 praeterea
1270 2503 1426 2553 diebus,
1455 2501 1703 2552 patriarcha-

253 2560 342 2596 tum
360 2553 541 2595 tenuisse.

367 2610 448 2653 VII.
503 2610 641 2654 Restat
659 2609 726 2648 hic
747 2611 990 2651 definiendus
1018 2626 1143 2652 annus
1172 2612 1310 2651 eventi·
1321 2611 1503 2652 notabilis
1522 2624 1544 2649 a
1566 2604 1703 2650 nostro

255 2666 442 2705 historico
461 2666 575 2705 relati
596 2666 622 2706 l.
641 2669 666 2708 3
686 2679 718 2710 c,
734 2668 802 2717 24,
831 2668 938 2718 quod
958 2669 1039 2706 sine
1055 2669 1174 2710 dubio
1193 2669 1243 2706 ad
1258 2667 1566 2721 patriarchatum
1585 2668 1703 2706 Ioan-

255 2722 314 2761 nis
336 2724 495 2761 Cosmae
522 2721 588 2760 hic
615 2735 635 2759 a
670 2722 782 2760 nobis
808 2723 1080 2775 chronologica
1106 2726 1257 2764 ratione
1291 2724 1495 2763 definitum
1518 2723 1702 2775 pertinet.

254 2779 374 2816 refert
399 2780 485 2817 loco
509 2778 669 2817 laudato
687 2778 942 2831 Pachymeres
961 2792 1102 2832 pueros
1121 2781 1309 2830 quosdam
1324 2810 1335 2830 ,
1370 2781 1464 2818 dum
1483 2791 1613 2818 mense
1631 2781 1703 2816 Se-

253 2835 424 2886 ptembri
442 2835 555 2874 nidos
579 2834 849 2875 columbarum
867 2837 908 2875 in
924 2835 1241 2876 Catechumeneis
1262 2841 1554 2886 scrutarentur,
1582 2841 1702 2874 testas
