<?xml version="1.0" encoding="UTF-8"?>
<!DOCTYPE html PUBLIC "-//W3C//DTD XHTML 1.0 Transitional//EN"
    "http://www.w3.org/TR/xhtml1/DTD/xhtml1-transitional.dtd">
<html xmlns="http://www.w3.org/1999/xhtml" xml:lang="en" lang="en">
 <head>
  <title>
</title>
<meta http-equiv="Content-Type" content="text/html;charset=utf-8" />
  <meta name='ocr-system' content='tesseract 3.04.00' />
  <meta name='ocr-capabilities' content='ocr_page ocr_carea ocr_par ocr_line ocrx_word'/>
</head>
<body>
  <div class='ocr_page' id='page_1' title='image "./corpusscriptorum18niebuoft_0122.png"; bbox 0 0 1820 3112; ppageno 0'>
   <div class='ocr_carea' id='block_1_1' title="bbox 164 150 1209 197">
    <p class='ocr_par' dir='ltr' id='par_1_1' title="bbox 164 150 1209 197">
     <span class='ocr_line' id='line_1_1' title="bbox 164 150 1209 197; baseline 0 -2"><span class='ocrx_word' id='word_1_1' title='bbox 164 150 258 197; x_wconf 88' lang='lat'><strong>106</strong></span> <span class='ocrx_word' id='word_1_2' title='bbox 581 150 817 195; x_wconf 90' lang='lat' dir='ltr'>GEORGII</span> <span class='ocrx_word' id='word_1_3' title='bbox 854 151 1209 195; x_wconf 85' lang='lat' dir='ltr'>PACHYMERIS</span> 
     </span>
    </p>
   </div>
   <div class='ocr_carea' id='block_1_2' title="bbox 44 262 1690 1286">
    <p class='ocr_par' dir='ltr' id='par_1_2' title="bbox 44 262 1690 1286">
     <span class='ocr_line' id='line_1_2' title="bbox 159 262 1628 324; baseline 0.002 -17"><span class='ocrx_word' id='word_1_4' title='bbox 159 265 228 307; x_wconf 80' lang='grc' dir='ltr'><strong>καὶ</strong></span> <span class='ocrx_word' id='word_1_5' title='bbox 246 263 512 313; x_wconf 75' lang='grc' dir='ltr'><strong><em>Μακεδονίας</em></strong></span> <span class='ocrx_word' id='word_1_6' title='bbox 529 262 854 322; x_wconf 74' lang='grc' dir='ltr'><strong><em>κατῳκημένους,</em></strong></span> <span class='ocrx_word' id='word_1_7' title='bbox 889 264 971 308; x_wconf 75' lang='grc' dir='ltr'><strong>ἐπεὶ</strong></span> <span class='ocrx_word' id='word_1_8' title='bbox 989 266 1407 321; x_wconf 76' lang='grc' dir='ltr'><strong><em>καταδραμουμένους</em></strong></span> <span class='ocrx_word' id='word_1_9' title='bbox 1424 265 1511 324; x_wconf 79' lang='grc' dir='ltr'><strong><em>ᾔδει</em></strong></span> <span class='ocrx_word' id='word_1_10' title='bbox 1531 267 1628 318; x_wconf 76' lang='grc' dir='ltr'><strong><em>τοὺς</em></strong></span> 
     </span>
     <span class='ocr_line' id='line_1_3' title="bbox 162 330 1628 390; baseline 0.002 -15"><span class='ocrx_word' id='word_1_11' title='bbox 162 330 448 383; x_wconf 69' lang='grc' dir='ltr'><strong><em>ἐξελαύνοντας</em></strong></span> <span class='ocrx_word' id='word_1_12' title='bbox 487 331 537 386; x_wconf 76' lang='grc' dir='ltr'><strong><em>ἢν</em></strong></span> <span class='ocrx_word' id='word_1_13' title='bbox 573 330 631 387; x_wconf 78' lang='grc' dir='ltr'><strong><em>μή</em></strong></span> <span class='ocrx_word' id='word_1_14' title='bbox 671 350 734 383; x_wconf 87' lang='grc' dir='ltr'><strong><em>τις</em></strong></span> <span class='ocrx_word' id='word_1_15' title='bbox 768 331 942 385; x_wconf 81' lang='grc' dir='ltr'><strong><em>κωλύοι,</em></strong></span> <span class='ocrx_word' id='word_1_16' title='bbox 982 333 1003 376; x_wconf 75' lang='grc' dir='ltr'>ὃ</span> <span class='ocrx_word' id='word_1_17' title='bbox 1033 333 1082 388; x_wconf 78' lang='grc' dir='ltr'><strong>δὴ</strong></span> <span class='ocrx_word' id='word_1_18' title='bbox 1114 335 1180 375; x_wconf 83' lang='grc' dir='ltr'><strong>καὶ</strong></span> <span class='ocrx_word' id='word_1_19' title='bbox 1207 332 1412 378; x_wconf 77' lang='grc' dir='ltr'><strong><em>ἀδύνατον</em></strong></span> <span class='ocrx_word' id='word_1_20' title='bbox 1439 333 1628 390; x_wconf 75' lang='grc' dir='ltr'><strong>τηνικάδε</strong></span> 
     </span>
     <span class='ocr_line' id='line_1_4' title="bbox 160 402 1628 460; baseline 0.001 -16"><span class='ocrx_word' id='word_1_21' title='bbox 160 402 450 457; x_wconf 85' lang='grc' dir='ltr'><strong><em>κατεφαίνετο,</em></strong></span> <span class='ocrx_word' id='word_1_22' title='bbox 489 408 575 451; x_wconf 79' lang='grc' dir='ltr'><strong><em>τοῖς</em></strong></span> <span class='ocrx_word' id='word_1_23' title='bbox 603 403 726 444; x_wconf 76' lang='grc' dir='ltr'><strong><em>ἐκεῖσε</em></strong></span> <span class='ocrx_word' id='word_1_24' title='bbox 757 403 994 458; x_wconf 77' lang='grc' dir='ltr'><strong><em>φρουρίοις,</em></strong></span> <span class='ocrx_word' id='word_1_25' title='bbox 1035 402 1083 444; x_wconf 79' lang='grc' dir='ltr'><strong><em>οὐ</em></strong></span> <span class='ocrx_word' id='word_1_26' title='bbox 1113 402 1217 445; x_wconf 75' lang='grc' dir='ltr'><strong><em>πολὺ</em></strong></span> <span class='ocrx_word' id='word_1_27' title='bbox 1240 402 1287 445; x_wconf 81' lang='grc' dir='ltr'><strong>τὸ</strong></span> <span class='ocrx_word' id='word_1_28' title='bbox 1310 402 1492 460; x_wconf 76' lang='grc' dir='ltr'><strong><em>ἀσφαλὲς</em></strong></span> <span class='ocrx_word' id='word_1_29' title='bbox 1511 403 1628 458; x_wconf 64' lang='grc' dir='ltr'><strong><em>ἔχου-</em></strong></span> 
     </span>
     <span class='ocr_line' id='line_1_5' title="bbox 161 469 1629 526; baseline 0.002 -14"><span class='ocrx_word' id='word_1_30' title='bbox 161 487 225 512; x_wconf 84' lang='grc' dir='ltr'><strong>σιν</strong></span> <span class='ocrx_word' id='word_1_31' title='bbox 240 503 249 520; x_wconf 95' lang='grc'><strong><em>,</em></strong></span> <span class='ocrx_word' id='word_1_32' title='bbox 287 469 524 512; x_wconf 59' lang='lat' dir='ltr'><strong>{vane-&#39;ulem</strong></span> <span class='ocrx_word' id='word_1_33' title='bbox 593 470 640 513; x_wconf 85' lang='grc' dir='ltr'><strong>τὸ</strong></span> <span class='ocrx_word' id='word_1_34' title='bbox 662 470 709 513; x_wconf 79' lang='grc' dir='ltr'><strong>δέ</strong></span> <span class='ocrx_word' id='word_1_35' title='bbox 727 487 769 526; x_wconf 81' lang='grc' dir='ltr'><strong>γε</strong></span> <span class='ocrx_word' id='word_1_36' title='bbox 790 469 1010 525; x_wconf 83' lang='grc' dir='ltr'><strong><em>Βλαχικόν,</em></strong></span> <span class='ocrx_word' id='word_1_37' title='bbox 1048 470 1069 513; x_wconf 87' lang='grc' dir='ltr'>ὃ</span> <span class='ocrx_word' id='word_1_38' title='bbox 1095 471 1145 525; x_wconf 78' lang='grc' dir='ltr'><strong>δὴ</strong></span> <span class='ocrx_word' id='word_1_39' title='bbox 1166 471 1308 524; x_wconf 77' lang='grc' dir='ltr'><strong><em>σχεδὸν</em></strong></span> <span class='ocrx_word' id='word_1_40' title='bbox 1329 471 1408 514; x_wconf 81' lang='grc' dir='ltr'><strong>ἀπὸ</strong></span> <span class='ocrx_word' id='word_1_41' title='bbox 1429 476 1511 514; x_wconf 84' lang='grc' dir='ltr'><strong><em>τῶν</em></strong></span> <span class='ocrx_word' id='word_1_42' title='bbox 1529 474 1629 523; x_wconf 77' lang='grc' dir='ltr'><strong><em>ἐξω-</em></strong></span> 
     </span>
     <span class='ocr_line' id='line_1_6' title="bbox 159 537 1662 596; baseline 0.001 -16"><span class='ocrx_word' id='word_1_43' title='bbox 159 538 264 595; x_wconf 73' lang='grc' dir='ltr'><strong><em>τέρω</em></strong></span> <span class='ocrx_word' id='word_1_44' title='bbox 284 543 356 592; x_wconf 77' lang='grc' dir='ltr'><strong>τῆς</strong></span> <span class='ocrx_word' id='word_1_45' title='bbox 375 537 529 588; x_wconf 85' lang='grc' dir='ltr'><strong><em>πόλεως</em></strong></span> <span class='ocrx_word' id='word_1_46' title='bbox 551 539 590 588; x_wconf 74' lang='grc' dir='ltr'><strong>ἐς</strong></span> <span class='ocrx_word' id='word_1_47' title='bbox 609 537 762 593; x_wconf 78' lang='grc' dir='ltr'><strong><em>Βιζῦην</em></strong></span> <span class='ocrx_word' id='word_1_48' title='bbox 785 542 851 582; x_wconf 78' lang='grc' dir='ltr'><strong><em>καὶ</em></strong></span> <span class='ocrx_word' id='word_1_49' title='bbox 872 539 1012 595; x_wconf 85' lang='grc' dir='ltr'><strong><em>πόρρω</em></strong></span> <span class='ocrx_word' id='word_1_50' title='bbox 1033 542 1087 589; x_wconf 80' lang='grc' dir='ltr'><strong>εἷς</strong></span> <span class='ocrx_word' id='word_1_51' title='bbox 1109 544 1274 593; x_wconf 74' lang='grc' dir='ltr'><strong><em>πλῆθος</em></strong></span> <span class='ocrx_word' id='word_1_52' title='bbox 1294 539 1480 596; x_wconf 74' lang='grc' dir='ltr'><strong><em>ἀριθμοῦ</em></strong></span> <span class='ocrx_word' id='word_1_53' title='bbox 1498 546 1662 596; x_wconf 63' lang='lat' dir='ltr'><strong>neptis-5</strong></span> 
     </span>
     <span class='ocr_line' id='line_1_7' title="bbox 111 604 1632 664; baseline 0.004 -18"><span class='ocrx_word' id='word_1_54' title='bbox 111 611 141 646; x_wconf 90' lang='lat' dir='ltr'>C</span> <span class='ocrx_word' id='word_1_55' title='bbox 165 624 236 650; x_wconf 92' lang='grc' dir='ltr'><strong>τον</strong></span> <span class='ocrx_word' id='word_1_56' title='bbox 255 604 509 660; x_wconf 73' lang='grc' dir='ltr'><strong><em>ποσούμενον</em></strong></span> <span class='ocrx_word' id='word_1_57' title='bbox 530 608 802 664; x_wconf 78' lang='grc' dir='ltr'><strong><em>παρατέτατο,</em></strong></span> <span class='ocrx_word' id='word_1_58' title='bbox 827 609 949 658; x_wconf 68' lang='grc' dir='ltr'><strong><em>ἔθνος</em></strong></span> <span class='ocrx_word' id='word_1_59' title='bbox 966 611 1211 664; x_wconf 81' lang='grc' dir='ltr'><strong><em>δυσχωρίαις</em></strong></span> <span class='ocrx_word' id='word_1_60' title='bbox 1227 616 1374 664; x_wconf 78' lang='grc' dir='ltr'><strong><em>χαῖρον</em></strong></span> <span class='ocrx_word' id='word_1_61' title='bbox 1391 611 1456 651; x_wconf 75' lang='grc' dir='ltr'><strong>καὶ</strong></span> <span class='ocrx_word' id='word_1_62' title='bbox 1476 606 1632 663; x_wconf 80' lang='grc' dir='ltr'><strong><em>βοσκή-</em></strong></span> 
     </span>
     <span class='ocr_line' id='line_1_8' title="bbox 159 676 1632 732; baseline 0.002 -15"><span class='ocrx_word' id='word_1_63' title='bbox 159 693 262 730; x_wconf 86' lang='grc' dir='ltr'><strong><em>μασι</em></strong></span> <span class='ocrx_word' id='word_1_64' title='bbox 292 676 567 732; x_wconf 75' lang='grc' dir='ltr'><strong><em>προσανὲχον,</em></strong></span> <span class='ocrx_word' id='word_1_65' title='bbox 605 677 653 718; x_wconf 83' lang='grc' dir='ltr'><strong><em>οὐ</em></strong></span> <span class='ocrx_word' id='word_1_66' title='bbox 683 677 763 731; x_wconf 84' lang='grc' dir='ltr'><strong>μὴν</strong></span> <span class='ocrx_word' id='word_1_67' title='bbox 792 678 836 719; x_wconf 75' lang='grc' dir='ltr'><strong>δὲ</strong></span> <span class='ocrx_word' id='word_1_68' title='bbox 874 677 979 720; x_wconf 75' lang='grc' dir='ltr'><strong><em>ἀλλὰ</em></strong></span> <span class='ocrx_word' id='word_1_69' title='bbox 1016 679 1082 719; x_wconf 77' lang='grc' dir='ltr'><strong>καὶ</strong></span> <span class='ocrx_word' id='word_1_70' title='bbox 1111 676 1263 731; x_wconf 75' lang='grc' dir='ltr'><strong><em>μάχαις</em></strong></span> <span class='ocrx_word' id='word_1_71' title='bbox 1293 678 1526 731; x_wconf 73' lang='grc' dir='ltr'><strong><em>εἰθισμένον</em></strong></span> <span class='ocrx_word' id='word_1_72' title='bbox 1557 677 1632 720; x_wconf 57' lang='grc' dir='ltr'><strong>ἇνὲ</strong></span> 
     </span>
     <span class='ocr_line' id='line_1_9' title="bbox 162 743 1630 801; baseline 0.001 -15"><span class='ocrx_word' id='word_1_73' title='bbox 162 746 295 800; x_wconf 80' lang='grc' dir='ltr'><strong><em>δρῶν,</em></strong></span> <span class='ocrx_word' id='word_1_74' title='bbox 333 743 591 787; x_wconf 76' lang='grc' dir='ltr'><strong><em>ὖποηῐευθὲν</em></strong></span> <span class='ocrx_word' id='word_1_75' title='bbox 620 747 675 794; x_wconf 77' lang='grc' dir='ltr'><strong>εἷς</strong></span> <span class='ocrx_word' id='word_1_76' title='bbox 699 745 949 800; x_wconf 81' lang='grc' dir='ltr'><strong><em>αὐτομολίαν</em></strong></span> <span class='ocrx_word' id='word_1_77' title='bbox 974 744 1028 795; x_wconf 82' lang='grc' dir='ltr'><strong>ὥς</strong></span> <span class='ocrx_word' id='word_1_78' title='bbox 1056 753 1142 795; x_wconf 84' lang='grc' dir='ltr'><strong><em>τοῖς</em></strong></span> <span class='ocrx_word' id='word_1_79' title='bbox 1162 744 1420 801; x_wconf 77' lang='grc' dir='ltr'><strong><em>ἕξεληλακόσι</em></strong></span> <span class='ocrx_word' id='word_1_80' title='bbox 1442 748 1509 788; x_wconf 83' lang='grc' dir='ltr'><strong>καὶ</strong></span> <span class='ocrx_word' id='word_1_81' title='bbox 1527 745 1630 789; x_wconf 80' lang='grc' dir='ltr'><strong><em>αὐτὸ</em></strong></span> 
     </span>
     <span class='ocr_line' id='line_1_10' title="bbox 163 812 1634 870; baseline 0.002 -15"><span class='ocrx_word' id='word_1_82' title='bbox 163 812 546 869; x_wconf 81' lang='grc' dir='ltr'><strong><em>προσπεσούμενον,</em></strong></span> <span class='ocrx_word' id='word_1_83' title='bbox 583 817 816 868; x_wconf 78' lang='grc' dir='ltr'><strong><em>μετοικίζειν</em></strong></span> <span class='ocrx_word' id='word_1_84' title='bbox 851 815 919 857; x_wconf 76' lang='grc' dir='ltr'><strong>ἐπ’</strong></span> <span class='ocrx_word' id='word_1_85' title='bbox 955 815 1160 869; x_wconf 80' lang='grc' dir='ltr'><strong><em>ἀνατολῆς</em></strong></span> <span class='ocrx_word' id='word_1_86' title='bbox 1188 815 1288 870; x_wconf 70' lang='grc' dir='ltr'><strong><em>ἔγνω</em></strong></span> <span class='ocrx_word' id='word_1_87' title='bbox 1319 815 1426 858; x_wconf 80' lang='grc' dir='ltr'><strong><em>κατὰ</em></strong></span> <span class='ocrx_word' id='word_1_88' title='bbox 1457 815 1532 869; x_wconf 80' lang='grc' dir='ltr'><strong><em>τὴν</em></strong></span> <span class='ocrx_word' id='word_1_89' title='bbox 1558 818 1634 870; x_wconf 82' lang='grc' dir='ltr'><strong>τῆς</strong></span> 
     </span>
     <span class='ocr_line' id='line_1_11' title="bbox 163 881 1689 938; baseline 0 -14"><span class='ocrx_word' id='word_1_90' title='bbox 163 884 418 934; x_wconf 79' lang='grc' dir='ltr'><strong><em>Βυζαντίδος</em></strong></span> <span class='ocrx_word' id='word_1_91' title='bbox 450 882 738 937; x_wconf 82' lang='grc' dir='ltr'><strong><em>ἀντιπεραίαν,</em></strong></span> <span class='ocrx_word' id='word_1_92' title='bbox 775 883 881 938; x_wconf 76' lang='grc' dir='ltr'><strong><em>πλὴν</em></strong></span> <span class='ocrx_word' id='word_1_93' title='bbox 911 885 976 926; x_wconf 83' lang='grc' dir='ltr'><strong>καὶ</strong></span> <span class='ocrx_word' id='word_1_94' title='bbox 1007 888 1223 926; x_wconf 72' lang='grc' dir='ltr'><strong><em>ταπεινοῦν</em></strong></span> <span class='ocrx_word' id='word_1_95' title='bbox 1256 885 1435 938; x_wconf 81' lang='grc' dir='ltr'><strong><em>ζημίαις,</em></strong></span> <span class='ocrx_word' id='word_1_96' title='bbox 1464 881 1523 938; x_wconf 84' lang='grc' dir='ltr'><strong><em>μή</em></strong></span> <span class='ocrx_word' id='word_1_97' title='bbox 1546 890 1689 933; x_wconf 86' lang='grc' dir='ltr'><strong><em>πως10</em></strong></span> 
     </span>
     <span class='ocr_line' id='line_1_12' title="bbox 165 949 1635 1008; baseline 0 -15"><span class='ocrx_word' id='word_1_98' title='bbox 165 950 250 1006; x_wconf 71' lang='grc' dir='ltr'><strong>ἄρα</strong></span> <span class='ocrx_word' id='word_1_99' title='bbox 279 953 344 993; x_wconf 84' lang='grc' dir='ltr'><strong>καὶ</strong></span> <span class='ocrx_word' id='word_1_100' title='bbox 372 949 667 1007; x_wconf 77' lang='grc' dir='ltr'><strong><em>ὕπερηφανοΐεν</em></strong></span> <span class='ocrx_word' id='word_1_101' title='bbox 694 949 845 1006; x_wconf 76' lang='grc' dir='ltr'><strong><em>πλήθει</em></strong></span> <span class='ocrx_word' id='word_1_102' title='bbox 874 970 915 995; x_wconf 83' lang='grc' dir='ltr'><strong>τε</strong></span> <span class='ocrx_word' id='word_1_103' title='bbox 947 954 1014 994; x_wconf 81' lang='grc' dir='ltr'><strong>καὶ</strong></span> <span class='ocrx_word' id='word_1_104' title='bbox 1037 950 1205 1005; x_wconf 79' lang='grc' dir='ltr'><strong><em>δυνάμει</em></strong></span> <span class='ocrx_word' id='word_1_105' title='bbox 1225 957 1495 1008; x_wconf 75' lang='grc' dir='ltr'><strong><em>θαρροῦντες.</em></strong></span> <span class='ocrx_word' id='word_1_106' title='bbox 1566 953 1635 994; x_wconf 82' lang='grc' dir='ltr'><strong><em>καὶ</em></strong></span> 
     </span>
     <span class='ocr_line' id='line_1_13' title="bbox 166 1018 1630 1078; baseline 0 -17"><span class='ocrx_word' id='word_1_107' title='bbox 166 1018 287 1062; x_wconf 65' lang='grc' dir='ltr'><strong><em>ἔνθεν</em></strong></span> <span class='ocrx_word' id='word_1_108' title='bbox 304 1020 379 1072; x_wconf 72' lang='grc' dir='ltr'><strong>μὲν</strong></span> <span class='ocrx_word' id='word_1_109' title='bbox 401 1021 637 1074; x_wconf 75' lang='grc' dir='ltr'><strong><em>ἕζημιοῦντο</em></strong></span> <span class='ocrx_word' id='word_1_110' title='bbox 659 1020 709 1062; x_wconf 77' lang='grc' dir='ltr'><strong>τὰ</strong></span> <span class='ocrx_word' id='word_1_111' title='bbox 727 1021 897 1076; x_wconf 69' lang='grc' dir='ltr'><strong><em>μέγιστα</em></strong></span> <span class='ocrx_word' id='word_1_112' title='bbox 909 1054 921 1073; x_wconf 99' lang='grc'><strong><em>,</em></strong></span> <span class='ocrx_word' id='word_1_113' title='bbox 959 1021 1076 1063; x_wconf 69' lang='grc' dir='ltr'><strong><em>ἔνθεν</em></strong></span> <span class='ocrx_word' id='word_1_114' title='bbox 1096 1022 1140 1063; x_wconf 73' lang='grc' dir='ltr'><strong>δὲ</strong></span> <span class='ocrx_word' id='word_1_115' title='bbox 1159 1024 1427 1078; x_wconf 81' lang='grc' dir='ltr'><strong><em>μετῳκίζοντο</em></strong></span> <span class='ocrx_word' id='word_1_116' title='bbox 1461 1021 1630 1072; x_wconf 67' lang='lat' dir='ltr'><strong>droant,</strong></span> 
     </span>
     <span class='ocr_line' id='line_1_14' title="bbox 165 1082 1634 1145; baseline 0.001 -14"><span class='ocrx_word' id='word_1_117' title='bbox 165 1087 241 1142; x_wconf 82' lang='grc' dir='ltr'><strong><em>οὐχ</em></strong></span> <span class='ocrx_word' id='word_1_118' title='bbox 274 1082 398 1142; x_wconf 68' lang='grc' dir='ltr'><strong><em>ἧττον</em></strong></span> <span class='ocrx_word' id='word_1_119' title='bbox 430 1091 573 1142; x_wconf 83' lang='grc' dir='ltr'><strong><em>ζημίας</em></strong></span> <span class='ocrx_word' id='word_1_120' title='bbox 602 1089 705 1131; x_wconf 80' lang='grc' dir='ltr'><strong><em>ἀλλὰ</em></strong></span> <span class='ocrx_word' id='word_1_121' title='bbox 735 1091 801 1131; x_wconf 81' lang='grc' dir='ltr'><strong>καὶ</strong></span> <span class='ocrx_word' id='word_1_122' title='bbox 827 1094 986 1142; x_wconf 81' lang='grc' dir='ltr'><strong><em>μᾶλλον</em></strong></span> <span class='ocrx_word' id='word_1_123' title='bbox 1014 1090 1087 1144; x_wconf 78' lang='grc' dir='ltr'><strong><em>τὴν</em></strong></span> <span class='ocrx_word' id='word_1_124' title='bbox 1119 1092 1350 1144; x_wconf 82' lang='grc' dir='ltr'><strong><em>μετοίκησιν</em></strong></span> <span class='ocrx_word' id='word_1_125' title='bbox 1373 1087 1634 1145; x_wconf 80' lang='grc' dir='ltr'><strong><em>λογιζόμενοι.</em></strong></span> 
     </span>
     <span class='ocr_line' id='line_1_15' title="bbox 44 1153 1636 1214; baseline 0.001 -16"><span class='ocrx_word' id='word_1_126' title='bbox 44 1153 74 1187; x_wconf 83' lang='grc' dir='ltr'>Ρ</span> <span class='ocrx_word' id='word_1_127' title='bbox 99 1155 143 1189; x_wconf 81' lang='grc'><strong>68</strong></span> <span class='ocrx_word' id='word_1_128' title='bbox 168 1158 252 1209; x_wconf 82' lang='grc' dir='ltr'><strong>ζῶα</strong></span> <span class='ocrx_word' id='word_1_129' title='bbox 281 1157 359 1214; x_wconf 78' lang='grc' dir='ltr'><strong>γὰρ</strong></span> <span class='ocrx_word' id='word_1_130' title='bbox 391 1157 521 1199; x_wconf 74' lang='grc' dir='ltr'><strong><em>ἐκεῖνα</em></strong></span> <span class='ocrx_word' id='word_1_131' title='bbox 552 1159 619 1199; x_wconf 84' lang='grc' dir='ltr'><strong><em>καὶ</em></strong></span> <span class='ocrx_word' id='word_1_132' title='bbox 640 1162 787 1212; x_wconf 61' lang='grc' dir='ltr'><strong><em>κτῆσις</em></strong></span> <span class='ocrx_word' id='word_1_133' title='bbox 813 1163 926 1200; x_wconf 84' lang='grc' dir='ltr'><strong><em>πᾶσα</em></strong></span> <span class='ocrx_word' id='word_1_134' title='bbox 952 1158 1003 1200; x_wconf 76' lang='grc' dir='ltr'><strong>τὰ</strong></span> <span class='ocrx_word' id='word_1_135' title='bbox 1035 1159 1108 1211; x_wconf 75' lang='grc' dir='ltr'><strong>μὲν</strong></span> <span class='ocrx_word' id='word_1_136' title='bbox 1139 1158 1270 1201; x_wconf 73' lang='grc' dir='ltr'><strong><em>εὕωνα</em></strong></span> <span class='ocrx_word' id='word_1_137' title='bbox 1289 1156 1526 1214; x_wconf 79' lang='grc' dir='ltr'><strong><em>προύκειντο</em></strong></span> <span class='ocrx_word' id='word_1_138' title='bbox 1549 1163 1636 1206; x_wconf 81' lang='grc' dir='ltr'><strong><em>τοῖς</em></strong></span> 
     </span>
     <span class='ocr_line' id='line_1_16' title="bbox 164 1224 1690 1286; baseline -0.001 -18"><span class='ocrx_word' id='word_1_139' title='bbox 164 1230 355 1279; x_wconf 81' lang='grc' dir='ltr'><strong><em>πολλοῖς,</em></strong></span> <span class='ocrx_word' id='word_1_140' title='bbox 396 1226 450 1268; x_wconf 80' lang='grc' dir='ltr'><strong>τὰ</strong></span> <span class='ocrx_word' id='word_1_141' title='bbox 483 1227 527 1268; x_wconf 80' lang='grc' dir='ltr'><strong>δὲ</strong></span> <span class='ocrx_word' id='word_1_142' title='bbox 557 1227 623 1268; x_wconf 81' lang='grc' dir='ltr'><strong>καὶ</strong></span> <span class='ocrx_word' id='word_1_143' title='bbox 656 1226 729 1269; x_wconf 88' lang='grc' dir='ltr'><strong><em>τὸν</em></strong></span> <span class='ocrx_word' id='word_1_144' title='bbox 756 1225 885 1270; x_wconf 83' lang='grc' dir='ltr'><strong><em>τόπον</em></strong></span> <span class='ocrx_word' id='word_1_145' title='bbox 914 1224 1148 1278; x_wconf 79' lang='grc' dir='ltr'><strong><em>ἀλλάξαντα</em></strong></span> <span class='ocrx_word' id='word_1_146' title='bbox 1180 1231 1309 1286; x_wconf 74' lang='grc' dir='ltr'><strong><em>καιρῷ</em></strong></span> <span class='ocrx_word' id='word_1_147' title='bbox 1339 1230 1536 1282; x_wconf 81' lang='grc' dir='ltr'><strong><em>χειμῶνος</em></strong></span> <span class='ocrx_word' id='word_1_148' title='bbox 1567 1226 1634 1268; x_wconf 75' lang='grc' dir='ltr'><strong>καὶ</strong></span> <span class='ocrx_word' id='word_1_149' title='bbox 1646 1229 1690 1264; x_wconf 83' lang='grc'><strong>15</strong></span> 
     </span>
    </p>
   </div>
   <div class='ocr_carea' id='block_1_3' title="bbox 163 1381 1667 2854">
    <p class='ocr_par' dir='ltr' id='par_1_3' title="bbox 163 1381 1667 2854">
     <span class='ocr_line' id='line_1_17' title="bbox 163 1381 1636 1428; baseline -0.001 -12"><span class='ocrx_word' id='word_1_150' title='bbox 163 1381 410 1423; x_wconf 71' lang='lat' dir='ltr'>Macedoniae,</span> <span class='ocrx_word' id='word_1_151' title='bbox 446 1381 603 1428; x_wconf 88' lang='lat' dir='ltr'><strong>quoniam</strong></span> <span class='ocrx_word' id='word_1_152' title='bbox 635 1382 769 1417; x_wconf 75' lang='lat' dir='ltr'><strong>sciebat</strong></span> <span class='ocrx_word' id='word_1_153' title='bbox 794 1383 883 1417; x_wconf 81' lang='lat' dir='ltr'><strong>haud</strong></span> <span class='ocrx_word' id='word_1_154' title='bbox 905 1382 1007 1418; x_wconf 89' lang='lat' dir='ltr'><strong>dubie</strong></span> <span class='ocrx_word' id='word_1_155' title='bbox 1028 1383 1251 1417; x_wconf 78' lang='lat' dir='ltr'><strong>incursandos</strong></span> <span class='ocrx_word' id='word_1_156' title='bbox 1275 1393 1296 1416; x_wconf 79' lang='lat' dir='ltr'><strong>a</strong></span> <span class='ocrx_word' id='word_1_157' title='bbox 1319 1381 1524 1417; x_wconf 77' lang='lat' dir='ltr'><strong>minantibus</strong></span> <span class='ocrx_word' id='word_1_158' title='bbox 1545 1381 1636 1415; x_wconf 86' lang='lat' dir='ltr'><strong>irru-</strong></span> 
     </span>
     <span class='ocr_line' id='line_1_18' title="bbox 167 1427 1636 1475; baseline 0 -14"><span class='ocrx_word' id='word_1_159' title='bbox 167 1429 314 1472; x_wconf 87' lang='lat' dir='ltr'><strong>ptionem</strong></span> <span class='ocrx_word' id='word_1_160' title='bbox 337 1428 372 1461; x_wconf 90' lang='lat' dir='ltr'><strong>in</strong></span> <span class='ocrx_word' id='word_1_161' title='bbox 396 1440 455 1462; x_wconf 88' lang='lat' dir='ltr'><strong>eas</strong></span> <span class='ocrx_word' id='word_1_162' title='bbox 479 1434 595 1474; x_wconf 88' lang='lat' dir='ltr'><strong>partes</strong></span> <span class='ocrx_word' id='word_1_163' title='bbox 619 1429 777 1472; x_wconf 82' lang='lat' dir='ltr'><strong>Scythis,</strong></span> <span class='ocrx_word' id='word_1_164' title='bbox 816 1429 879 1463; x_wconf 89' lang='lat' dir='ltr'><strong>nisi</strong></span> <span class='ocrx_word' id='word_1_165' title='bbox 913 1430 991 1475; x_wconf 89' lang='lat' dir='ltr'><strong>quis</strong></span> <span class='ocrx_word' id='word_1_166' title='bbox 1023 1430 1220 1475; x_wconf 87' lang='lat' dir='ltr'><strong>prohiberet</strong></span> <span class='ocrx_word' id='word_1_167' title='bbox 1251 1428 1508 1462; x_wconf 85' lang='lat' dir='ltr'><strong>intercludendo</strong></span> <span class='ocrx_word' id='word_1_168' title='bbox 1541 1427 1636 1461; x_wconf 83' lang='lat' dir='ltr'><strong>hisce</strong></span> 
     </span>
     <span class='ocr_line' id='line_1_19' title="bbox 165 1473 1635 1520; baseline -0.001 -12"><span class='ocrx_word' id='word_1_169' title='bbox 165 1474 321 1508; x_wconf 86' lang='lat' dir='ltr'><strong>barbaris</strong></span> <span class='ocrx_word' id='word_1_170' title='bbox 353 1475 388 1508; x_wconf 92' lang='lat' dir='ltr'><strong>in</strong></span> <span class='ocrx_word' id='word_1_171' title='bbox 423 1486 481 1508; x_wconf 83' lang='lat' dir='ltr'><strong>eas</strong></span> <span class='ocrx_word' id='word_1_172' title='bbox 514 1475 670 1519; x_wconf 77' lang='lat' dir='ltr'>regiones</span> <span class='ocrx_word' id='word_1_173' title='bbox 705 1476 874 1517; x_wconf 85' lang='lat' dir='ltr'><strong>transitu,</strong></span> <span class='ocrx_word' id='word_1_174' title='bbox 908 1476 1002 1510; x_wconf 90' lang='lat' dir='ltr'><strong>cuius</strong></span> <span class='ocrx_word' id='word_1_175' title='bbox 1033 1475 1081 1508; x_wconf 87' lang='lat' dir='ltr'><strong>rei</strong></span> <span class='ocrx_word' id='word_1_176' title='bbox 1115 1476 1205 1508; x_wconf 88' lang='lat' dir='ltr'><strong>nulla</strong></span> <span class='ocrx_word' id='word_1_177' title='bbox 1228 1480 1308 1508; x_wconf 89' lang='lat' dir='ltr'><strong>tunc</strong></span> <span class='ocrx_word' id='word_1_178' title='bbox 1332 1485 1411 1520; x_wconf 87' lang='lat' dir='ltr'><strong>spes</strong></span> <span class='ocrx_word' id='word_1_179' title='bbox 1433 1473 1635 1518; x_wconf 79' lang='lat' dir='ltr'><strong>apparebat,</strong></span> 
     </span>
     <span class='ocr_line' id='line_1_20' title="bbox 165 1518 1638 1566; baseline -0.001 -12"><span class='ocrx_word' id='word_1_180' title='bbox 165 1532 267 1565; x_wconf 87' lang='lat' dir='ltr'><strong>quam</strong></span> <span class='ocrx_word' id='word_1_181' title='bbox 300 1520 406 1554; x_wconf 88' lang='lat' dir='ltr'><strong>solam</strong></span> <span class='ocrx_word' id='word_1_182' title='bbox 443 1521 486 1554; x_wconf 89' lang='lat' dir='ltr'><strong>iis</strong></span> <span class='ocrx_word' id='word_1_183' title='bbox 518 1521 713 1555; x_wconf 87' lang='lat' dir='ltr'><strong>consulendi</strong></span> <span class='ocrx_word' id='word_1_184' title='bbox 742 1522 905 1566; x_wconf 80' lang='lat' dir='ltr'><strong>reliquam</strong></span> <span class='ocrx_word' id='word_1_185' title='bbox 930 1523 1093 1555; x_wconf 82' lang='lat' dir='ltr'><strong>rationem</strong></span> <span class='ocrx_word' id='word_1_186' title='bbox 1117 1521 1251 1563; x_wconf 83' lang='lat' dir='ltr'><strong>habuit,</strong></span> <span class='ocrx_word' id='word_1_187' title='bbox 1282 1531 1323 1554; x_wconf 89' lang='lat' dir='ltr'><strong>ea</strong></span> <span class='ocrx_word' id='word_1_188' title='bbox 1346 1531 1427 1554; x_wconf 87' lang='lat' dir='ltr'><strong>usus</strong></span> <span class='ocrx_word' id='word_1_189' title='bbox 1451 1524 1523 1562; x_wconf 87' lang='lat' dir='ltr'><strong>est,</strong></span> <span class='ocrx_word' id='word_1_190' title='bbox 1560 1518 1638 1553; x_wconf 90' lang='lat' dir='ltr'><strong>edi-</strong></span> 
     </span>
     <span class='ocr_line' id='line_1_21' title="bbox 165 1567 1638 1612; baseline -0.001 -13"><span class='ocrx_word' id='word_1_191' title='bbox 165 1577 247 1599; x_wconf 90' lang='lat' dir='ltr'><strong>cens</strong></span> <span class='ocrx_word' id='word_1_192' title='bbox 280 1571 319 1600; x_wconf 89' lang='lat' dir='ltr'><strong>ut</strong></span> <span class='ocrx_word' id='word_1_193' title='bbox 352 1567 574 1610; x_wconf 83' lang='lat' dir='ltr'><strong>confugerent</strong></span> <span class='ocrx_word' id='word_1_194' title='bbox 605 1567 639 1600; x_wconf 89' lang='lat' dir='ltr'><strong>in</strong></span> <span class='ocrx_word' id='word_1_195' title='bbox 674 1578 770 1601; x_wconf 84' lang='lat' dir='ltr'><strong>arces</strong></span> <span class='ocrx_word' id='word_1_196' title='bbox 801 1568 932 1601; x_wconf 87' lang='lat' dir='ltr'><strong>illorum</strong></span> <span class='ocrx_word' id='word_1_197' title='bbox 965 1572 1156 1608; x_wconf 78' lang='lat' dir='ltr'><strong>tractuum,</strong></span> <span class='ocrx_word' id='word_1_198' title='bbox 1190 1567 1300 1612; x_wconf 83' lang='lat' dir='ltr'><strong>iisque</strong></span> <span class='ocrx_word' id='word_1_199' title='bbox 1323 1577 1379 1600; x_wconf 78' lang='lat' dir='ltr'><strong>res</strong></span> <span class='ocrx_word' id='word_1_200' title='bbox 1405 1575 1638 1610; x_wconf 74' lang='lat' dir='ltr'><strong>personasque</strong></span> 
     </span>
     <span class='ocr_line' id='line_1_22' title="bbox 165 1609 1667 1657; baseline 0 -13"><span class='ocrx_word' id='word_1_201' title='bbox 165 1612 318 1656; x_wconf 91' lang='lat' dir='ltr'><strong>periculo</strong></span> <span class='ocrx_word' id='word_1_202' title='bbox 352 1612 544 1656; x_wconf 76' lang='lat' dir='ltr'><strong>rapinarum</strong></span> <span class='ocrx_word' id='word_1_203' title='bbox 578 1613 742 1647; x_wconf 83' lang='lat' dir='ltr'><strong>obnoxias</strong></span> <span class='ocrx_word' id='word_1_204' title='bbox 775 1614 1033 1654; x_wconf 81' lang='lat' dir='ltr'><strong>concluderent,</strong></span> <span class='ocrx_word' id='word_1_205' title='bbox 1072 1620 1252 1657; x_wconf 89' lang='lat' dir='ltr'><strong>utcumque</strong></span> <span class='ocrx_word' id='word_1_206' title='bbox 1294 1612 1380 1645; x_wconf 87' lang='lat' dir='ltr'><strong>satis</strong></span> <span class='ocrx_word' id='word_1_207' title='bbox 1415 1616 1516 1645; x_wconf 82' lang='lat' dir='ltr'><strong>norat</strong></span> <span class='ocrx_word' id='word_1_208' title='bbox 1546 1609 1638 1644; x_wconf 84' lang='lat' dir='ltr'><strong>haud</strong></span> <span class='ocrx_word' id='word_1_209' title='bbox 1665 1630 1667 1632; x_wconf 82' lang='grc'><strong>-</strong></span> 
     </span>
     <span class='ocr_line' id='line_1_23' title="bbox 167 1656 1639 1704; baseline 0 -14"><span class='ocrx_word' id='word_1_210' title='bbox 167 1658 251 1692; x_wconf 84' lang='lat' dir='ltr'><strong>adeo</strong></span> <span class='ocrx_word' id='word_1_211' title='bbox 275 1658 402 1691; x_wconf 88' lang='lat' dir='ltr'><strong>munita</strong></span> <span class='ocrx_word' id='word_1_212' title='bbox 426 1662 562 1704; x_wconf 86' lang='lat' dir='ltr'><strong>tamque</strong></span> <span class='ocrx_word' id='word_1_213' title='bbox 584 1659 706 1693; x_wconf 86' lang='lat' dir='ltr'><strong>validis</strong></span> <span class='ocrx_word' id='word_1_214' title='bbox 727 1660 858 1693; x_wconf 84' lang='lat' dir='ltr'><strong>insessa</strong></span> <span class='ocrx_word' id='word_1_215' title='bbox 887 1660 1064 1704; x_wconf 83' lang='lat' dir='ltr'><strong>praesidiis</strong></span> <span class='ocrx_word' id='word_1_216' title='bbox 1091 1660 1231 1692; x_wconf 85' lang='lat' dir='ltr'><strong>castella</strong></span> <span class='ocrx_word' id='word_1_217' title='bbox 1250 1658 1317 1692; x_wconf 87' lang='lat' dir='ltr'><strong>ista</strong></span> <span class='ocrx_word' id='word_1_218' title='bbox 1340 1669 1416 1691; x_wconf 85' lang='lat' dir='ltr'><strong>esse</strong></span> <span class='ocrx_word' id='word_1_219' title='bbox 1438 1660 1478 1690; x_wconf 89' lang='lat' dir='ltr'><strong>ut</strong></span> <span class='ocrx_word' id='word_1_220' title='bbox 1500 1656 1639 1690; x_wconf 85' lang='lat' dir='ltr'><strong>multam</strong></span> 
     </span>
     <span class='ocr_line' id='line_1_24' title="bbox 168 1702 1640 1750; baseline -0.001 -13"><span class='ocrx_word' id='word_1_221' title='bbox 168 1703 214 1738; x_wconf 83' lang='lat' dir='ltr'><strong>iis</strong></span> <span class='ocrx_word' id='word_1_222' title='bbox 245 1704 464 1738; x_wconf 81' lang='lat' dir='ltr'><strong>securitatem</strong></span> <span class='ocrx_word' id='word_1_223' title='bbox 496 1705 712 1750; x_wconf 83' lang='lat' dir='ltr'><strong>sponderent.</strong></span> <span class='ocrx_word' id='word_1_224' title='bbox 759 1706 804 1739; x_wconf 92' lang='lat' dir='ltr'><strong>de</strong></span> <span class='ocrx_word' id='word_1_225' title='bbox 836 1705 973 1739; x_wconf 85' lang='lat' dir='ltr'><strong>Blachis</strong></span> <span class='ocrx_word' id='word_1_226' title='bbox 1005 1706 1123 1739; x_wconf 82' lang='lat' dir='ltr'><strong>eadem</strong></span> <span class='ocrx_word' id='word_1_227' title='bbox 1153 1705 1202 1738; x_wconf 88' lang='lat' dir='ltr'><strong>illi</strong></span> <span class='ocrx_word' id='word_1_228' title='bbox 1234 1703 1370 1738; x_wconf 85' lang='lat' dir='ltr'><strong>occasio</strong></span> <span class='ocrx_word' id='word_1_229' title='bbox 1393 1702 1640 1736; x_wconf 81' lang='lat' dir='ltr'><strong>solicitudinem</strong></span> 
     </span>
     <span class='ocr_line' id='line_1_25' title="bbox 169 1748 1639 1796; baseline -0.002 -12"><span class='ocrx_word' id='word_1_230' title='bbox 169 1749 334 1784; x_wconf 84' lang='lat' dir='ltr'><strong>admovit.</strong></span> <span class='ocrx_word' id='word_1_231' title='bbox 384 1754 460 1784; x_wconf 84' lang='lat' dir='ltr'><strong>erat</strong></span> <span class='ocrx_word' id='word_1_232' title='bbox 481 1750 515 1784; x_wconf 90' lang='lat' dir='ltr'><strong>id</strong></span> <span class='ocrx_word' id='word_1_233' title='bbox 538 1762 645 1795; x_wconf 86' lang='lat' dir='ltr'><strong>genus</strong></span> <span class='ocrx_word' id='word_1_234' title='bbox 668 1751 834 1785; x_wconf 91' lang='lat' dir='ltr'><strong>hominum</strong></span> <span class='ocrx_word' id='word_1_235' title='bbox 857 1763 1001 1796; x_wconf 83' lang='lat' dir='ltr'><strong>vagum,</strong></span> <span class='ocrx_word' id='word_1_236' title='bbox 1024 1751 1164 1785; x_wconf 85' lang='lat' dir='ltr'><strong>incertis</strong></span> <span class='ocrx_word' id='word_1_237' title='bbox 1187 1761 1304 1784; x_wconf 87' lang='lat' dir='ltr'><strong>errans</strong></span> <span class='ocrx_word' id='word_1_238' title='bbox 1328 1749 1486 1790; x_wconf 88' lang='lat' dir='ltr'><strong>sedibus,</strong></span> <span class='ocrx_word' id='word_1_239' title='bbox 1511 1748 1572 1782; x_wconf 85' lang='lat' dir='ltr'><strong>sed</strong></span> <span class='ocrx_word' id='word_1_240' title='bbox 1595 1759 1639 1782; x_wconf 82' lang='lat' dir='ltr'><strong>ea</strong></span> 
     </span>
     <span class='ocr_line' id='line_1_26' title="bbox 169 1793 1639 1843; baseline -0.001 -14"><span class='ocrx_word' id='word_1_241' title='bbox 169 1799 377 1840; x_wconf 78' lang='lat' dir='ltr'><strong>tempestate</strong></span> <span class='ocrx_word' id='word_1_242' title='bbox 399 1796 469 1830; x_wconf 88' lang='lat' dir='ltr'><strong>late</strong></span> <span class='ocrx_word' id='word_1_243' title='bbox 491 1798 601 1831; x_wconf 87' lang='lat' dir='ltr'><strong>fusum</strong></span> <span class='ocrx_word' id='word_1_244' title='bbox 625 1809 686 1843; x_wconf 88' lang='lat' dir='ltr'><strong>per</strong></span> <span class='ocrx_word' id='word_1_245' title='bbox 708 1802 840 1832; x_wconf 87' lang='lat' dir='ltr'><strong>tractus</strong></span> <span class='ocrx_word' id='word_1_246' title='bbox 863 1809 884 1832; x_wconf 88' lang='lat' dir='ltr'><strong>a</strong></span> <span class='ocrx_word' id='word_1_247' title='bbox 907 1797 1078 1831; x_wconf 86' lang='lat' dir='ltr'><strong>suburbiis</strong></span> <span class='ocrx_word' id='word_1_248' title='bbox 1103 1795 1443 1839; x_wconf 78' lang='lat' dir='ltr'><strong>constantinopoleos</strong></span> <span class='ocrx_word' id='word_1_249' title='bbox 1465 1805 1572 1839; x_wconf 85' lang='lat' dir='ltr'><strong>nsque</strong></span> <span class='ocrx_word' id='word_1_250' title='bbox 1593 1793 1639 1828; x_wconf 81' lang='lat' dir='ltr'><strong>ad</strong></span> 
     </span>
     <span class='ocr_line' id='line_1_27' title="bbox 170 1839 1640 1889; baseline -0.002 -13"><span class='ocrx_word' id='word_1_251' title='bbox 170 1841 313 1886; x_wconf 88' lang='lat' dir='ltr'><strong>Bizyam</strong></span> <span class='ocrx_word' id='word_1_252' title='bbox 337 1847 373 1876; x_wconf 85' lang='lat' dir='ltr'><strong>et</strong></span> <span class='ocrx_word' id='word_1_253' title='bbox 395 1843 485 1877; x_wconf 87' lang='lat' dir='ltr'><strong>ultra</strong></span> <span class='ocrx_word' id='word_1_254' title='bbox 509 1843 742 1888; x_wconf 82' lang='lat' dir='ltr'><strong>pertinentes;</strong></span> <span class='ocrx_word' id='word_1_255' title='bbox 767 1855 828 1889; x_wconf 88' lang='lat' dir='ltr'><strong>per</strong></span> <span class='ocrx_word' id='word_1_256' title='bbox 850 1855 938 1889; x_wconf 85' lang='lat' dir='ltr'><strong>quae</strong></span> <span class='ocrx_word' id='word_1_257' title='bbox 961 1843 1036 1877; x_wconf 89' lang='lat' dir='ltr'><strong>loca</strong></span> <span class='ocrx_word' id='word_1_258' title='bbox 1058 1843 1126 1876; x_wconf 90' lang='lat' dir='ltr'><strong>iam</strong></span> <span class='ocrx_word' id='word_1_259' title='bbox 1149 1841 1361 1887; x_wconf 88' lang='lat' dir='ltr'><strong>multiplicati</strong></span> <span class='ocrx_word' id='word_1_260' title='bbox 1385 1839 1640 1885; x_wconf 84' lang='lat' dir='ltr'><strong>supramodum</strong></span> 
     </span>
     <span class='ocr_line' id='line_1_28' title="bbox 171 1885 1640 1934; baseline -0.003 -12"><span class='ocrx_word' id='word_1_261' title='bbox 171 1888 322 1933; x_wconf 85' lang='lat' dir='ltr'><strong>suspecti</strong></span> <span class='ocrx_word' id='word_1_262' title='bbox 354 1888 474 1923; x_wconf 88' lang='lat' dir='ltr'><strong>merito</strong></span> <span class='ocrx_word' id='word_1_263' title='bbox 509 1893 630 1932; x_wconf 83' lang='lat' dir='ltr'><strong>erant,</strong></span> <span class='ocrx_word' id='word_1_264' title='bbox 663 1901 706 1923; x_wconf 89' lang='lat' dir='ltr'><strong>ne</strong></span> <span class='ocrx_word' id='word_1_265' title='bbox 730 1902 806 1924; x_wconf 90' lang='lat' dir='ltr'><strong>mox</strong></span> <span class='ocrx_word' id='word_1_266' title='bbox 829 1890 1011 1934; x_wconf 85' lang='lat' dir='ltr'><strong>irrupturis</strong></span> <span class='ocrx_word' id='word_1_267' title='bbox 1044 1888 1163 1934; x_wconf 89' lang='lat' dir='ltr'><strong>(quod</strong></span> <span class='ocrx_word' id='word_1_268' title='bbox 1196 1888 1467 1933; x_wconf 86' lang='lat' dir='ltr'><strong>expectabatur)</strong></span> <span class='ocrx_word' id='word_1_269' title='bbox 1499 1885 1640 1929; x_wconf 84' lang='lat' dir='ltr'><strong>Scythis</strong></span> 
     </span>
     <span class='ocr_line' id='line_1_29' title="bbox 170 1931 1640 1981; baseline -0.003 -13"><span class='ocrx_word' id='word_1_270' title='bbox 170 1934 261 1968; x_wconf 85' lang='lat' dir='ltr'><strong>vires</strong></span> <span class='ocrx_word' id='word_1_271' title='bbox 292 1935 383 1969; x_wconf 81' lang='lat' dir='ltr'><strong>haud</strong></span> <span class='ocrx_word' id='word_1_272' title='bbox 415 1934 564 1969; x_wconf 87' lang='lat' dir='ltr'><strong>modicas</strong></span> <span class='ocrx_word' id='word_1_273' title='bbox 593 1935 840 1981; x_wconf 82' lang='lat' dir='ltr'><strong>adiungerent,</strong></span> <span class='ocrx_word' id='word_1_274' title='bbox 873 1935 908 1969; x_wconf 90' lang='lat' dir='ltr'><strong>in</strong></span> <span class='ocrx_word' id='word_1_275' title='bbox 941 1939 1056 1980; x_wconf 87' lang='lat' dir='ltr'><strong>partes</strong></span> <span class='ocrx_word' id='word_1_276' title='bbox 1086 1945 1201 1968; x_wconf 91' lang='lat' dir='ltr'><strong>eorum</strong></span> <span class='ocrx_word' id='word_1_277' title='bbox 1233 1934 1325 1967; x_wconf 86' lang='lat' dir='ltr'><strong>vitae</strong></span> <span class='ocrx_word' id='word_1_278' title='bbox 1356 1931 1575 1967; x_wconf 84' lang='lat' dir='ltr'><strong>similitudine</strong></span> <span class='ocrx_word' id='word_1_279' title='bbox 1597 1942 1640 1964; x_wconf 84' lang='lat' dir='ltr'><strong>ac</strong></span> 
     </span>
     <span class='ocr_line' id='line_1_30' title="bbox 170 1976 1641 2026; baseline -0.002 -12"><span class='ocrx_word' id='word_1_280' title='bbox 170 1981 262 2014; x_wconf 88' lang='lat' dir='ltr'><strong>forte</strong></span> <span class='ocrx_word' id='word_1_281' title='bbox 294 1981 434 2025; x_wconf 82' lang='lat' dir='ltr'><strong>originis</strong></span> <span class='ocrx_word' id='word_1_282' title='bbox 466 1982 694 2016; x_wconf 85' lang='lat' dir='ltr'><strong>communione</strong></span> <span class='ocrx_word' id='word_1_283' title='bbox 725 1981 851 2023; x_wconf 87' lang='lat' dir='ltr'><strong>tracti;</strong></span> <span class='ocrx_word' id='word_1_284' title='bbox 885 1981 1012 2026; x_wconf 87' lang='lat' dir='ltr'><strong>quippe</strong></span> <span class='ocrx_word' id='word_1_285' title='bbox 1045 1992 1185 2026; x_wconf 87' lang='lat' dir='ltr'><strong>quorum</strong></span> <span class='ocrx_word' id='word_1_286' title='bbox 1209 1991 1277 2014; x_wconf 92' lang='lat' dir='ltr'><strong>non</strong></span> <span class='ocrx_word' id='word_1_287' title='bbox 1301 1979 1402 2013; x_wconf 75' lang='lat' dir='ltr'><strong>facile</strong></span> <span class='ocrx_word' id='word_1_288' title='bbox 1425 1976 1641 2012; x_wconf 83' lang='lat' dir='ltr'><strong>numerabilis</strong></span> 
     </span>
     <span class='ocr_line' id='line_1_31' title="bbox 173 2022 1644 2072; baseline -0.002 -13"><span class='ocrx_word' id='word_1_289' title='bbox 173 2026 349 2060; x_wconf 88' lang='lat' dir='ltr'><strong>multitudo</strong></span> <span class='ocrx_word' id='word_1_290' title='bbox 378 2029 564 2072; x_wconf 80' lang='lat' dir='ltr'><strong>serebatur,</strong></span> <span class='ocrx_word' id='word_1_291' title='bbox 588 2028 772 2062; x_wconf 88' lang='lat' dir='ltr'><strong>inventutis</strong></span> <span class='ocrx_word' id='word_1_292' title='bbox 797 2027 839 2061; x_wconf 87' lang='lat' dir='ltr'><strong>ad</strong></span> <span class='ocrx_word' id='word_1_293' title='bbox 864 2028 1014 2062; x_wconf 88' lang='lat' dir='ltr'><strong>laborum</strong></span> <span class='ocrx_word' id='word_1_294' title='bbox 1036 2026 1234 2072; x_wconf 87' lang='lat' dir='ltr'><strong>patientiam</strong></span> <span class='ocrx_word' id='word_1_295' title='bbox 1257 2026 1402 2059; x_wconf 83' lang='lat' dir='ltr'><strong>duratae</strong></span> <span class='ocrx_word' id='word_1_296' title='bbox 1424 2022 1644 2058; x_wconf 80' lang='lat' dir='ltr'><strong>incommodis</strong></span> 
     </span>
     <span class='ocr_line' id='line_1_32' title="bbox 173 2067 1640 2119; baseline -0.003 -14"><span class='ocrx_word' id='word_1_297' title='bbox 173 2072 384 2107; x_wconf 86' lang='lat' dir='ltr'><strong>educationis</strong></span> <span class='ocrx_word' id='word_1_298' title='bbox 421 2074 510 2107; x_wconf 89' lang='lat' dir='ltr'><strong>haud</strong></span> <span class='ocrx_word' id='word_1_299' title='bbox 542 2074 668 2116; x_wconf 86' lang='lat' dir='ltr'><strong>mollis,</strong></span> <span class='ocrx_word' id='word_1_300' title='bbox 699 2075 824 2119; x_wconf 89' lang='lat' dir='ltr'><strong>quippe</strong></span> <span class='ocrx_word' id='word_1_301' title='bbox 851 2073 885 2107; x_wconf 91' lang='lat' dir='ltr'><strong>in</strong></span> <span class='ocrx_word' id='word_1_302' title='bbox 916 2073 1020 2113; x_wconf 86' lang='lat' dir='ltr'><strong>locis,</strong></span> <span class='ocrx_word' id='word_1_303' title='bbox 1054 2073 1112 2106; x_wconf 92' lang='lat' dir='ltr'><strong>ubi</strong></span> <span class='ocrx_word' id='word_1_304' title='bbox 1136 2073 1282 2106; x_wconf 87' lang='lat' dir='ltr'><strong>libenter</strong></span> <span class='ocrx_word' id='word_1_305' title='bbox 1313 2071 1462 2115; x_wconf 82' lang='lat' dir='ltr'><strong>degunt,</strong></span> <span class='ocrx_word' id='word_1_306' title='bbox 1495 2067 1640 2114; x_wconf 85' lang='lat' dir='ltr'><strong>asperis.</strong></span> 
     </span>
     <span class='ocr_line' id='line_1_33' title="bbox 172 2114 1642 2165; baseline -0.003 -14"><span class='ocrx_word' id='word_1_307' title='bbox 172 2129 236 2151; x_wconf 91' lang='lat' dir='ltr'><strong>nec</strong></span> <span class='ocrx_word' id='word_1_308' title='bbox 258 2118 400 2152; x_wconf 87' lang='lat' dir='ltr'><strong>deerant</strong></span> <span class='ocrx_word' id='word_1_309' title='bbox 423 2131 504 2164; x_wconf 89' lang='lat' dir='ltr'><strong>opes</strong></span> <span class='ocrx_word' id='word_1_310' title='bbox 529 2132 548 2154; x_wconf 91' lang='lat' dir='ltr'><strong>e</strong></span> <span class='ocrx_word' id='word_1_311' title='bbox 571 2126 740 2165; x_wconf 87' lang='lat' dir='ltr'><strong>proventu</strong></span> <span class='ocrx_word' id='word_1_312' title='bbox 766 2131 906 2164; x_wconf 83' lang='lat' dir='ltr'><strong>gregum</strong></span> <span class='ocrx_word' id='word_1_313' title='bbox 937 2124 973 2152; x_wconf 93' lang='lat' dir='ltr'><strong>et</strong></span> <span class='ocrx_word' id='word_1_314' title='bbox 1005 2122 1252 2159; x_wconf 81' lang='lat' dir='ltr'><strong>armentorum,</strong></span> <span class='ocrx_word' id='word_1_315' title='bbox 1281 2129 1370 2162; x_wconf 89' lang='lat' dir='ltr'><strong>quae</strong></span> <span class='ocrx_word' id='word_1_316' title='bbox 1399 2126 1576 2151; x_wconf 82' lang='lat' dir='ltr'><strong>numerosa</strong></span> <span class='ocrx_word' id='word_1_317' title='bbox 1604 2114 1642 2148; x_wconf 90' lang='lat' dir='ltr'><strong>in</strong></span> 
     </span>
     <span class='ocr_line' id='line_1_34' title="bbox 173 2160 1642 2212; baseline -0.003 -15"><span class='ocrx_word' id='word_1_318' title='bbox 173 2163 274 2203; x_wconf 81' lang='lat' dir='ltr'><strong>laetis</strong></span> <span class='ocrx_word' id='word_1_319' title='bbox 309 2164 446 2208; x_wconf 88' lang='lat' dir='ltr'><strong>pascuis</strong></span> <span class='ocrx_word' id='word_1_320' title='bbox 478 2166 625 2200; x_wconf 85' lang='lat' dir='ltr'><strong>alebant.</strong></span> <span class='ocrx_word' id='word_1_321' title='bbox 674 2171 843 2212; x_wconf 88' lang='lat' dir='ltr'><strong>postremo</strong></span> <span class='ocrx_word' id='word_1_322' title='bbox 875 2177 938 2199; x_wconf 89' lang='lat' dir='ltr'><strong>nec</strong></span> <span class='ocrx_word' id='word_1_323' title='bbox 962 2164 1180 2198; x_wconf 86' lang='lat' dir='ltr'><strong>inexercitati</strong></span> <span class='ocrx_word' id='word_1_324' title='bbox 1203 2165 1416 2197; x_wconf 85' lang='lat' dir='ltr'><strong>habebantur</strong></span> <span class='ocrx_word' id='word_1_325' title='bbox 1438 2160 1642 2196; x_wconf 81' lang='lat' dir='ltr'><strong>militaribus</strong></span> 
     </span>
     <span class='ocr_line' id='line_1_35' title="bbox 173 2204 1641 2261; baseline -0.001 -19"><span class='ocrx_word' id='word_1_326' title='bbox 173 2210 420 2251; x_wconf 81' lang='lat' dir='ltr'><strong>functionibus,</strong></span> <span class='ocrx_word' id='word_1_327' title='bbox 453 2223 594 2255; x_wconf 89' lang='lat' dir='ltr'><strong>quarum</strong></span> <span class='ocrx_word' id='word_1_328' title='bbox 618 2224 683 2246; x_wconf 93' lang='lat' dir='ltr'><strong>non</strong></span> <span class='ocrx_word' id='word_1_329' title='bbox 708 2212 896 2246; x_wconf 86' lang='lat' dir='ltr'><strong>rudimenta</strong></span> <span class='ocrx_word' id='word_1_330' title='bbox 919 2211 1024 2245; x_wconf 91' lang='lat' dir='ltr'><strong>solum</strong></span> <span class='ocrx_word' id='word_1_331' title='bbox 1047 2222 1174 2255; x_wconf 82' lang='lat' dir='ltr'><strong>ponere</strong></span> <span class='ocrx_word' id='word_1_332' title='bbox 1200 2209 1291 2244; x_wconf 85' lang='lat' dir='ltr'><strong>soliti</strong></span> <span class='ocrx_word' id='word_1_333' title='bbox 1315 2212 1413 2243; x_wconf 82' lang='lat' dir='ltr'><strong>erant</strong></span> <span class='ocrx_word' id='word_1_334' title='bbox 1437 2204 1641 2261; x_wconf 59' lang='lat' dir='ltr'><strong>quotidianis</strong></span> 
     </span>
     <span class='ocr_line' id='line_1_36' title="bbox 173 2251 1641 2302; baseline -0.003 -14"><span class='ocrx_word' id='word_1_335' title='bbox 173 2255 353 2289; x_wconf 85' lang='lat' dir='ltr'><strong>venatibus</strong></span> <span class='ocrx_word' id='word_1_336' title='bbox 385 2258 557 2299; x_wconf 83' lang='lat' dir='ltr'><strong>serarum,</strong></span> <span class='ocrx_word' id='word_1_337' title='bbox 591 2258 651 2292; x_wconf 87' lang='lat' dir='ltr'><strong>sed</strong></span> <span class='ocrx_word' id='word_1_338' title='bbox 685 2258 915 2302; x_wconf 84' lang='lat' dir='ltr'><strong>experimenta</strong></span> <span class='ocrx_word' id='word_1_339' title='bbox 948 2258 1051 2291; x_wconf 87' lang='lat' dir='ltr'><strong>etiam</strong></span> <span class='ocrx_word' id='word_1_340' title='bbox 1084 2257 1187 2290; x_wconf 89' lang='lat' dir='ltr'><strong>edere</strong></span> <span class='ocrx_word' id='word_1_341' title='bbox 1210 2255 1340 2290; x_wconf 87' lang='lat' dir='ltr'><strong>crebris</strong></span> <span class='ocrx_word' id='word_1_342' title='bbox 1363 2265 1427 2288; x_wconf 90' lang='lat' dir='ltr'><strong>nec</strong></span> <span class='ocrx_word' id='word_1_343' title='bbox 1451 2251 1641 2286; x_wconf 75' lang='lat' dir='ltr'><strong>infelicibus</strong></span> 
     </span>
     <span class='ocr_line' id='line_1_37' title="bbox 175 2295 1642 2348; baseline -0.003 -14"><span class='ocrx_word' id='word_1_344' title='bbox 175 2307 295 2335; x_wconf 86' lang='lat' dir='ltr'><strong>contra</strong></span> <span class='ocrx_word' id='word_1_345' title='bbox 318 2301 410 2335; x_wconf 86' lang='lat' dir='ltr'><strong>viros</strong></span> <span class='ocrx_word' id='word_1_346' title='bbox 436 2309 584 2336; x_wconf 86' lang='lat' dir='ltr'><strong>armatos</strong></span> <span class='ocrx_word' id='word_1_347' title='bbox 609 2304 857 2338; x_wconf 87' lang='lat' dir='ltr'><strong>certaminibus.</strong></span> <span class='ocrx_word' id='word_1_348' title='bbox 889 2303 965 2337; x_wconf 88' lang='lat' dir='ltr'><strong>huic</strong></span> <span class='ocrx_word' id='word_1_349' title='bbox 989 2302 1139 2348; x_wconf 88' lang='lat' dir='ltr'><strong>periculo</strong></span> <span class='ocrx_word' id='word_1_350' title='bbox 1163 2300 1408 2346; x_wconf 83' lang='lat' dir='ltr'><strong>praevertendo</strong></span> <span class='ocrx_word' id='word_1_351' title='bbox 1431 2299 1527 2332; x_wconf 82' lang='lat' dir='ltr'><strong>factu</strong></span> <span class='ocrx_word' id='word_1_352' title='bbox 1549 2295 1642 2340; x_wconf 86' lang='lat' dir='ltr'><strong>opti-</strong></span> 
     </span>
     <span class='ocr_line' id='line_1_38' title="bbox 174 2344 1640 2392; baseline -0.004 -12"><span class='ocrx_word' id='word_1_353' title='bbox 174 2357 263 2380; x_wconf 89' lang='lat' dir='ltr'><strong>mum</strong></span> <span class='ocrx_word' id='word_1_354' title='bbox 295 2348 433 2392; x_wconf 84' lang='lat' dir='ltr'><strong>putavit</strong></span> <span class='ocrx_word' id='word_1_355' title='bbox 466 2353 600 2392; x_wconf 81' lang='lat' dir='ltr'><strong>gentem</strong></span> <span class='ocrx_word' id='word_1_356' title='bbox 634 2349 733 2383; x_wconf 81' lang='lat' dir='ltr'><strong>istam</strong></span> <span class='ocrx_word' id='word_1_357' title='bbox 766 2361 807 2383; x_wconf 88' lang='lat' dir='ltr'><strong>ex</strong></span> <span class='ocrx_word' id='word_1_358' title='bbox 833 2349 984 2383; x_wconf 87' lang='lat' dir='ltr'><strong>Occidua</strong></span> <span class='ocrx_word' id='word_1_359' title='bbox 1017 2350 1210 2382; x_wconf 85' lang='lat' dir='ltr'><strong>continente</strong></span> <span class='ocrx_word' id='word_1_360' title='bbox 1232 2347 1268 2380; x_wconf 88' lang='lat' dir='ltr'><strong>in</strong></span> <span class='ocrx_word' id='word_1_361' title='bbox 1292 2344 1503 2380; x_wconf 85' lang='lat' dir='ltr'><strong>orientalem</strong></span> <span class='ocrx_word' id='word_1_362' title='bbox 1523 2346 1640 2376; x_wconf 81' lang='lat' dir='ltr'><strong>trans-</strong></span> 
     </span>
     <span class='ocr_line' id='line_1_39' title="bbox 172 2386 1643 2442; baseline -0.004 -16"><span class='ocrx_word' id='word_1_363' title='bbox 172 2394 285 2434; x_wconf 81' lang='lat' dir='ltr'><strong>ferre,</strong></span> <span class='ocrx_word' id='word_1_364' title='bbox 321 2393 554 2439; x_wconf 87' lang='lat' dir='ltr'><strong>collocareque</strong></span> <span class='ocrx_word' id='word_1_365' title='bbox 577 2399 672 2428; x_wconf 86' lang='lat' dir='ltr'><strong>trans</strong></span> <span class='ocrx_word' id='word_1_366' title='bbox 696 2396 817 2428; x_wconf 84' lang='lat' dir='ltr'><strong>fretum</strong></span> <span class='ocrx_word' id='word_1_367' title='bbox 840 2395 876 2428; x_wconf 93' lang='lat' dir='ltr'><strong>in</strong></span> <span class='ocrx_word' id='word_1_368' title='bbox 900 2406 961 2428; x_wconf 86' lang='lat' dir='ltr'><strong>ora</strong></span> <span class='ocrx_word' id='word_1_369' title='bbox 985 2394 1197 2438; x_wconf 85' lang='lat' dir='ltr'><strong>Byzantinae</strong></span> <span class='ocrx_word' id='word_1_370' title='bbox 1220 2393 1366 2426; x_wconf 82' lang='lat' dir='ltr'><strong>adversa</strong></span> <span class='ocrx_word' id='word_1_371' title='bbox 1390 2388 1519 2423; x_wconf 87' lang='lat' dir='ltr'><strong>civitati</strong></span> <span class='ocrx_word' id='word_1_372' title='bbox 1533 2413 1558 2442; x_wconf 48' lang='lat'><strong>,-</strong></span> <span class='ocrx_word' id='word_1_373' title='bbox 1579 2386 1643 2441; x_wconf 61' lang='lat' dir='ltr'><strong>sed</strong></span> 
     </span>
     <span class='ocr_line' id='line_1_40' title="bbox 174 2438 1643 2483; baseline -0.004 -11"><span class='ocrx_word' id='word_1_374' title='bbox 174 2443 211 2472; x_wconf 84' lang='lat' dir='ltr'><strong>et</strong></span> <span class='ocrx_word' id='word_1_375' title='bbox 233 2438 370 2483; x_wconf 90' lang='lat' dir='ltr'><strong>insuper</strong></span> <span class='ocrx_word' id='word_1_376' title='bbox 394 2444 579 2474; x_wconf 84' lang='lat' dir='ltr'><strong>extenuare</strong></span> <span class='ocrx_word' id='word_1_377' title='bbox 601 2440 714 2473; x_wconf 83' lang='lat' dir='ltr'><strong>multis</strong></span> <span class='ocrx_word' id='word_1_378' title='bbox 738 2445 775 2474; x_wconf 89' lang='lat' dir='ltr'><strong>et</strong></span> <span class='ocrx_word' id='word_1_379' title='bbox 797 2440 1048 2474; x_wconf 84' lang='lat' dir='ltr'><strong>extorsionibus</strong></span> <span class='ocrx_word' id='word_1_380' title='bbox 1070 2451 1152 2483; x_wconf 83' lang='lat' dir='ltr'><strong>opes</strong></span> <span class='ocrx_word' id='word_1_381' title='bbox 1175 2438 1329 2476; x_wconf 88' lang='lat' dir='ltr'><strong>illorum,</strong></span> <span class='ocrx_word' id='word_1_382' title='bbox 1365 2447 1408 2470; x_wconf 87' lang='lat' dir='ltr'><strong>ne</strong></span> <span class='ocrx_word' id='word_1_383' title='bbox 1435 2444 1560 2469; x_wconf 78' lang='lat' dir='ltr'><strong>conscii</strong></span> <span class='ocrx_word' id='word_1_384' title='bbox 1593 2444 1643 2467; x_wconf 78' lang='lat' dir='ltr'><strong>vi-</strong></span> 
     </span>
     <span class='ocr_line' id='line_1_41' title="bbox 173 2482 1645 2529; baseline -0.005 -10"><span class='ocrx_word' id='word_1_385' title='bbox 173 2485 260 2519; x_wconf 86' lang='lat' dir='ltr'><strong>rium</strong></span> <span class='ocrx_word' id='word_1_386' title='bbox 303 2484 515 2529; x_wconf 88' lang='lat' dir='ltr'><strong>propriarum</strong></span> <span class='ocrx_word' id='word_1_387' title='bbox 551 2485 603 2519; x_wconf 83' lang='lat' dir='ltr'><strong>sui</strong></span> <span class='ocrx_word' id='word_1_388' title='bbox 634 2497 771 2519; x_wconf 88' lang='lat' dir='ltr'><strong>numero</strong></span> <span class='ocrx_word' id='word_1_389' title='bbox 803 2490 838 2519; x_wconf 88' lang='lat' dir='ltr'><strong>et</strong></span> <span class='ocrx_word' id='word_1_390' title='bbox 870 2497 1021 2519; x_wconf 86' lang='lat' dir='ltr'><strong>annonae</strong></span> <span class='ocrx_word' id='word_1_391' title='bbox 1054 2485 1151 2529; x_wconf 86' lang='lat' dir='ltr'><strong>copia</strong></span> <span class='ocrx_word' id='word_1_392' title='bbox 1188 2482 1413 2527; x_wconf 85' lang='lat' dir='ltr'><strong>superbirent.</strong></span> <span class='ocrx_word' id='word_1_393' title='bbox 1461 2484 1645 2523; x_wconf 73' lang='lat' dir='ltr'><strong>utrumque</strong></span> 
     </span>
     <span class='ocr_line' id='line_1_42' title="bbox 176 2525 1644 2565; baseline -0.005 -1"><span class='ocrx_word' id='word_1_394' title='bbox 176 2535 315 2565; x_wconf 88' lang='lat' dir='ltr'><strong>strenue</strong></span> <span class='ocrx_word' id='word_1_395' title='bbox 339 2531 487 2565; x_wconf 78' lang='lat' dir='ltr'><strong>factum:</strong></span> <span class='ocrx_word' id='word_1_396' title='bbox 520 2531 595 2565; x_wconf 89' lang='lat' dir='ltr'><strong>hinc</strong></span> <span class='ocrx_word' id='word_1_397' title='bbox 617 2531 706 2565; x_wconf 89' lang='lat' dir='ltr'><strong>enim</strong></span> <span class='ocrx_word' id='word_1_398' title='bbox 731 2531 881 2565; x_wconf 86' lang='lat' dir='ltr'><strong>maximis</strong></span> <span class='ocrx_word' id='word_1_399' title='bbox 905 2531 1023 2564; x_wconf 84' lang='lat' dir='ltr'><strong>affecti</strong></span> <span class='ocrx_word' id='word_1_400' title='bbox 1046 2530 1176 2563; x_wconf 85' lang='lat' dir='ltr'><strong>damnis</strong></span> <span class='ocrx_word' id='word_1_401' title='bbox 1201 2533 1280 2563; x_wconf 89' lang='lat' dir='ltr'><strong>sunt</strong></span> <span class='ocrx_word' id='word_1_402' title='bbox 1305 2526 1495 2561; x_wconf 84' lang='lat' dir='ltr'><strong>immanium</strong></span> <span class='ocrx_word' id='word_1_403' title='bbox 1518 2525 1644 2559; x_wconf 75' lang='lat' dir='ltr'><strong>acerba</strong></span> 
     </span>
     <span class='ocr_line' id='line_1_43' title="bbox 178 2573 1644 2618; baseline -0.006 -7"><span class='ocrx_word' id='word_1_404' title='bbox 178 2577 356 2611; x_wconf 81' lang='lat' dir='ltr'><strong>exactione</strong></span> <span class='ocrx_word' id='word_1_405' title='bbox 379 2577 593 2618; x_wconf 85' lang='lat' dir='ltr'><strong>tributorum,</strong></span> <span class='ocrx_word' id='word_1_406' title='bbox 617 2580 652 2611; x_wconf 91' lang='lat' dir='ltr'><strong>et</strong></span> <span class='ocrx_word' id='word_1_407' title='bbox 674 2576 986 2610; x_wconf 85' lang='lat' dir='ltr'><strong>immisericorditer</strong></span> <span class='ocrx_word' id='word_1_408' title='bbox 1009 2575 1119 2610; x_wconf 79' lang='lat' dir='ltr'><strong>coacti</strong></span> <span class='ocrx_word' id='word_1_409' title='bbox 1144 2575 1245 2608; x_wconf 87' lang='lat' dir='ltr'><strong>sedes</strong></span> <span class='ocrx_word' id='word_1_410' title='bbox 1268 2578 1364 2608; x_wconf 84' lang='lat' dir='ltr'><strong>trans</strong></span> <span class='ocrx_word' id='word_1_411' title='bbox 1386 2573 1644 2618; x_wconf 76' lang='lat' dir='ltr'><strong>Hellespontum</strong></span> 
     </span>
     <span class='ocr_line' id='line_1_44' title="bbox 179 2618 1644 2668; baseline -0.006 -11"><span class='ocrx_word' id='word_1_412' title='bbox 179 2624 282 2657; x_wconf 84' lang='lat' dir='ltr'><strong>ferre.</strong></span> <span class='ocrx_word' id='word_1_413' title='bbox 328 2623 419 2668; x_wconf 90' lang='lat' dir='ltr'><strong>quod</strong></span> <span class='ocrx_word' id='word_1_414' title='bbox 446 2623 510 2656; x_wconf 89' lang='lat' dir='ltr'><strong>illis</strong></span> <span class='ocrx_word' id='word_1_415' title='bbox 533 2623 620 2656; x_wconf 91' lang='lat' dir='ltr'><strong>omni</strong></span> <span class='ocrx_word' id='word_1_416' title='bbox 650 2622 906 2656; x_wconf 86' lang='lat' dir='ltr'><strong>contributionis</strong></span> <span class='ocrx_word' id='word_1_417' title='bbox 936 2621 1059 2655; x_wconf 84' lang='lat' dir='ltr'><strong>iniuria</strong></span> <span class='ocrx_word' id='word_1_418' title='bbox 1091 2620 1263 2655; x_wconf 88' lang='lat' dir='ltr'><strong>molestius</strong></span> <span class='ocrx_word' id='word_1_419' title='bbox 1299 2618 1462 2662; x_wconf 82' lang='lat' dir='ltr'><strong>contigit:</strong></span> <span class='ocrx_word' id='word_1_420' title='bbox 1497 2627 1572 2650; x_wconf 89' lang='lat' dir='ltr'><strong>nam</strong></span> <span class='ocrx_word' id='word_1_421' title='bbox 1607 2619 1644 2649; x_wconf 75' lang='lat' dir='ltr'><strong>et</strong></span> 
     </span>
     <span class='ocr_line' id='line_1_45' title="bbox 179 2662 1644 2715; baseline -0.005 -12"><span class='ocrx_word' id='word_1_422' title='bbox 179 2669 356 2704; x_wconf 83' lang='lat' dir='ltr'><strong>occasione</strong></span> <span class='ocrx_word' id='word_1_423' title='bbox 378 2668 700 2713; x_wconf 81' lang='lat' dir='ltr'><strong>transmigrationis,</strong></span> <span class='ocrx_word' id='word_1_424' title='bbox 738 2669 919 2702; x_wconf 81' lang='lat' dir='ltr'><strong>festinatae</strong></span> <span class='ocrx_word' id='word_1_425' title='bbox 942 2666 1141 2712; x_wconf 73' lang='lat' dir='ltr'><strong>praesertim</strong></span> <span class='ocrx_word' id='word_1_426' title='bbox 1167 2665 1365 2710; x_wconf 86' lang='lat' dir='ltr'><strong>urgentibus</strong></span> <span class='ocrx_word' id='word_1_427' title='bbox 1386 2662 1565 2709; x_wconf 81' lang='lat' dir='ltr'><strong>implacide</strong></span> <span class='ocrx_word' id='word_1_428' title='bbox 1587 2673 1644 2715; x_wconf 58' lang='lat' dir='ltr'><strong>sa:</strong></span> 
     </span>
     <span class='ocr_line' id='line_1_46' title="bbox 179 2711 1645 2760; baseline -0.006 -11"><span class='ocrx_word' id='word_1_429' title='bbox 179 2716 364 2759; x_wconf 83' lang='lat' dir='ltr'><strong>tellitibus,</strong></span> <span class='ocrx_word' id='word_1_430' title='bbox 398 2715 578 2760; x_wconf 86' lang='lat' dir='ltr'><strong>plerasque</strong></span> <span class='ocrx_word' id='word_1_431' title='bbox 601 2718 871 2760; x_wconf 71' lang='lat' dir='ltr'><strong>compat-starum</strong></span> <span class='ocrx_word' id='word_1_432' title='bbox 896 2714 998 2757; x_wconf 79' lang='lat' dir='ltr'><strong>longa</strong></span> <span class='ocrx_word' id='word_1_433' title='bbox 1021 2724 1132 2754; x_wconf 86' lang='lat' dir='ltr'><strong>mora,</strong></span> <span class='ocrx_word' id='word_1_434' title='bbox 1165 2713 1224 2746; x_wconf 88' lang='lat' dir='ltr'><strong>ubi</strong></span> <span class='ocrx_word' id='word_1_435' title='bbox 1246 2711 1425 2752; x_wconf 82' lang='lat' dir='ltr'><strong>vixerant,</strong></span> <span class='ocrx_word' id='word_1_436' title='bbox 1455 2719 1522 2743; x_wconf 89' lang='lat' dir='ltr'><strong>non</strong></span> <span class='ocrx_word' id='word_1_437' title='bbox 1545 2717 1645 2753; x_wconf 73' lang='lat' dir='ltr'><strong>parvi</strong></span> 
     </span>
     <span class='ocr_line' id='line_1_47' title="bbox 179 2752 1646 2807; baseline -0.005 -13"><span class='ocrx_word' id='word_1_438' title='bbox 179 2761 284 2807; x_wconf 88' lang='lat' dir='ltr'><strong>pretii</strong></span> <span class='ocrx_word' id='word_1_439' title='bbox 313 2772 444 2803; x_wconf 84' lang='lat' dir='ltr'><strong>rerum,</strong></span> <span class='ocrx_word' id='word_1_440' title='bbox 483 2772 568 2806; x_wconf 88' lang='lat' dir='ltr'><strong>quas</strong></span> <span class='ocrx_word' id='word_1_441' title='bbox 599 2763 836 2806; x_wconf 82' lang='lat' dir='ltr'><strong>transportare</strong></span> <span class='ocrx_word' id='word_1_442' title='bbox 867 2760 957 2794; x_wconf 86' lang='lat' dir='ltr'><strong>haud</strong></span> <span class='ocrx_word' id='word_1_443' title='bbox 987 2762 1064 2793; x_wconf 83' lang='lat' dir='ltr'><strong>erat</strong></span> <span class='ocrx_word' id='word_1_444' title='bbox 1093 2757 1212 2799; x_wconf 81' lang='lat' dir='ltr'><strong>facile,</strong></span> <span class='ocrx_word' id='word_1_445' title='bbox 1250 2757 1374 2803; x_wconf 82' lang='lat' dir='ltr'><strong>partim</strong></span> <span class='ocrx_word' id='word_1_446' title='bbox 1405 2755 1551 2801; x_wconf 85' lang='lat' dir='ltr'><strong>perdere</strong></span> <span class='ocrx_word' id='word_1_447' title='bbox 1589 2752 1646 2787; x_wconf 72' lang='lat' dir='ltr'><strong>vel</strong></span> 
     </span>
     <span class='ocr_line' id='line_1_48' title="bbox 180 2798 1647 2854; baseline -0.005 -14"><span class='ocrx_word' id='word_1_448' title='bbox 180 2811 303 2852; x_wconf 80' lang='lat' dir='ltr'><strong>sponte</strong></span> <span class='ocrx_word' id='word_1_449' title='bbox 325 2807 543 2854; x_wconf 86' lang='lat' dir='ltr'><strong>relinquendo</strong></span> <span class='ocrx_word' id='word_1_450' title='bbox 566 2808 625 2842; x_wconf 83' lang='lat' dir='ltr'><strong>vel</strong></span> <span class='ocrx_word' id='word_1_451' title='bbox 645 2806 774 2852; x_wconf 85' lang='lat' dir='ltr'><strong>rapinis</strong></span> <span class='ocrx_word' id='word_1_452' title='bbox 797 2805 1051 2853; x_wconf 82' lang='lat' dir='ltr'><strong>opportunitate</strong></span> <span class='ocrx_word' id='word_1_453' title='bbox 1076 2804 1241 2840; x_wconf 80' lang='lat' dir='ltr'><strong>utentium</strong></span> <span class='ocrx_word' id='word_1_454' title='bbox 1273 2803 1404 2846; x_wconf 84' lang='lat' dir='ltr'><strong>furum,</strong></span> <span class='ocrx_word' id='word_1_455' title='bbox 1436 2800 1560 2848; x_wconf 80' lang='lat' dir='ltr'><strong>partim</strong></span> <span class='ocrx_word' id='word_1_456' title='bbox 1583 2798 1647 2834; x_wconf 68' lang='lat' dir='ltr'><strong>da-</strong></span> 
     </span>
    </p>
   </div>
  </div>
 </body>
</html>
