1858 3126
221 158 323 206 432
646 157 884 202 GEORGII
912 159 1264 206 PACHYMERIS

221 271 506 330 ἄναληφθέντι
519 285 528 295 ·
566 273 649 315 δεῖν
668 272 747 329 γὰρ
760 279 847 323 τοῖς
865 276 940 328 τῆς
958 277 1042 316 τῶν
1062 272 1271 331 ἀρχόντων
1291 276 1356 318 ἐπὶ
1374 275 1694 333 πλημμελήμασι

219 343 419 397 τιμωρίας
439 340 515 396 οὐχ
534 333 657 396 ἦττον
675 339 861 392 κολάσεις
880 341 904 397 ἢ
927 340 1154 398 καθάρσεις
1175 342 1303 393 οἷέσας
1322 344 1440 394 {denuc
1457 345 1689 402 προσήκειν,

220 413 254 454 εἷ
283 412 467 465 μέλλοιεν
496 410 535 452 οἳ
561 410 636 464 μὲν
666 409 905 463 κολάζοντες
923 413 1168 467 κερδαίνειν,
1207 413 1246 456 οἱ
1269 413 1314 455 δὲ
1339 413 1450 456 δεινὰ
1467 412 1691 469 πάσχοντες

220 480 471 537 ὠφελεῖσθαι
485 512 499 532 ,
536 479 641 522 κατὰ
658 480 732 534 τὴν
751 482 807 529 εἷς
827 480 994 523 τούπιὸν
1012 482 1152 535 χρείαν
1174 481 1221 524 τὸ
1242 478 1446 538 χρήσιμον
1465 481 1691 538 παρεξόμε-

79 558 107 591 Ρ
128 558 195 594 299
221 567 294 593 νοι.
367 550 451 591 ἐπεὶ
482 548 526 591 δὲ
546 546 567 591 ὅ
587 550 660 602 μέν
693 548 932 605 Νοστόγγος
961 547 1067 592 κατά
1098 567 1188 592 τινα
1217 550 1412 605 ἓλπισμόν
1429 553 1726 605 συμπαθείαςὸ

219 623 292 674 τῆς
311 622 442 674 μονῆς
463 615 682 670 ἀπελύετο,
719 616 745 674 ‘'‘l
768 619 812 661 δὲ
844 623 918 673 τῆς
948 618 1162 675 ὀλιγωρίας
1182 617 1284 670 δόξα
1305 622 1374 662 καὶ
1388 619 1447 662 ἔτι
1466 619 1695 673 ἀναζέουσιν

219 683 286 743 ἦν,
323 689 390 731 καὶ
415 685 516 729 δείν’
539 686 643 730 ἄττα
664 687 762 737 τοὺς
782 691 839 745 τῷ
859 685 1022 746 μεγάλῳ
1041 690 1156 731 δουκὶ
1177 689 1490 745 προσκειμένους
1509 687 1696 743 ὖπέσμυ-

216 774 315 812 χον,
355 756 386 799 εἰ
411 764 737 812 καταφρονοΐτο,
773 758 841 798 καὶ
866 755 1046 810 μάλιστα
1070 757 1184 812 παρὰ
1206 762 1289 800 τῶν
1305 756 1537 801 δοκούντων
1564 760 1631 802 καὶ
1649 760 1693 802 ἐν

221 825 353 877 ἀξίαις
371 828 476 881 (τοῖς
493 825 570 881 γὰρ
595 826 869 882 καιριωτὲροις
884 826 1048 881 με’ρεσιν
1059 859 1073 879 ,
1103 825 1202 869 ὅταν
1226 827 1329 886 ἐνδῷ
1349 826 1452 883 πρὸς
1473 826 1521 870 τὸ
1538 834 1689 884 χεῖρον,

220 892 375 951 ἀνάγκη
409 892 766 951 συνδίεστράφθαι
795 896 861 937 καὶ
884 894 936 937 τὰ
965 893 1110 948 λοιπά,
1146 894 1197 951 ἣν
1212 893 1271 952 μή
1290 913 1350 946 τις
1369 895 1562 954 ἐπίσχῃ),
1597 895 1691 940 τότε
1703 903 1747 938 10

222 963 416 1018 βασιλεὺς
443 964 611 1018 πέμψας
641 963 727 1020 ἄγει
756 966 821 1006 καὶ
853 963 1137 1021 ἀμφοτέρους,
1176 966 1243 1006 καὶ
1266 965 1318 1020 δὴ
1340 963 1472 1025 ἡμέρᾳ
1492 963 1693 1022 κυριωνῦ-

219 1051 286 1092 μῳ
308 1066 321 1086 ,
382 1035 766 1090 ΠῙαιμακτηριῶνος
801 1031 1220 1091 τεσσαρεσκαιδεκάτῃ
1241 1066 1253 1086 ,
1309 1034 1407 1084 τοὺς
1440 1036 1531 1091 περὶ
1566 1034 1694 1078 αὐτὸν

174 1112 201 1146 Β
225 1100 620 1157 παραστησάμενος,
667 1099 885 1159 παρόντων
913 1101 1129 1155 κάκείνων,
1174 1101 1303 1146 πολὺν
1325 1103 1401 1157 μὲν
1425 1101 1545 1158 λόγον
1563 1103 1692 1160 παρί-

220 1189 322 1214 τεινε
344 1173 615 1227 δημηγορῶν,
651 1175 709 1230 τῷ
736 1172 810 1226 μὲν
839 1173 971 1214 δοκεῖν
993 1169 1310 1225 καθαπτόμενος
1335 1175 1411 1214 τοῦ
1430 1170 1687 1228 Νοστόγγου,

217 1240 266 1283 τὸ
292 1242 336 1283 δὲ
362 1244 551 1283 πλεῖστον
569 1241 635 1283 καὶ
654 1238 757 1297 ὑπὲρ
776 1243 852 1283 τοῦ
874 1237 1052 1296 μεγάλου
1078 1239 1225 1290 δουκός
1250 1240 1353 1296 πρὸς
1371 1239 1470 1291 τούς
1492 1245 1688 1296 μεγιστᾶ-
1698 1252 1741 1288 15

214 1326 290 1360 νας
309 1306 653 1366 ἀπολογούμενος,
692 1307 748 1359 ὥς
766 1309 896 1365 μηδὲν
913 1309 1087 1360 ἀναξίως
1107 1308 1184 1352 κάκ
1204 1313 1280 1366 τοῦ
1301 1310 1566 1367 παρείκοντος
1583 1307 1686 1366 μήτ’

213 1455 296 1478 sona
320 1444 399 1486 sint,
422 1443 457 1479 in
480 1455 521 1478 eo
548 1442 661 1490 capite
682 1455 824 1489 poenam
845 1443 1002 1479 constitui
1024 1443 1115 1490 quod
1137 1443 1289 1478 intimum
1311 1443 1395 1490 ipsis
1417 1445 1454 1478 et
1469 1454 1584 1479 carum
1597 1443 1690 1478 scia-

213 1496 271 1524 tur
294 1502 390 1532 esse,
418 1490 583 1535 cuiusque
606 1491 760 1525 damnum
790 1502 832 1525 ac
863 1491 959 1525 labor
989 1491 1032 1524 ad
1064 1503 1198 1525 sensum
1233 1491 1364 1525 illorum
1387 1491 1516 1525 affectu
1537 1493 1574 1524 et
1597 1502 1690 1524 com-

211 1537 370 1581 passione
402 1540 627 1581 propagatum
660 1536 703 1569 iri
736 1548 801 1570 non
837 1536 883 1570 sit
921 1537 1069 1571 dubium.
1125 1537 1250 1582 alioqui
1282 1537 1493 1581 contingeret
1525 1535 1687 1571 frustrari

211 1585 292 1616 voto
327 1593 387 1616 suo
418 1582 581 1624 iudicem3
613 1581 672 1627 qui
707 1593 781 1616 cum
813 1593 940 1626 poenas
971 1582 1159 1616 istiusmodi
1192 1583 1300 1617 minus
1322 1583 1463 1616 ultrices
1485 1593 1562 1616 esse
1584 1592 1686 1627 quam

212 1627 431 1674 purgatrices
455 1628 549 1671 velit,
576 1627 754 1672 magisque
777 1633 875 1673 optet
899 1628 1075 1662 emendari
1099 1639 1161 1673 per
1184 1640 1243 1663 eas
1264 1628 1299 1661 in
1322 1633 1494 1673 posterum
1516 1627 1576 1673 qui
1599 1627 1687 1661 deli-

211 1674 308 1719 quit,
340 1685 441 1720 quam
471 1673 547 1719 ipse
571 1675 639 1707 frui
663 1673 840 1707 dulcedine
861 1673 1057 1715 vindictae,
1081 1674 1171 1708 istud
1196 1674 1285 1719 quod
1311 1686 1331 1708 e
1357 1674 1568 1718 reipublicae
1590 1673 1688 1707 utili-

211 1725 285 1755 tate
308 1723 454 1766 spectat,
477 1719 608 1754 minime
632 1726 874 1765 assequeretur
895 1720 1080 1757 saeviendo
1103 1720 1137 1753 in
1160 1731 1338 1765 personam
1362 1719 1614 1754 indifferentem
1636 1719 1688 1753 illi

212 1778 312 1811 quem
335 1766 496 1811 primario
519 1766 592 1799 vult
614 1766 775 1811 plectere.
823 1766 874 1800 sic
895 1771 977 1800 tunc
1001 1766 1160 1799 eludebat
1182 1765 1367 1811 imperator
1387 1766 1558 1800 studiosos
1574 1765 1687 1810 magni

213 1813 310 1846 ducis
334 1824 475 1858 poenam
500 1811 667 1856 Nostongi
698 1812 920 1857 postulantes.
966 1823 1084 1846 verum
1115 1823 1191 1846 cum
1212 1811 1392 1846 accidisset
1412 1811 1584 1858 aliquanto
1607 1814 1687 1857 post

211 1859 298 1893 haec
322 1859 459 1904 prodire
481 1870 500 1892 e
524 1869 585 1892 suo
618 1857 713 1902 asylo
737 1858 971 1903 Nostongum,
1003 1870 1064 1903 spe
1087 1858 1231 1903 quadam
1255 1861 1423 1903 concepta
1444 1857 1609 1904 parcituri
1630 1858 1686 1891 fa-

213 1905 278 1939 cile
311 1905 379 1940 sibi
402 1904 566 1950 Augusti,
591 1904 622 1939 si
645 1904 855 1938 committere
877 1916 914 1938 se
937 1916 1032 1938 reum
1064 1904 1170 1950 ipsius
1193 1904 1391 1939 clementiae
1414 1904 1576 1946 vidisset,
1605 1903 1686 1938 dum

212 1952 248 1985 id
273 1951 382 1997 ipsum
406 1952 516 1992 aulae,
538 1956 577 1985 ut
599 1950 652 1992 fit,
675 1951 884 1985 sermonibus
908 1951 1113 1993 celebratur,
1136 1950 1406 1984 animadversum
1429 1956 1483 1985 est
1504 1949 1611 1994 magis
1626 1949 1687 1983 ‘in-

213 2000 372 2032 cumbere
405 1997 532 2032 iudicia
562 2002 755 2041 magnatum
802 1999 1039 2042 plerorumque
1069 1997 1103 2030 in
1142 1997 1436 2042 reprehensionem
1468 1995 1686 2040 arrogantiae

215 2044 325 2087 magni
349 2044 464 2086 ducis,
489 2043 548 2089 qui
570 2043 785 2088 Nostongum
816 2055 971 2088 magnum
996 2042 1283 2085 hetaeriarcham,
1305 2043 1475 2087 dignitate
1496 2054 1539 2076 ac
1561 2041 1687 2076 natali-

214 2091 277 2124 bus
302 2090 517 2135 conspicuum
540 2089 718 2131 hominem,
741 2089 838 2123 velut
858 2090 902 2123 de
926 2090 1025 2134 plebe
1051 2090 1255 2135 quempiam,
1279 2088 1496 2133 contemptim
1519 2092 1555 2122 et
1576 2087 1686 2132 impe-

212 2136 303 2169 riose
327 2140 523 2170 tractasset.
572 2147 661 2180 quae
692 2135 838 2179 gliscens
869 2136 999 2170 invidia
1033 2147 1107 2170 cum
1131 2135 1227 2169 ducis
1250 2135 1362 2174 magui
1383 2134 1574 2169 fautoribus
1596 2133 1684 2168 inie-

211 2181 316 2216 cisset
339 2193 474 2223 curam,
509 2182 598 2226 quod
622 2193 697 2216 eum
722 2182 787 2215 iam
818 2182 983 2216 contemni
1014 2194 1055 2216 ac
1078 2181 1211 2216 traduci
1236 2181 1358 2226 passim
1383 2192 1404 2215 a
1426 2179 1624 2226 proceribus
1646 2182 1685 2212 et

212 2228 407 2262 constitutis
431 2228 466 2261 in
491 2228 660 2272 dignitate
693 2228 775 2262 viris
800 2228 969 2273 primariis
992 2228 1178 2269 videbant,
1209 2227 1447 2271 intelligebant
1469 2231 1580 2259 autem
1603 2235 1683 2258 sen-

211 2285 268 2308 sus
293 2278 330 2308 et
352 2273 478 2307 iudicia
509 2279 708 2309 summatum
738 2275 837 2308 facile
870 2274 906 2308 in
928 2275 1049 2319 vulgus
1079 2285 1214 2319 quoque
1236 2284 1399 2318 serpere,
1429 2270 1683 2317 periculumque

209 2320 303 2366 sore.
338 2320 372 2353 ni
394 2323 525 2354 mature
547 2325 802 2362 occurreretur,
833 2332 876 2354 ne
908 2320 1134 2355 communibus
1165 2331 1243 2353 mox
1266 2327 1302 2353 et
1323 2316 1524 2352 unanimiter
1546 2315 1684 2360 conspi-

210 2365 368 2400 rantibus
388 2365 571 2410 primornm
599 2365 696 2399 iuxta
719 2365 976 2411 infimorumque
999 2377 1085 2400 unus
1115 2366 1200 2399 odiis
1224 2365 1374 2398 obiectus
1395 2362 1485 2396 haud
1508 2372 1573 2406 par
1595 2361 1683 2395 resi-

210 2412 329 2446 stendo
355 2415 458 2452 esset,
483 2411 580 2444 novis
602 2411 842 2455 imperatorem
864 2413 1035 2446 instantiis
1059 2412 1104 2445 ad
1126 2409 1388 2445 succurrendum
1416 2407 1472 2441 isti
1494 2406 1680 2441 discrimini

210 2457 440 2503 perpulerunt.
488 2456 541 2490 his
565 2456 622 2490 ille
645 2468 808 2499 annuens,
826 2458 883 2490 die
905 2464 1028 2502 quarta
1045 2457 1175 2491 decima
1199 2455 1296 2498 Iunii,
1313 2466 1401 2499 quae
1423 2454 1488 2487 fuit
1509 2453 1568 2486 illo
1592 2464 1679 2487 anno

210 2504 389 2545 dominica,
415 2502 537 2536 adduci
561 2513 674 2536 coram
696 2514 772 2536 sese
797 2503 832 2536 in
857 2504 964 2538 medio
988 2513 1164 2548 procerum
1191 2502 1288 2535 aulae
1312 2499 1508 2534 considente
1528 2498 1680 2533 Noston·

209 2562 288 2595 gum
313 2553 349 2584 et
374 2549 518 2583 scribam
542 2548 652 2582 iussit.
699 2551 802 2591 atque
825 2549 880 2582 hic
903 2549 1035 2593 longam
1059 2547 1144 2582 satis
1165 2547 1336 2590 ingressus
1358 2544 1541 2579 orationem
1564 2544 1680 2590 specie

208 2595 387 2631 invehendi
408 2594 443 2629 in
467 2594 698 2638 Nostongum‚
732 2594 908 2628 maximam
940 2607 979 2628 re
1009 2605 1090 2628 vera
1122 2592 1283 2626 sermonis
1320 2595 1450 2635 partem
1475 2591 1680 2635 consumpsit

207 2642 243 2676 in
268 2641 443 2688 purgando
465 2640 556 2685 apud
580 2642 778 2684 praesentes
802 2644 978 2683 magnates
1010 2640 1095 2673 duce
1117 2649 1238 2682 magno
1261 2638 1413 2682 actisque
1435 2636 1527 2671 illius
1549 2639 1584 2670 et
1607 2637 1679 2670 suis

209 2700 292 2734 erga
314 2688 406 2722 illum
427 2686 599 2721 beneficiis
631 2685 871 2730 vituperationi
901 2685 1097 2719 eximendis.
1144 2689 1299 2718 conatum
1328 2683 1452 2728 quippe
1483 2694 1594 2717 acrem
1625 2683 1680 2716 in—

209 2735 320 2769 tendit
354 2734 398 2769 ad
431 2731 699 2780 persuadendum
732 2742 842 2777 neque
874 2742 911 2765 se
943 2729 1151 2765 cumulandis
1183 2730 1219 2763 in
1241 2729 1462 2763 Rontzerium
1495 2729 1678 2763 honoribus

206 2781 420 2815 liberalitate
443 2778 648 2818 excessisse,
680 2788 789 2823 neque
820 2777 912 2811 illum
935 2777 1108 2823 accepisse
1131 2788 1151 2810 a
1175 2787 1213 2810 se
1235 2775 1416 2821 quidquam
1439 2786 1506 2820 quo
1530 2786 1596 2808 non
1617 2774 1689 2808 de-

208 2827 310 2862 beret
330 2825 473 2861 iudicari
495 2823 731 2870 dignissimus,
761 2823 889 2871 quippe
912 2823 970 2870 qui
993 2824 1057 2859 iam
1079 2827 1260 2868 antequam
1284 2822 1350 2857 huc
1372 2821 1573 2866 adveniret,
1605 2831 1679 2855 ma-
