1858 3126
346 139 421 182 DE
454 135 784 182 ANDRONICO
819 135 1195 182 PALAEOLOGO
1230 138 1278 180 L.
1304 136 1380 180 lv.
1506 138 1605 184 307

280 253 357 299 16.
431 255 578 295 Ταῦτα
604 251 679 305 μὲν
708 254 782 294 τοῦ
810 249 926 300 ἴτους
953 249 1103 294 ἔκείνου
1126 247 1297 307 γεγόνει·
1342 249 1524 295 Ἀλανῶν
1552 252 1599 295 δὲ
1625 254 1655 289 Β

137 318 382 378 μεγάθυμον
409 319 534 370 ἔθνος
556 317 651 363 ῶσεὶ
679 319 777 362 δέκα
798 321 863 362 καὶ
882 317 928 370 ἓξ
944 317 1133 373 χιλιάδας
1159 317 1436 373 ποσυῦμενον,
1473 314 1532 364 ῶν
1553 319 1602 364 τὸ

137 388 239 446 ὖπέρ
256 387 382 445 ἥμισυ
401 386 580 443 μάχιμον
598 383 648 443 ἦν
658 421 671 440 ,
702 387 914 431 ‹inuh-9³21
930 391 1051 443 Νογᾶ
1070 390 1137 430 καὶ
1154 393 1229 443 τῆς
1246 386 1324 431 ὕπ’
1347 389 1482 447 ἐκείνῳ
1502 391 1603 433 δου-

137 459 248 508 λείας
267 459 309 500 ἓν
326 458 492 515 πολέμῳ
513 453 799 506 ἀπολωλότος,
833 453 1000 511 ἐζήτουν
1028 463 1281 510 προσχωρεῖν
1310 461 1492 510 βασιλεῖ,
1535 459 1605 500 καὶ

103 531 195 585 ὅτῷ
227 525 406 583 ἀρχιερεῖ
428 523 728 581 προσελθόντες
755 526 944 579 Βιτζι’νης
971 524 1148 568 ἱκέτευον
1175 524 1234 567 δι’
1264 524 1397 568 αὐτοῦ
1421 526 1596 579 βασιλέα
1619 528 1649 563 Ρ
1672 530 1739 565 212

137 599 249 652 σφᾶς
277 596 484 649 δέχεσθαι.
551 592 717 637 ε’νόσουν
746 598 846 649 γοῦν
875 597 942 636 καὶ
977 596 1119 643 δεινῶς
1146 591 1252 647 εἶχον
1280 591 1374 636 τότε
1406 594 1459 636 τὰ
1493 595 1600 637 κατὰ

135 661 365 718 ἅνατολῆν,
393 664 461 705 καὶ
490 667 565 705 τοῦ
589 663 777 717 Βιτζίνης
803 661 879 716 τὴν
906 666 1024 718 σᾳῶν
1053 661 1317 718 ἀγγέλλοντας
1338 662 1508 706 ἱκετείαν
1529 663 1600 719 ἕρ-

132 749 258 786 μαιον
282 733 506 787 ἐλογίζοντο
537 729 592 781 ὦς
617 729 802 786 καιρόνδ’
829 729 1103 774 ἐπιστάντων·
1138 730 1291 780 αι’·τοῦς
1308 730 1387 788 γὰρ
1408 729 1508 774 εἶναι
1529 734 1598 774 καὶ

132 800 231 851 τοὶς
251 805 308 859 τῷ
327 804 447 859 Νογᾷ
466 801 819 856 παρασπίζοντας,
856 801 923 841 καὶ
943 799 1003 842 δι’
1026 794 1083 842 ὧν
1102 801 1251 849 ἐκεῖνος
1269 800 1322 842 τὰ
1344 797 1500 855 μεγάλα
1519 818 1597 843 κα-

78 878 123 912 10
135 867 318 926 τώρθου.
386 870 453 911 καὶ
480 868 548 911 διὰ
575 873 699 911 τοῦτο
723 868 798 923 τὴν
822 872 941 925 σφῶν
961 867 1099 924 ἅᾳιξιν
1117 866 1272 912 θεόθεν
1293 868 1384 911 τινὰ
1405 869 1595 925 μηχανὴν

130 936 304 993 ἦγοῦντο
323 936 518 992 εὐκαίρως
536 939 850 991 σχεδιασθεΐσαν
869 937 926 986 εἷς
943 935 1118 993 ἀρωγήν.
1170 934 1395 993 γράμματά
1420 954 1464 980 τε
1486 937 1590 995 παρ’

70 1036 76 1037 ff
131 1006 285 1056 αὗτοὺς
309 1005 501 1059 βασιλικὰ
526 1005 830 1059 κατεπὲμποντο
842 1038 856 1058 ,
894 1008 960 1048 καὶ
979 1008 1221 1061 παμπληθεὶ
1241 1005 1312 1061 ἐφ’
1334 1003 1505 1059 ἁμαξῶν
1523 1007 1591 1049 καὶ
1613 1015 1643 1048 Β

129 1073 361 1130 λαμπήναις
390 1073 766 1130 προσηυτομόλουν.
836 1076 903 1116 καὶ
930 1075 1124 1129 βασιλεῦς
1146 1073 1207 1117 ὅτι
1226 1074 1417 1130 πλείστην
1445 1074 1489 1117 ἔκ
1505 1091 1592 1130 χω-

129 1149 213 1200 ρῶν
233 1146 449 1204 Θρᾳκικῶν
465 1160 507 1186 τε
526 1145 593 1185 καὶ
610 1145 908 1186 Μακεδονικῶν
937 1143 1012 1198 τὴν
1041 1144 1199 1186 ἐκείνων
1219 1139 1507 1198 παρεσκευάκει
1525 1145 1591 1187 σι’-

75 1221 118 1256 15
130 1229 258 1268 τησιν.
328 1212 424 1262 τούς
446 1212 494 1254 δέ
508 1229 550 1268 γε
567 1216 809 1267 μεγιστᾶνας
827 1213 985 1254 ἐκείνων
1004 1211 1229 1268 εἰσαγαγὼν
1246 1213 1313 1254 καὶ
1329 1208 1591 1268 φιλοφρόνως

129 1278 444 1337 δεξιωσάμενος,
479 1282 523 1323 ἐκ
556 1283 783 1323 συνδοσιῶν
805 1285 950 1322 κοινῶν
974 1281 1027 1323 τὰ
1049 1281 1207 1323 ἐκείνων
1229 1276 1449 1333 ἑτοιμάσας
1468 1278 1589 1335 dissai-

126 1367 192 1392 νια
204 1383 218 1402 ,
254 1349 313 1392 ἔτι
342 1350 387 1391 δὲ
413 1351 479 1391 καὶ
503 1350 642 1398 ἵπποις
662 1346 866 1398 ἱκανώσας
882 1349 926 1390 ἐκ
947 1353 1030 1391 τῶν
1048 1349 1162 1391 ἰδίων
1181 1353 1444 1403 στρατιωτῶν
1461 1346 1587 1403 μάλι-

125 1435 203 1462 στα
213 1451 229 1472 ,
266 1424 352 1468 τοῖς
371 1417 519 1468 ἱκανῶς
540 1416 640 1472 ἔχειν
662 1419 777 1475 σᾳίσι
798 1419 965 1460 δοκοῦσι
983 1417 1196 1475 παραδοῦς
1215 1419 1463 1467 διασωσταῖς
1479 1415 1578 1460 Ῥω·
1603 1427 1633 1462 C

211 1516 246 1551 2.
270 1513 321 1558 ὥς
341 1514 422 1557 tls?

215 1595 271 1630 16.
316 1594 372 1629 Ea
400 1595 538 1641 quidem
568 1605 655 1628 anno
686 1594 744 1629 illo
776 1594 1002 1639 contigerunt.
1047 1594 1228 1629 Alanorum
1258 1605 1340 1628 vero
1370 1592 1582 1638 magnanima

122 1652 225 1686 gens,
258 1641 404 1685 capitum
437 1653 574 1675 numero
597 1642 671 1675 fere
693 1641 837 1675 sedecim
863 1641 1024 1682 millium,
1054 1652 1195 1686 quorum
1218 1641 1295 1684 plus
1326 1639 1462 1674 dimidio
1486 1640 1584 1674 bellis

122 1687 198 1732 apti
218 1690 255 1720 et
276 1687 455 1722 exercitati
481 1692 599 1727 erant,
626 1687 784 1721 destituti
807 1699 829 1721 a
851 1687 954 1731 Noga
976 1692 1012 1720 et
1034 1688 1077 1721 ab
1102 1686 1198 1720 huius
1221 1687 1287 1720 iam
1309 1686 1448 1720 servitio
1471 1686 1582 1730 liberi,

121 1737 298 1778 postquam
316 1733 346 1766 is
366 1732 401 1767 in
424 1733 554 1778 praelio
577 1733 758 1775 ceciderat,
780 1734 991 1778 quaerebant
1012 1733 1047 1767 in
1070 1731 1283 1777 imperatoris
1303 1731 1452 1765 militiam
1467 1737 1584 1765 trans-

121 1779 195 1820 ire3
225 1783 263 1812 et
283 1779 376 1813 adito
397 1779 558 1824 episcopo
581 1778 756 1820 BRzines,
788 1779 1027 1824 supplicabant
1056 1778 1128 1812 eius
1154 1789 1260 1822 opera
1292 1777 1488 1821 persuaderi
1509 1779 1582 1810 An-

122 1823 259 1858 dronico
292 1830 332 1858 ut
362 1824 456 1869 ipsos
483 1825 692 1860 admitteret.
734 1826 877 1859 favebat
897 1824 1084 1858 istiusmodi
1108 1823 1262 1869 petitioni
1285 1833 1447 1867 praesens
1468 1826 1582 1855 status

122 1879 235 1903 rerum
265 1869 415 1914 imperii:
447 1881 524 1904 nam
557 1870 713 1915 graviter
735 1875 816 1904 tunc
839 1871 1040 1904 laborabant
1064 1869 1259 1903 Orientales
1285 1873 1426 1901 tractus.
1472 1878 1581 1912 quare

121 1913 306 1948 Bitzineusi
338 1915 420 1959 quid
450 1916 548 1950 Alani
581 1919 737 1960 peterent
766 1915 930 1950 referenti
954 1915 1077 1959 cupide
1101 1916 1245 1958 Augusti
1267 1919 1302 1946 et
1324 1913 1384 1957 qui
1407 1911 1458 1946 eis
1481 1918 1581 1946 erant

121 1970 143 1993 a
165 1959 302 1994 consilio
325 1967 531 2002 annuerunt,
558 1966 719 2006 tanquam
742 1973 886 1995 occursu
908 1961 958 1995 rei
980 1960 1205 1994 sanstissimae
1227 1958 1436 2003 gaudentes,
1458 1958 1578 1993 offerri

121 2004 212 2038 ultro
242 2009 311 2038 tam
341 2011 530 2049 opportune
558 2006 648 2040 nullo
671 2007 755 2040 satis
780 2007 891 2040 studio
914 2006 1032 2050 quaeri
1065 2011 1101 2038 et
1126 2004 1237 2049 pretio
1260 2003 1323 2036 emi
1346 2003 1480 2047 dignum
1503 2014 1578 2037 ma-

118 2050 228 2085 lorum
241 2051 429 2094 urgentium
444 2052 634 2085 remedium.
672 2053 879 2096 reputabant
899 2053 1003 2085 fuisse
1025 2051 1089 2084 hoa
1111 2049 1210 2095 quasi
1230 2048 1369 2083 triarios
1390 2052 1451 2083 aut
1472 2049 1575 2083 etiam

118 2096 373 2141 praetorianos,
405 2095 552 2140 Nugae,
585 2096 799 2141 praecipuum
821 2098 925 2131 robur
957 2097 1129 2140 exercitus
1151 2094 1280 2139 ipsius,
1314 2105 1455 2139 quorum
1475 2094 1510 2128 vi
1532 2106 1576 2129 ae

117 2142 199 2176 sorti
218 2141 378 2186 fidelique
400 2153 505 2186 opera
525 2146 579 2176 tot
600 2142 656 2175 illa
678 2147 841 2187 tantaque
863 2142 1075 2186 perfecisset,
1098 2140 1220 2185 quibus
1242 2145 1335 2174 esset
1357 2139 1430 2174 eius
1451 2151 1572 2175 nomeu

117 2187 278 2232 inclytum
301 2187 478 2224 redditum.
513 2188 600 2222 tales
623 2199 705 2231 ergo
725 2187 788 2222 tali
810 2192 961 2231 tempore
983 2192 1106 2231 sponte
1126 2186 1161 2219 in
1184 2185 1356 2220 Romanae
1375 2186 1428 2220 rei
1449 2185 1573 2220 laban-

115 2233 164 2267 tis
185 2240 403 2268 occurrentes
424 2233 580 2267 auxilium
603 2245 677 2267 cum
698 2233 924 2277 gratulatione
945 2231 1172 2276 accipiendos,
1195 2231 1247 2265 sic
1268 2236 1436 2276 tamquam
1459 2232 1570 2277 (quod

117 2278 186 2313 dici
209 2279 312 2323 solet)
335 2279 434 2313 deum
461 2291 481 2312 e
503 2279 677 2321 machina,
714 2280 914 2312 censebant:
948 2277 1002 2311 dei
1023 2277 1111 2311 enim
1132 2278 1287 2322 profecto
1309 2277 1463 2311 benefica
1489 2289 1572 2322 pro-

115 2324 269 2359 videntia
289 2332 359 2359 tam
381 2322 570 2370 opportune
592 2324 776 2359 adveniens
807 2323 961 2368 expediri
980 2323 1163 2357 subsidium
1186 2322 1244 2367 qui
1265 2334 1331 2357 non
1353 2322 1570 2368 intelligeret,

116 2370 272 2404 hebetem
293 2372 410 2416 utique
431 2372 667 2416 ingratumque
688 2369 796 2404 videri
816 2369 955 2404 debere.
998 2368 1114 2413 statim
1145 2369 1251 2414 igitur
1271 2368 1401 2414 prolixe
1422 2380 1463 2402 ac
1485 2380 1568 2413 per-

117 2415 303 2452 honorifice
332 2414 560 2462 imperialibus
589 2416 721 2451 invitati
753 2415 880 2457 literis,
913 2420 951 2449 et
971 2414 1038 2460 ipsi
1059 2414 1134 2448 sine
1155 2425 1250 2448 mora
1271 2421 1346 2448 cum
1368 2414 1502 2448 familiis
1525 2425 1567 2448 ac

116 2461 275 2502 sarcinis,
305 2474 461 2497 curruum
493 2465 786 2508 plaustrorumque
809 2472 945 2495 numero
967 2461 1096 2505 ingenti
1123 2460 1189 2493 huc
1210 2459 1460 2515 transmigrant.
1505 2471 1569 2493 nec

118 2507 228 2542 omisit
257 2508 441 2552 imperator
469 2509 603 2543 abunde
631 2508 810 2553 providere
840 2518 1002 2541 novorum
1033 2505 1198 2550 hospitum
1231 2505 1336 2539 victui
1344 2518 1366 2540 ι·
1386 2511 1567 2550 corrogata

117 2553 205 2586 mim
227 2565 247 2586 e
267 2554 438 2588 Thraciae
459 2565 500 2588 ac
522 2554 742 2588 Macedoniae
762 2553 953 2598 regionibus
976 2563 1098 2595 magna
1120 2551 1279 2585 frumenti
1301 2551 1336 2584 vi
1350 2577 1360 2594 ‚
1397 2551 1567 2595 copiosam

117 2597 241 2642 populo
262 2599 422 2634 universo
444 2611 486 2634 ac
507 2600 596 2644 plebi
619 2600 722 2633 etiam
735 2599 915 2633 Alanorum
938 2598 1071 2632 infimae
1093 2607 1256 2631 annonam
1278 2597 1447 2642 praebuit.
1484 2606 1566 2640 pro-

118 2653 214 2676 ceres
233 2655 314 2678 vero
338 2657 379 2678 ac
400 2651 583 2680 summates
602 2646 713 2690 gentis
734 2645 778 2679 ad
802 2657 840 2678 se
862 2644 1100 2678 humanissime
1122 2642 1284 2676 admissos
1306 2642 1394 2676 omni
1418 2643 1566 2675 benevo-

115 2687 242 2722 lentiae
263 2689 512 2732 significatione
533 2691 703 2734 delinivit,
727 2695 980 2725 auctoramenta
1002 2689 1141 2734 insuper
1161 2687 1211 2722 eis
1231 2688 1416 2722 decernens
1438 2697 1568 2720 annua-

115 2743 188 2766 rum
211 2734 403 2778 pensionum
425 2748 467 2771 ex
490 2737 651 2771 collatitia
669 2737 824 2781 pecunia.
870 2735 930 2769 sed
952 2740 989 2768 et
1011 2733 1067 2778 qui
1091 2745 1204 2768 eorum
1226 2734 1301 2779 apti
1324 2731 1478 2778 equestri
1499 2730 1565 2765 mi-

116 2777 211 2813 litiae
234 2787 459 2824 apparerent,
479 2782 524 2816 iis
546 2794 652 2828 equos
675 2782 832 2816 attribuit
854 2779 1002 2827 propriis
1023 2779 1187 2814 militibus
1207 2780 1407 2825 ademptos;
1428 2776 1565 2811 iisdem-
