1858 3126
285 161 383 207 750
687 158 996 204 OBSERVAT.
1025 161 1331 208 PACHYMER.

283 271 362 310 vol.
381 270 398 308 1
415 274 550 307 noster
575 267 681 307 idem
706 267 918 308 historicus
944 284 983 322 p.
1007 269 1091 313 440
1113 284 1153 311 v.
1172 274 1234 315 10ι
1253 271 1627 325 ἆοσιιοτιῑ,·ιὶωὶ]ἰε
1645 274 1726 314 1111-

282 325 519 379 pedimenti,
543 338 614 363 sex
632 325 781 377 pariter
795 327 1145 377 consanguinitatis
1167 328 1385 379 graduum,
1413 330 1603 370 obstantis
1628 345 1726 370 con-

283 382 408 421 nubio
441 383 545 420 inter
569 381 794 420 Michaelem
820 382 986 421 Occidui
1017 389 1169 422 tractus
1199 385 1402 437 despotam
1421 392 1460 425 et
1481 387 1660 426 Annam
1648 402 1722 426 im-

281 438 478 490 peratoris
496 437 693 476 Michaelis
709 438 829 476 filiam
852 439 1116 490 conciliando,
1136 442 1299 491 glatiam
1319 443 1506 490 fecerant,
1535 449 1722 495 poscente

282 495 477 545 Augusto,
509 494 578 545 qui
597 501 696 532 tunc
715 502 922 546 praeerant
939 496 1143 546 ecclesiae,
1173 511 1261 536 cum
1278 504 1409 536 tamen
1427 498 1522 536 adeo
1547 511 1729 550 praesens

282 557 321 589 et
338 557 538 602 piaestans
558 551 738 588 utilitas·
727 565 769 588 111
795 564 877 589 rem
901 552 1055 603 imperii
1082 566 1130 590 ex
1149 554 1225 591 isto
1244 555 1425 605 coniugio
1449 568 1528 592 non
1549 568 1729 606 sperare-

281 613 350 645 tur
367 621 481 657 quam
503 620 601 658 quae
625 613 732 644 certo
753 608 965 659 apparebat
985 622 1036 646 ex
1055 608 1134 646 hoc
1150 616 1342 648 secutura.
1399 610 1584 649 nimirum
1602 609 1731 648 schis-

282 663 418 701 matici
439 676 546 701 nunc
574 669 751 714 potentes
772 677 837 701 1e1
839 677 904 702 um
930 663 1167 704 affectabant
1183 666 1443 717 religiosiores
1462 680 1650 719 apparere
1664 680 1732 704 ca-

281 718 444 758 tholicis
465 725 562 757 tunc
583 725 620 757 et
639 720 823 758 ecclesiae
847 727 885 758 et
909 721 1151 771 reipublicae
1180 722 1517 774 praesidentibus3
1547 729 1665 774 atque
1685 729 1730 760 ut

282 775 535 815 Andronicus
554 775 701 813 eiurata
721 776 932 814 concordia
953 790 1042 815 cum
1062 791 1185 829 papa,
1228 793 1344 830 quam
1367 779 1449 817 eius
1469 785 1580 831 pater
1597 784 1730 816 sancte

284 833 480 880 coluerat,
518 831 647 871 videri
681 832 857 881 studuit,
895 831 970 870 hac
998 834 1267 884 superstitiosa
1296 835 1508 873 omissione
1529 835 1730 872 affinitatis

280 888 511 926 utilissimae
540 887 706 939 imperio
735 895 900 940 propter
927 897 1075 927 metum
1103 890 1281 940 inanem,
1312 891 1421 942 quasi
1449 891 1532 930 eius
1553 890 1730 942 impedi-

282 951 457 982 mentum
477 945 670 982 removeri
687 945 871 983 ecclesiae
889 946 1122 984 auctoritate
1142 947 1335 998 nequiret,
1358 948 1445 999 plus
1457 960 1592 999 sapere
1614 959 1731 997 quam

281 1001 369 1050 ille,
400 1014 515 1052 quem
536 1001 766 1039 meminerat
784 1004 869 1053 pari
891 1002 1094 1040 occasione
1126 1004 1349 1054 praesulum
1373 1003 1729 1041 ecclesiasticorum

282 1056 476 1095 auxilium
494 1056 746 1108 implorasse,
776 1059 832 1095 ita
853 1058 1074 1109 patriarcha
1100 1072 1208 1096 nunc
1229 1059 1366 1097 sedens
1386 1065 1425 1096 et
1448 1061 1531 1097 eius
1552 1072 1728 1097 assesso-

279 1126 344 1151 res
362 1113 552 1151 antistites
569 1142 579 1162 ,
619 1127 751 1152 omnes
778 1113 978 1152 schismati
1000 1114 1276 1164 addictissimi,
1319 1115 1475 1153 Ioannis
1495 1114 1632 1163 Vesci,
1662 1113 1728 1165 qui

279 1176 378 1207 tunc
411 1170 459 1207 de
485 1170 676 1208 sententia
705 1170 991 1208 catholicorum
1013 1171 1050 1207 ei
1077 1171 1342 1209 assistentium
1363 1170 1641 1222 episcoporum
1661 1183 1728 1210 ec·-

280 1225 500 1263 clesiastica
536 1231 729 1277 potestate
758 1227 1006 1265 relaxaverat
1047 1226 1255 1264 vinculum
1286 1239 1307 1265 e
1337 1233 1448 1265 sexto
1485 1225 1728 1277 cognationis

280 1282 407 1331 gradu
433 1287 587 1327 ortum,
626 1295 702 1333 quo
742 1296 764 1320 a
804 1283 892 1321 iure
925 1281 1183 1321 contrahendi
1217 1283 1511 1322 matrimonium
1544 1282 1729 1334 despotae

277 1337 449 1376 Michaet
479 1338 650 1389 Angelus
681 1344 720 1376 et
751 1338 865 1377 Anna
892 1339 1121 1390 Palaeologa
1150 1339 1232 1376 filia
1260 1338 1729 1390 Michafflisimperatoris

277 1394 534 1444 arcebantur,
565 1396 713 1432 factum
732 1394 919 1433 damnare
940 1396 1137 1444 voluisse,
1171 1395 1278 1434 ultro
1298 1396 1456 1434 fatendo
1477 1394 1669 1433 excedere
1685 1393 1728 1431 id

276 1450 362 1489 vim
382 1450 657 1502 patriarchalis
681 1452 939 1490 auctoritatis.
997 1451 1250 1503 permittebat
1270 1458 1398 1490 autem
1416 1452 1526 1500 deus,
1554 1451 1624 1502 qui
1645 1463 1727 1488 non

276 1519 369 1543 raro
401 1506 584 1544 factiosos
619 1514 758 1544 contra
788 1507 990 1546 ecclesiam
1021 1507 1291 1559 conspirantes
1323 1507 1469 1546 mutuis
1503 1508 1608 1544 inter
1644 1518 1727 1544 sese

277 1561 540 1599 simultatibus
563 1563 800 1612 committit,
838 1577 921 1601 sese
952 1563 1049 1602 istos
1070 1563 1180 1602 vanis
1209 1562 1320 1602 hisce
1337 1563 1533 1614 scrupulis
1554 1561 1734 1600 invicem*

138 1623 166 1656 Ρ
190 1620 256 1658 537
279 1617 481 1656 infestare.
539 1630 628 1654 nam
655 1619 773 1668 paulo
803 1620 983 1670 superius
1015 1633 1047 1657 c.
1066 1622 1094 1661 3
1123 1618 1380 1670 Pachymeres
1412 1619 1535 1656 refert
1557 1617 1727 1669 patriar-

279 1673 392 1711 cham
423 1679 462 1711 et
506 1673 711 1724 episcopos
742 1677 960 1725 praefracte
995 1688 1153 1724 negasse
1188 1674 1414 1712 Andronico
1449 1673 1727 1711 instantissime

280 1729 410 1767 oranti
431 1729 753 1767 constitutionem
775 1730 1078 1768 ecclesiasticam
1101 1743 1175 1780 qua
1195 1730 1267 1767 sub
1290 1729 1608 1767 interminatione
1629 1742 1727 1766 ana·

279 1785 464 1824 thematis
498 1798 632 1823 omnes
663 1785 826 1836 imperio
851 1786 998 1824 subditi
1024 1785 1255 1823 iuberentur
1270 1784 1453 1823 Michaeli
1474 1784 1624 1823 iuniori
1643 1785 1722 1822 Au-

279 1848 394 1893 gusto
425 1841 542 1880 fidem
576 1842 901 1880 etobedientiam
935 1848 1152 1893 praestare,
1193 1841 1304 1892 quasi
1339 1847 1440 1879 esset
1471 1841 1519 1879 ab
1539 1840 1727 1879 ecclesiae

278 1904 457 1936 materna
478 1897 638 1936 lenitate
657 1898 828 1936 alienum
856 1899 954 1937 diris
978 1899 1019 1935 in
1038 1897 1259 1949 perduelles
1283 1897 1454 1947 saevire3
1485 1903 1525 1935 et
1547 1897 1662 1935 istius
1682 1896 1727 1934 in

280 1954 474 1992 ultionem
508 1954 688 2006 repulsae
716 1954 986 1993 Andronicum
1009 1954 1175 1991 eundem
1204 1953 1410 1991 Novellam
1431 1952 1618 2001 edidisse,
1647 1964 1727 2003 qua

278 2010 529 2060 largitionem
553 2010 822 2062 sportularum
851 2011 892 2049 in
915 2011 1190 2062 episcoporum
1215 2009 1529 2047 ordinationibus
1545 2008 1726 2046 usitatam

279 2078 331 2103 ex
358 2066 474 2116 longo
511 2066 848 2119 Constantinopoli
879 2073 926 2105 ut
943 2066 1205 2104 Simoniacam
1234 2064 1443 2103 damnabat
1474 2071 1513 2103 et
1540 2063 1725 2115 deinceps

279 2120 457 2159 adhiberi
480 2122 729 2174 prohibebat,
758 2123 928 2162 vicissim
952 2136 1068 2160 urens
1090 2127 1298 2173 praetextu
1313 2120 1491 2172 quaesito
1512 2133 1578 2159 eos
1598 2119 1668 2171 qui
1684 2131 1726 2157 se

278 2177 405 2215 nihilo
428 2178 682 2228 probabiliori
706 2179 871 2218 obtentu
889 2184 1151 2231 pupugerant.

393 2234 454 2271 Ad
477 2235 714 2272 adstruenda
735 2249 834 2286 quae
860 2237 978 2273 modo
997 2235 1094 2283 dixi,
1123 2232 1322 2285 pertinere
1339 2237 1437 2283 puto
1457 2235 1592 2268 notam
1614 2241 1724 2266 mar-

278 2287 448 2338 ginalem
468 2304 488 2326 a
510 2290 658 2328 lectore
680 2292 831 2329 Graeco
849 2305 967 2329 manu
990 2291 1081 2328 satis
1109 2289 1267 2339 antiqua
1286 2287 1328 2325 in
1345 2300 1413 2324 ora
1431 2283 1632 2325 Barberini
1649 2298 1723 2322 co-

279 2344 382 2381 dicis
408 2345 600 2395 positam,
632 2359 652 2383 e
676 2347 832 2395 regione
853 2348 886 2384 si
907 2347 1066 2398 quidem
1087 2346 1247 2383 illorum
1279 2343 1489 2381 verborum
1520 2337 1617 2380 mate
1649 2354 1723 2380 τον

277 2398 369 2440 νέον
398 2400 557 2450 βασιλέα
581 2400 762 2469 γαμβοόν
799 2403 926 2458 ἐκείνῃ
954 2401 1141 2470 γενέσθαι
1168 2399 1226 2437 sic
1250 2398 1304 2436 ibi
1330 2397 1539 2466 δθΐώὶῐῦῑξ
1575 2395 1645 2435 ἵνα
1666 2411 1721 2448 μη

275 2457 440 2495 τοιαῦτα
464 2456 532 2495 καὶ
559 2451 681 2503 αυθις
709 2459 947 2508 συμβαίνοι,
977 2456 999 2498 ὅ
1026 2459 1098 2508 τῆς
1113 2452 1258 2506 Ῥώμης
1277 2450 1476 2505 ἆρχιερευς
1494 2447 1542 2490 τὰ
1557 2454 1722 2491 τοιαῦτα

277 2514 514 2563 παραχωρεῖ.
571 2525 687 2561 quae,
717 2514 879 2562 opinor,
909 2512 1129 2562 significant
1149 2510 1296 2548 cavisse
1313 2509 1417 2556 illos,
1452 2507 1518 2558 qui
1537 2506 1722 2545 ecclesiae

280 2580 389 2605 nunc
408 2581 455 2618 pl
457 2579 543 2604 aee1
545 2573 633 2616 ant
661 2580 711 2604 ne
731 2569 879 2606 imitari
896 2569 1125 2607 viderentur
1143 2564 1366 2615 exemplum
1381 2576 1403 2599 a
1426 2563 1553 2600 Vecco
1575 2567 1614 2600 et
1633 2561 1720 2600 aliis

283 2623 477 2674 episcopis
499 2622 657 2660 Glaecis
675 2623 869 2661 Romanae
888 2621 1175 2662 communionis
1194 2620 1234 2657 in
1258 2620 1328 2657 illo
1346 2617 1608 2670 permittendo
1629 2630 1721 2655 con.

284 2679 431 2728 nubio,
470 2678 519 2717 de
547 2692 623 2729 quo
648 2679 728 2716 vol.
756 2679 775 2716 I
800 2692 837 2730 p
866 2679 947 2720 440
972 2692 1010 2716 v.
1037 2682 1088 2720 10
1127 2682 1258 2714 actum
1289 2677 1436 2721 fuerat,
1487 2673 1718 2726 praebiturus

284 2710 442 2772 causatii
468 2747 564 2773 vero
597 2748 670 2772 cur
696 2734 740 2772 id
769 2735 974 2785 diligenter
1001 2733 1233 2781 vitaverint,
1272 2731 1497 2783 exprimunt
1519 2729 1637 2767 verba
1654 2741 1719 2767 se·-

286 2791 489 2841 quentiai
493 2789 518 2832 o‘
541 2791 614 2843 τῆς
639 2789 797 2844 Ῥώμης
818 2786 1022 2845 ἄρχιερεῦς
1051 2791 1214 2830 τοιαῦτα
1237 2790 1481 2842 παραχωρεῖ,
1508 2787 1719 2824 Romanus
