1820 3112
211 184 306 230 162
631 182 867 227 GEORGII
905 182 1262 227 PACHYMERIS

206 297 435 354 περίπυστα
473 293 707 352 πνευσάσης
749 297 975 354 δυσχεροῦς
1017 297 1085 338 καὶ
1125 292 1396 352 τελχινῶδους
1431 296 1563 356 αῧρας
1599 315 1676 342 κα-

204 366 410 419 τὲσβεστο.

345 434 428 475 Καὶ
451 432 574 475 ταῦτ’
596 430 815 487 ἐπράττετο
840 432 1019 489 Κρονίου
1039 429 1191 487 μηνός,
1230 430 1297 476 ὅτε
1328 435 1394 476 καὶ
1417 438 1584 485 πολλοῖς
1600 435 1676 489 μὲν

155 509 188 543 Ε
212 506 294 545 τῶν
313 506 387 544 τοῦ
411 502 611 543 παλατίου
635 501 709 544 οὐκ
734 501 880 558 ὀλίγοις
902 503 947 544 δὲ
975 503 1041 544 καὶ
1063 506 1144 545 τῶν
1169 506 1243 557 τῆς
1261 503 1475 557 ἐκκλησίας
1494 503 1676 546 ἀσυνθε-

208 573 301 620 σίας
337 570 439 626 πρὸς
458 570 630 623 βασιλέα
667 570 847 626 ἔγκλημα
878 570 934 612 δι’
976 571 1124 613 ἐκεῖνον
1155 568 1212 620 ὥς
1245 572 1375 626 δῆθεν
1402 575 1708 624 βασιλειῶνταό

207 641 400 696 ἐφῆπται.
469 634 519 694 ἦν
541 640 620 695 γὰρ
652 646 742 689 ταῖς
767 639 980 694 ἀληθείαις
1011 637 1031 681 ὃ
1052 638 1154 695 ἀνὴρ
1177 640 1217 689 ἐς
1246 638 1372 695 ἄκρον
1390 638 1678 696 φιλοδωρότα-

207 725 277 758 τος
297 742 309 760 ,
341 709 407 750 καὶ
442 708 619 757 πολλοὺς
650 706 899 764 συνυπήγετο
938 715 1024 758 τοῖς
1048 706 1426 764 φιλοφρονήμασιν,
1474 707 1579 752 ὥστε
1609 710 1678 752 καὶ

208 777 370 832 ἀγαπᾶν
397 776 776 831 εὖεργετουμίνους,
816 776 864 819 οὗ
886 776 969 831 μὴν
989 778 1032 819 δέ
1051 775 1155 820 ὥστε
1182 778 1247 818 καὶ
1275 777 1497 820 συνειδέναι
1515 776 1599 833 οἷῆ
1623 777 1676 833 δὴ

210 843 525 900 συμβούλεσθαι
555 844 582 887 ἃ
617 845 667 899 δὴ
695 847 843 894 ἐκεῖνος
879 845 996 894 εἰδὼς
1027 847 1094 887 καὶ
1122 843 1398 900 βουλόμενον,
1435 844 1492 897 ὥς
1518 846 1558 889 οἳ
1576 845 1674 889 κατ’

208 909 358 958 ἐκείνου
379 914 561 969 λέγοντες
583 912 771 957 δεικνύειν
793 913 914 968 εἶχον,
951 914 1195 969 ἐξηλέγχετο.
1239 921 1326 964 τοῖς
1347 910 1421 957 οὖν
1443 919 1518 958 τοῦ
1535 904 1675 958 ιπιιιλα-
1689 921 1733 957 10

207 985 296 1026 τίου
329 987 496 1032 πολλοῖς
525 984 628 1025 τισὶν
660 978 750 1025 οὖσι
779 990 866 1032 τοῖς
893 982 996 1038 παρ’
1032 984 1182 1026 ἐκείνου
1215 982 1560 1039 εὐεργετουμένοις
1578 1000 1678 1026 σνν-

68 1067 96 1101 Ρ
123 1067 188 1103 108
212 1049 424 1108 εγνωμόνει
454 1050 475 1094 ὅ
507 1049 724 1104 βασιλεύς,
768 1050 869 1107 ὑπὲρ
902 1051 1020 1102 ἀξίαν
1047 1052 1121 1105 μὲν
1150 1056 1225 1094 τοῦ
1257 1050 1466 1104 διδόντος,
1506 1051 1602 1103 ἄξια
1631 1053 1679 1095 δὲ

210 1128 297 1171 τοῖς
329 1118 588 1174 λαμβάνουσι
619 1120 672 1162 τὰ
693 1119 887 1174 διδόμενα
907 1122 1068 1175 κρίνων.
1140 1122 1289 1163 ἐκεῖνον
1306 1121 1381 1174 μὲν
1399 1116 1477 1176 ’γὰρ
1499 1120 1680 1177 ἀδελφὸν

209 1190 411 1244 βασιλέως
447 1188 544 1231 ὄντα
579 1186 791 1239 τοσούτοις
821 1192 1047 1245 δωρεῖσθαι
1079 1186 1192 1239 ὅσοις
1219 1190 1324 1244 μηδὲ
1344 1190 1516 1241 βασιλέα
1533 1189 1678 1244 σχεδὸν

211 1258 315 1308 εἷκός
335 1253 386 1314 ἦν
418 1259 552 1307 αἰτίας
585 1258 757 1300 ἐποιεῖτο
788 1260 942 1312 δῆθεν·
988 1256 1086 1307 τούς
1115 1257 1164 1300 δέ
1183 1275 1227 1313 γε
1254 1255 1544 1312 λαμβάνοντας
1561 1275 1674 1314 μεγι-
1689 1265 1732 1300 15

209 1331 366 1377 στᾶνας
393 1325 541 1378 ὄντας,
573 1328 607 1368 εἲ
636 1328 702 1368 καὶ
730 1325 834 1383 ὑπὲρ
863 1327 910 1369 τὸ
940 1326 1091 1382 με’τρον
1108 1324 1368 1381 ἐλάμβανον,
1405 1325 1501 1369 ἀλλ’
1520 1322 1596 1370 οὖν
1614 1329 1678 1369 δι-

212 1397 354 1445 καίους
383 1393 480 1437 εἶναι
515 1400 688 1437 τοιαῦτα
727 1398 793 1438 καὶ
835 1394 939 1438 τόσα
979 1393 1203 1448 λαμβάνειν
1231 1393 1680 1451 ὗποκατακλινομένους

162 1475 189 1508 Β
214 1465 348 1522 ἐκείνῳ
375 1466 418 1506 ἐκ
439 1469 520 1507 τῶν
545 1462 708 1507 εἰκότων
730 1460 922 1508 ἐδικαίου.
992 1470 1078 1513 τοῖς
1100 1465 1145 1506 δέ
1163 1468 1238 1520 τῆς
1257 1465 1470 1520 ἐκκλησίας
1490 1464 1548 1520 μὴ
1569 1463 1679 1514 ὅπως

209 1540 296 1582 τοῖς
319 1535 361 1583 ἐξ
384 1533 533 1575 ἐκείνου
555 1533 873 1589 εὐεργετηθεῖσιν
892 1527 996 1575 ἀλλὰ
1019 1534 1086 1574 καὶ
1106 1530 1311 1587 ξύμπασιν
1340 1535 1474 1583 αῗτίας
1491 1531 1513 1576 ὅ
1533 1530 1678 1587 Σάβας

211 1601 498 1656 ἐπειλημμένος
529 1600 805 1657 εὐσχήμονας,
844 1600 899 1652 ὥς
928 1604 1055 1657 δῆθεν
1078 1600 1173 1644 κατ’
1199 1603 1356 1646 ἐκείνων
1383 1604 1452 1645 καὶ
1469 1600 1572 1659 ὑπὲρ
1594 1603 1734 1657 fitz-20

306 1723 359 1757 10.
383 1718 616 1767 ἐξηλέγχοντο
641 1720 682 1758 Ρ.

211 1835 259 1870 ita
282 1836 415 1870 illustre
437 1835 574 1880 lateque
596 1835 746 1870 inclitum
769 1836 895 1880 fulget,
927 1835 1017 1882 quod
1040 1837 1211 1882 pestilenti
1241 1835 1363 1872 afflatu
1384 1835 1551 1881 malignae
1571 1845 1679 1870 aurae
1731 1866 1735 1869 ,

210 1883 385 1917 obscurari
407 1893 449 1916 ac
471 1882 607 1927 penitus
628 1883 781 1927 extingui
804 1882 899 1917 brevi
921 1885 1074 1928 tempore
1096 1895 1163 1918 non
1184 1886 1300 1930 queat.

304 1930 416 1963 Gesta
437 1931 517 1962 sunt
539 1928 626 1962 haec
657 1940 770 1962 mense
793 1929 936 1968 Martio.
971 1929 1105 1974 quando
1140 1934 1176 1964 et
1205 1927 1364 1975 palatinis
1391 1927 1505 1962 multis
1539 1929 1578 1962 et
1609 1938 1677 1962 non

211 1974 328 2019 paucis
350 1974 591 2008 ecclesiasticis
613 1974 739 2008 crimen
763 1974 951 2008 maiestatis
973 1975 1153 2020 impactum
1177 1979 1241 2015 est,
1258 1973 1541 2020 Porphyrogeniti
1564 1985 1679 2015 cansa,

210 2020 309 2065 quasi
332 2020 364 2053 ei
387 2019 562 2054 beneficiis
585 2020 742 2054 obstricti
763 2021 863 2054 etiam
887 2021 930 2054 ad
953 2021 1210 2055 affectationem.
1222 2021 1357 2066 imperii
1377 2022 1555 2055 favissent.
1601 2025 1679 2054 erat

210 2066 297 2099 enim
319 2077 358 2099 re
387 2078 470 2100 vera
493 2066 545 2099 vir
575 2066 631 2100 ille
655 2068 813 2111 profusus
844 2067 879 2100 in
911 2067 1118 2111 largiendum
1143 2072 1183 2101 ut
1205 2067 1263 2112 qui
1294 2066 1455 2108 maxime,
1489 2065 1679 2111 multosque

210 2111 274 2145 sibi
297 2123 338 2145 ea
362 2111 559 2145 devinxerat
580 2112 826 2154 beneficentia3
850 2124 914 2146 non
931 2117 1042 2147 tamen
1066 2118 1105 2147 ut
1127 2112 1281 2148 convinci
1305 2117 1422 2157 posset
1442 2114 1517 2158 plus
1538 2112 1624 2146 istos
1646 2111 1680 2146 ei

211 2156 408 2201 rependisse
438 2169 537 2199 quam
571 2162 705 2202 gratum
734 2164 771 2192 et
802 2164 950 2193 mutuum
986 2171 1151 2201 amorem,
1186 2158 1321 2193 minime
1353 2163 1465 2193 autem
1496 2157 1678 2192 factiosum

212 2202 358 2236 studium
382 2203 574 2236 velificandi
597 2205 722 2249 spebus
746 2205 819 2238 eius
839 2216 946 2250 usque
969 2206 1013 2239 ad
1044 2205 1213 2240 consciam
1245 2204 1525 2249 conspirationem
1546 2203 1582 2236 in
1605 2214 1679 2237 am-

212 2248 335 2282 bitiosa
357 2256 438 2282 vota
461 2249 671 2293 principatus
694 2251 900 2295 usurpandi3
933 2251 1049 2296 qualia
1077 2256 1190 2285 mente
1220 2261 1376 2285 versasse
1407 2249 1499 2283 illum
1532 2248 1677 2283 nondum

212 2294 528 2328 demonstraverant
546 2295 603 2339 qni
626 2296 830 2330 detulerant.
875 2297 909 2330 in
933 2299 1096 2331 communi
1129 2309 1230 2342 porro
1263 2295 1457 2340 suspicione
1487 2293 1593 2327 sacris
1616 2295 1679 2328 bo-

211 2339 356 2373 minibus
385 2345 422 2373 et
453 2339 548 2373 laicis
579 2340 716 2375 diversa
748 2346 968 2387 utrorumque
999 2354 1074 2377 sors
1105 2343 1184 2377 fuit.
1228 2352 1304 2375 nam
1327 2340 1391 2374 illis
1413 2339 1569 2385 quidem,
1591 2350 1678 2385 quos

212 2385 306 2425 dixi,
340 2384 498 2430 palatinis
531 2385 684 2430 plurimis
714 2388 869 2422 munifice
902 2400 923 2422 a
949 2387 1242 2432 Porphyrogenito
1273 2385 1407 2419 donatis
1438 2385 1677 2429 ignoscendum

212 2430 381 2464 iudicavit
402 2431 608 2475 imperator,
636 2432 729 2466 aiens
754 2435 827 2477 plus
851 2434 984 2478 quidem
1006 2434 1096 2467 illum
1119 2434 1224 2467 fuisse
1245 2431 1404 2475 largitum
1427 2442 1526 2476 quam
1549 2431 1679 2476 gradus

212 2477 286 2510 eius
309 2478 435 2519 ferret,
467 2487 525 2510 eos
548 2481 659 2511 tamen
682 2478 803 2522 quibus
825 2479 995 2520 dedisset,
1030 2490 1103 2512 cum
1135 2478 1340 2522 megistanes
1365 2482 1480 2511 essent
1501 2476 1680 2511 nobilitate
1729 2480 1736 2481 ’

215 2533 256 2556 ac
277 2523 397 2556 merito
421 2528 656 2568 praestantes,
685 2523 806 2567 dignos
835 2525 940 2558 fuisse
961 2523 1019 2569 qui
1052 2527 1182 2558 tantum
1207 2524 1421 2568 acciperent3
1454 2533 1564 2567 neque
1585 2522 1678 2557 illam

214 2568 346 2602 nimiam
365 2567 472 2602 videri
495 2568 621 2602 debere
642 2569 828 2603 mercedem
849 2570 1002 2614 obsequii
1023 2581 1090 2614 quo
1113 2580 1152 2603 se
1167 2568 1289 2603 homini
1307 2579 1373 2602 non
1394 2568 1574 2613 imperanti
1597 2579 1679 2614 pro-

214 2625 310 2648 ceres
333 2618 403 2648 tam
424 2614 575 2648 illustres
597 2614 759 2648 inclinare
783 2615 1020 2649 sustinuerant.
1069 2615 1104 2648 in
1138 2614 1407 2654 ecclesiasticos,
1439 2625 1506 2647 non
1541 2625 1598 2648 eos
1620 2625 1680 2648 so-

213 2661 282 2694 lum
304 2671 390 2705 quos
412 2660 508 2694 donis
531 2659 640 2694 cultos
663 2671 684 2694 a
706 2660 998 2705 porphyrogenito
1031 2661 1228 2702 constabat,
1263 2660 1326 2694 sed
1356 2659 1540 2694 universim
1567 2663 1603 2694 et
1623 2659 1678 2694 in-

213 2705 467 2740 discriminatim
490 2717 616 2747 omnes,
634 2706 710 2740 dira
731 2707 883 2740 monachi
901 2707 1016 2740 Sabae
1038 2706 1206 2750 grassatio
1227 2705 1384 2745 incurrit,
1407 2710 1520 2751 aptam
1543 2705 1678 2740 scilicet

212 2751 405 2797 arripientis
426 2754 712 2806 opportunitatem
735 2753 943 2786 commissum
965 2752 1028 2786 sibi
1050 2752 1218 2796 negotium
1241 2751 1380 2795 agendi,
1413 2751 1478 2785 hoc
1500 2756 1555 2786 est
1577 2762 1678 2786 exer-

211 2799 339 2831 cendae
369 2797 592 2842 plausibiliter
623 2797 658 2831 in
680 2798 768 2832 illum
797 2797 927 2843 pridem
950 2809 1087 2832 exosum
1109 2797 1175 2832 sibi
1205 2798 1355 2832 ordinem
1376 2796 1590 2842 inexplebilis
1610 2797 1677 2831 im-

211 2843 382 2878 manitatis
405 2854 501 2887 suae,
519 2843 674 2890 specioso
695 2854 785 2878 nunc
805 2848 987 2890 praetextu
1009 2843 1073 2880 zeli
1095 2843 1271 2880 laudabilis
1296 2854 1358 2890 pro
1381 2842 1596 2890 imperatoris
1615 2853 1675 2878 sa-

458 3000 476 3009 x
