1858 3126
259 144 358 195 746
655 147 963 191 OBSERVAT
993 149 1299 194 PACHYMER.

258 264 525 310 erumpentem
548 264 584 294 et
600 257 682 295 huc
694 271 859 309 peregre
875 258 1108 310 appulsum,
1137 273 1215 296 non
1233 267 1280 296 ut
1298 261 1528 312 fugativam
1534 261 1708 313 prophe-

258 323 344 353 tam
360 313 419 351 ad
436 312 502 351 dei
520 315 790 352 ministeriam
808 321 993 363 servaret,
1023 313 1095 352 sed
1111 322 1158 352 ut
1172 316 1376 354 ecclesiam
1395 320 1622 356 universam
1637 319 1707 356 ab·

258 386 326 408 sor
327 371 419 408 bens
443 370 626 411 aboleret.
681 370 774 408 inde
793 371 921 422 pergit
937 371 1099 420 diserte,
1129 378 1331 422 accurate,
1361 373 1580 425 eleganter,
1609 374 1709 413 acri-

256 433 318 466 ter
336 440 434 478 quae
456 427 624 479 Cypn‘us
645 427 863 466 mendose
851 441 895 465 m
913 433 1020 465 tomo
1042 427 1256 479 scripserat
1278 442 1449 479 arguere.

366 496 407 522 v.
432 483 497 526 14.
549 485 787 535 praesertim
807 483 1044 521 incursabat
1069 485 1345 535 expositionem
1374 486 1420 522 in
1439 499 1480 522 eo
1499 483 1706 525 traditam.

255 539 430 586 iuvabit,
462 539 504 577 ni
534 540 675 588 fallor,
712 540 911 578 eruditum
941 539 1129 578 lectorem
1157 540 1274 578 Vecci
1303 541 1459 590 locum,
1497 554 1614 592 quem
1643 541 1707 580 his

256 595 388 636 verbis
415 595 566 634 indicat
586 595 862 648 Pachymeres,
904 596 1051 634 videre.
1097 597 1267 648 reperiet
1296 597 1411 635 illum
1429 597 1607 636 oratione
1627 601 1646 639 1
1666 598 1709 636 in

257 658 409 690 tomum
428 653 562 704 Cyprii
582 666 622 705 p.
636 656 718 695 227
739 659 776 691 et
793 655 876 695 228
895 652 992 690 tomi
1009 652 1175 690 secundi
1190 653 1376 692 Graeciae
1395 652 1642 692 orthodoxae
1659 653 1708 693 ab

253 707 318 749 Ill.
337 709 466 747 Leone
490 709 633 748 Allatio
651 709 777 747 editae
799 710 945 746 Romae
963 722 1027 748 an.
1048 708 1170 751 1659.

369 779 409 817 p.
442 768 521 806 117
547 779 587 804 v.
622 769 685 808 12.
751 765 823 803 vix
843 764 943 803 tanti
975 771 1034 802 est
1057 765 1266 803 admonere
1286 763 1503 816 comparari
1519 763 1585 806 hic
1604 763 1708 803 Vec-

259 834 372 870 cum,
413 827 503 873 post
539 821 832 859 damnationem
865 827 903 858 et
941 820 1172 858 eiectionem
1203 834 1312 859 suam
1339 820 1526 871 Gregorio
1558 819 1707 872 Cyprio

254 877 498 929 persecutori
521 892 591 916 suo
609 878 777 928 graviter
792 884 831 915 et
848 876 1068 928 periculose
1085 877 1303 915 molestiam
1322 878 1585 925 facessentem,
1617 889 1710 913 cum

115 935 144 969 P
166 933 234 971 533
257 933 328 972 illo
347 947 395 972 ex
413 934 556 972 fabulis
575 934 780 972 notissimo
799 934 919 972 Nesso
942 934 1150 982 Centauro,
1181 933 1247 985 qui
1267 933 1360 971 dum
1378 934 1533 984 rapiens
1554 931 1710 970 Deiani-

256 1004 343 1030 ram
363 991 511 1028 eminus
531 991 612 1029 telo
633 991 815 1029 Herculis
835 989 1049 1028 transfixus
1069 989 1243 1041 expirat,
1274 1002 1346 1027 suo
1376 989 1563 1040 sanguine
1590 987 1707 1026 misto

258 1061 351 1085 cum
376 1060 532 1086 veneno
561 1047 742 1099 Hydrae,
772 1061 848 1098 quo
882 1052 984 1084 esset
1010 1046 1136 1083 tincta
1164 1045 1295 1096 cuspis
1317 1045 1561 1084 vulnerantis
1577 1044 1709 1095 ipsum

258 1103 403 1152 iaculi,
433 1109 582 1142 vestem
613 1103 816 1148 infecerit,
851 1115 969 1153 quam
995 1101 1138 1140 deinde
1169 1101 1337 1139 induens
1367 1101 1555 1139 Hercules
1585 1112 1635 1137 ex
1662 1113 1708 1138 ea

257 1160 434 1211 perierit.
489 1159 594 1198 illud
619 1161 721 1198 sorte
745 1158 1009 1211 opportunius
1037 1157 1258 1207 notabitur,
1287 1156 1406 1195 scribi
1429 1171 1451 1194 a
1469 1155 1709 1207 Pachymere

257 1215 338 1254 hoc
357 1228 499 1254 nomen
522 1229 611 1254 cum
632 1215 751 1254 unico
774 1217 926 1267 sigma,
958 1228 1048 1256 cum
1070 1220 1202 1252 tamen
1224 1220 1262 1252 et
1281 1213 1427 1265 passim
1443 1213 1492 1251 ab
1509 1212 1598 1250 aliis
1617 1225 1708 1250 cum

257 1273 414 1325 duplici
437 1272 630 1310 scribatur
649 1279 688 1310 et
707 1272 762 1309 ita
781 1271 867 1310 fieri
888 1271 1028 1309 debere
1048 1270 1188 1308 doceat
1208 1269 1435 1309 Eustathius
1455 1269 1505 1307 ad
1525 1268 1637 1308 Iliad.
1659 1283 1706 1308 m.

369 1343 410 1380 p-
434 1327 514 1370 146
534 1342 574 1367 v.
594 1331 633 1369 3.
691 1329 746 1365 Ut
771 1328 914 1366 clarius
936 1327 1179 1377 intelligatur
1205 1326 1271 1364 hic
1300 1332 1427 1364 motus
1450 1326 1708 1364 fenestrarum

256 1383 412 1423 circum
439 1398 609 1436 superne
644 1384 934 1422 imminentium
963 1383 1108 1421 throno
1138 1381 1394 1435 patrialchali
1424 1381 1530 1434 apud
1559 1381 1597 1418 S.
1625 1381 1710 1418 So-

255 1440 419 1492 phiam,
449 1454 499 1479 ex
526 1454 624 1491 quo,
654 1447 700 1479 ut
725 1440 793 1478 hic
822 1441 938 1478 docet
957 1438 1237 1491 Pachymeres‚
1265 1443 1551 1477 consueverant
1568 1435 1711 1478 Graeci

256 1503 418 1548 captare
451 1496 660 1546 augurium
697 1497 846 1536 eventis
881 1496 1182 1547 comprobatum
1210 1495 1259 1533 de
1285 1496 1447 1533 fortuna
1470 1492 1708 1543 inaugurati,

257 1552 398 1589 emavi
426 1553 701 1590 delineandum
728 1558 980 1604 prospectum
1006 1552 1232 1590 interiorem
1251 1550 1392 1602 templi
1412 1552 1450 1591 S.
1469 1548 1639 1601 Sophiae
1656 1561 1708 1586 ex

258 1607 431 1658 imagine
461 1607 543 1645 eius
576 1609 806 1658 pelantiqua
836 1621 905 1659 per
908 1621 982 1658 que
1001 1608 1167 1657 eleganti
1181 1635 1192 1655 ,
1225 1620 1339 1658 quam
1359 1605 1488 1657 reperi
1506 1606 1549 1642 in
1569 1603 1707 1642 codice

254 1669 414 1702 vetusto
439 1662 698 1702 bibliothecae
723 1663 969 1702 Barberinae.
1025 1662 1165 1711 habes,
1193 1663 1336 1711 lector,
1365 1661 1432 1699 hic
1457 1660 1710 1699 subiunctam

257 1720 415 1758 iconem
447 1719 531 1758 eius
564 1726 820 1772 prospectus,
849 1719 891 1756 in
925 1733 1003 1769 qua
1031 1720 1220 1756 fenestras
1247 1717 1325 1756 hoc
1355 1719 1445 1755 loco
1475 1722 1736 1755 memoratas·

257 1775 376 1815 facile
398 1775 591 1826 intelliges
621 1790 683 1815 eas
712 1789 793 1814 esse
817 1789 838 1814 e
865 1775 1046 1827 pluribus
1073 1775 1157 1812 illic
1190 1774 1410 1826 expressis,
1435 1786 1535 1824 quae
1564 1772 1710 1811 bemati

258 1832 344 1870 sive
372 1832 616 1884 presbyterio
644 1833 687 1870 in
715 1832 842 1870 media
862 1838 900 1870 et
916 1831 1055 1869 intima
1073 1830 1214 1881 templi
1234 1836 1347 1882 parte
1367 1829 1444 1867 sito
1463 1829 1612 1867 circum
1633 1841 1710 1866 un-

263 1888 382 1939 dique
413 1888 624 1927 affundunt
651 1889 801 1937 lucem,
832 1895 871 1926 et
891 1888 995 1926 inter
1014 1887 1085 1925 has
1107 1887 1197 1924 illas
1212 1886 1426 1939 praecipue
1447 1898 1548 1937 quae
1563 1884 1709 1923 throno
1744 1878 1778 1898 ''

260 1944 510 1996 patriarchae
528 1945 815 2013 superstabant.

375 2015 414 2052 p.
436 2000 514 2042 150
534 2014 573 2042 v.
592 2005 631 2044 8.
689 2016 743 2048 ως
763 1995 1095 2051 α’ταλαιπωρήτως
1114 1997 1264 2050 ἔχοντες
1282 1996 1374 2051 περὶ
1393 2013 1438 2038 το
1457 1992 1594 2038 κακόν.
1650 1996 1709 2035 sic

261 2056 507 2095 restituimus
532 2071 581 2096 ex
601 2057 805 2108 marginali
827 2055 1068 2094 correctione
1096 2055 1347 2121 perantiqua,
1374 2067 1467 2092 cum
1491 2053 1534 2094 ἐν
1557 2055 1613 2107 τῷ
1630 2067 1711 2093 κει-

262 2111 369 2166 μένω
390 2113 600 2176 utriusque
636 2114 780 2152 codicis
801 2115 831 2151 B
852 2119 890 2150 et
906 2113 940 2150 A
963 2113 1158 2162 legeretur
1187 2107 1323 2151 καλόν.
1382 2110 1451 2148 sed
1469 2110 1535 2160 qui
1554 2108 1711 2161 penitus

260 2169 532 2220 introspiciat,
559 2170 764 2208 manifeste
792 2168 1058 2220 deprehendet
1080 2168 1196 2218 plane
1226 2172 1362 2204 contra
1383 2165 1463 2203 loci
1477 2164 1709 2204 sententiam

261 2224 330 2262 hic
355 2221 477 2265 καλόν
505 2225 613 2277 poni.
670 2232 709 2264 et
730 2226 968 2276 suffragatur
990 2223 1206 2263 Vaticanus
1227 2222 1509 2274 interpolator,
1539 2220 1605 2271 qui
1632 2232 1708 2270 pro

262 2280 344 2317 illis
371 2276 736 2334 ἄταλαιπωρήτως’
724 2282 874 2334 ἔχοντες
890 2279 981 2333 περὶ
1001 2277 1045 2320 τό
1073 2275 1197 2320 καλόν
1221 2278 1318 2316 haec
1341 2277 1496 2317 subdit:
1510 2290 1565 2316 το
1587 2272 1709 2315 κακὰν

260 2332 316 2388 μή
336 2348 553 2387 μισουντες.

373 2406 413 2443 Ρ.
435 2394 513 2433 169
540 2405 579 2431 v.
607 2395 671 2433 17
728 2390 883 2442 πέμπει.
941 2392 982 2429 in
1018 2398 1187 2442 unoque
1216 2403 1275 2427 ms
1302 2389 1503 2438 legebatm
1525 2384 1706 2437 πέμπειν.

262 2447 370 2486 unde
388 2448 514 2485 lector
530 2448 700 2498 quidam,
731 2453 775 2486 ut
794 2448 953 2485 fulciret
970 2447 1204 2499 pendentem
1225 2443 1456 2482 sententiam
1475 2442 1518 2479 in
1534 2441 1708 2491 margine

265 2503 514 2555 adscripsit'
501 2503 614 2555 ε’γνω.
671 2503 739 2540 sed
758 2503 981 2554 expeditior
1003 2502 1196 2541 correctio
1217 2507 1275 2538 est
1293 2498 1454 2538 extritio
1474 2497 1708 2536 abundantis

261 2560 402 2599 literae
421 2575 445 2600 ν
461 2559 503 2596 111
521 2572 618 2598 voce
637 2558 816 2609 πέμπειν.
874 2559 1086 2596 Vaticanus
1108 2558 1206 2595 haec
1230 2554 1388 2598 omittit.

122 2621 150 2654 P
172 2620 239 2655 534
373 2631 414 2668 p.
427 2617 506 2657 178
526 2629 564 2654 v.
574 2618 615 2657 7.
635 2613 732 2654 κατοέ
752 2611 826 2666 τήν
845 2615 1011 2667 περαίαν
1029 2629 1103 2664 την
1114 2607 1290 2662 δυτικήν.
1318 2609 1495 2661 requiret
1514 2606 1707 2658 quispiam

266 2673 308 2710 iu
330 2674 652 2724 interpretatione
670 2684 754 2709 mea
770 2670 875 2721 quod
893 2669 1129 2721 respondeat
1146 2667 1237 2706 voci
1250 2663 1429 2717 δυτικήν.
1485 2664 1709 2703 existimavi

266 2742 352 2780 me,
384 2743 475 2768 cum
493 2729 688 2768 Galatam
707 2727 898 2775 dicerem,
927 2726 1024 2763 duas
1043 2725 1130 2762 illas
1148 2737 1266 2762 voces
1283 2723 1450 2776 περαίαν
1470 2727 1509 2759 et
1529 2717 1707 2772 δυτικήν,

267 2761 386 2825 uniba
416 2786 485 2825 illa
516 2785 726 2839 explicare.
780 2782 864 2823 sive
889 2782 993 2822 enim
1017 2780 1202 2820 suburbia
1227 2778 1488 2819 transmarina
1513 2776 1706 2829 Byzantio
1738 2800 1743 2805 ·
