1858 3126
687 39 693 57 l

228 173 325 220 304
646 172 883 217 GEORGII
917 173 1267 218 PACHYMERIS

228 286 370 344 καιρὸν
391 285 434 328 δ’
455 285 623 328 ἐτίθουν
640 287 708 328 nal
730 281 857 336 αὖθις
885 284 1083 329 ἀνακινεῖν
1106 287 1159 330 τὰ
1176 289 1329 342 μεταξὺ
1358 290 1516 344 κείμενα
1538 293 1606 334 καὶ
1629 293 1699 346 ζη-

226 363 307 399 τεῖν
324 352 562 410 διόρθωσιν.

178 433 206 465 Β
372 424 447 468 13.
511 422 580 466 Ἐν
599 420 734 482 τούτῳ
761 424 889 466 δὲκαὶ
917 424 1092 479 Μιχαὴλ
1124 422 1146 468 ὅ
1167 422 1369 480 δεσπότης
1390 426 1465 482 τὴν
1486 432 1700 486 συνοικοίξ-

230 509 308 536 σαν
329 492 408 548 πρὸ
429 488 592 546 χρόνων
626 492 851 546 ἀποβαλὼν
871 490 920 551 (ἦ
940 493 985 535 δ’
1007 489 1056 548 ἦν
1078 492 1100 548 ἢ
1119 498 1194 536 τοῦ
1210 493 1413 547 βασιλέως
1433 494 1700 553 αὗταδέλφη)

229 566 281 618 τῇ
302 565 377 604 τοῦ
402 565 583 618 Τερτερῆ
605 562 864 618 κεχηρωμένῃ
884 561 965 617 ἤδη
987 566 1060 605 τοῦ
1085 560 1214 620 κράλη
1237 563 1416 619 Σερβίας
1436 564 1735 622 ἓποφθαλμί-ὅ

233 632 284 683 ζει
296 663 310 683 ,
348 631 415 673 καὶ
436 629 573 673 θέλων
595 632 804 674 θέλουσαν
824 629 984 687 ἄγεται,
1021 631 1204 688 ἐφιέντος
1222 632 1297 685 μέν
1312 631 1539 686 βασιλέως,
1577 634 1703 690 ἐφιεί-

180 700 211 734 C
235 716 312 755 σης
328 699 373 742 δὲ
393 699 462 742 καὶ
488 699 703 755 ἐκκλησίας
732 700 772 742 ἓν
802 697 959 759 ὑστέρῳ
984 704 1066 743 τῶν
1085 700 1322 756 γενομένων.
1391 700 1444 757 ἣν
1459 702 1510 758 δὴ
1534 704 1602 745 καὶ
1622 700 1703 760 ἅρ-

228 765 465 823 μοσάμενος
485 766 618 827 ἑαυτῷ
632 801 644 820 ,
681 767 727 811 τὸ
746 772 821 824 τῆς
840 769 1078 818 δεσποτείας
1101 769 1261 824 ἀξίωμα
1283 768 1384 824 {kant
1402 771 1469 813 καὶ
1488 770 1546 814 ἔτι
1556 804 1570 825 ,
1596 789 1704 826 συμ-

228 839 440 892 μετεδίδου
461 842 536 892 τῆς
565 837 682 888 ἀξίας
709 839 776 880 καὶ
793 841 845 894 τῇ
867 839 1133 896 συνῳκημένῃ
1154 840 1197 880 ἐκ
1225 839 1471 894 κραλαίνης,
1509 841 1552 891 ἐξ
1570 834 1620 896 ἦς
1637 842 1706 883 καὶ

229 908 382 956 παῖδας
409 904 658 950 ἄποτετόκει.
727 907 797 949 καί
814 923 856 963 γε
889 908 1014 962 δῆλος
1038 902 1088 962 ἦν
1113 912 1165 964 τῇ
1191 911 1267 950 τοῦ
1292 911 1473 965 Τερτερῆ
1505 913 1703 953 συνοικῶν
1717 915 1760 950 10

229 973 285 1026 ὥς
305 976 465 1035 γνησίᾳ.

379 1043 455 1090 14.
523 1045 608 1088 Καὶ
638 1041 729 1087 τότε
763 1043 897 1101 ἀστὴρ
927 1042 1110 1100 κομήτης
1144 1043 1224 1102 ἀφ’
1257 1042 1432 1101 ἑσπέρας
1468 1045 1703 1102 ἐξέλαμπεν,

233 1115 325 1168 περὶ
361 1107 411 1156 οἷ]
439 1113 507 1155 καὶ
538 1114 580 1156 ἐν
618 1119 706 1163 τοῖς
733 1112 832 1156 κατ’
865 1114 1043 1169 ἐμαυτὸν
1080 1113 1137 1157 δι’
1175 1114 1282 1156 ἐπῶν
1312 1112 1550 1170 ὑπέμνησα,
1598 1114 1709 1160 οὕτω

230 1180 414 1240 γράφων.

451 1250 532 1306 ἤδη
554 1251 628 1306 μέν
646 1252 908 1309 φθινοπωρὶς
927 1252 1139 1308 ῗσημερινὴ
1163 1251 1391 1304 ἔπε’λαυνεν,
1716 1261 1758 1296 15

91 1323 119 1356 P
144 1323 212 1358 210
456 1319 590 1374 ἠέλιος
605 1319 651 1363 δ’
681 1319 744 1376 ἔχε
764 1325 1017 1377 παρθενικῆς
1039 1321 1223 1378 ἐρατεινὰ
1237 1318 1452 1378 πρόσωπα.

457 1390 525 1432 καὶ
546 1387 638 1432 τότε
659 1389 708 1444 δὴ
729 1389 907 1446 φαιδρὸς
927 1388 1061 1445 λάμπε
1084 1388 1284 1447 Θρῄκηθε
1307 1387 1501 1444 κομήτης,

456 1459 647 1513 ἐκταδίην
667 1475 710 1501 τε
730 1456 862 1514 κόμην
881 1459 967 1514 ἔχεν
987 1459 1223 1515 ἄντολιήνδε
1248 1458 1467 1516 ῥέπουσαν,

457 1524 643 1583 ἑσπέριος
666 1526 711 1569 δ’
730 1527 878 1584 ηἰῖγαζ
899 1528 962 1570 ἐπὶ
983 1526 1133 1571 τόσσον
1153 1528 1298 1577 νυκτὸς
1320 1524 1478 1582 ἰούσης,

459 1596 545 1637 αἰὲν
566 1593 839 1650 ἀπαινύμενος
855 1596 903 1639 τὸ
924 1596 1046 1639 πλέον
1066 1600 1140 1639 νῦν
1159 1595 1185 1651 ἢ
1203 1596 1251 1640 τὸ
1271 1593 1487 1653 πάροιθεν,
1718 1608 1764 1642 20

459 1661 583 1707 ὅσσον
602 1663 864 1721 ἀνωτερίεσσι
881 1663 1166 1716 διαλλάξεσσιν
1186 1665 1382 1722 ἔφωσκεν.

329 1750 364 1784 5.
390 1745 669 1796 ἆποφθαλμίζει
701 1750 742 1788 P.
926 1752 960 1786 6.
998 1748 1176 1797 ὑφιέντος
1207 1751 1250 1785 Ρ.
1429 1750 1483 1786 1ἱ7.
1508 1744 1556 1793 δὴ
1588 1746 1709 1783 deerat

329 1797 386 1831 21.
409 1795 654 1845 dvmtsqt'ym?
1363 1813 1367 1816 ·

183 1046 215 1080 D

238 1869 275 1898 et
298 1876 386 1910 quae
408 1877 588 1913 perperam
611 1869 690 1902 acta
718 1866 817 1921 prius
850 1866 982 1901 causati
1015 1878 1104 1900 nunc
1125 1865 1289 1912 principis
1323 1864 1436 1911 gratia
1455 1864 1605 1899 tolerare
1624 1873 1710 1909 prae

239 1922 278 1945 se
301 1913 442 1955 ferrent,
464 1913 585 1959 utique
606 1913 730 1958 refingi
753 1925 794 1948 ac
815 1912 939 1958 corrigi
963 1916 1180 1958 quaererent.

336 1959 390 1993 13.
435 1959 533 1994 Inter
554 1960 639 1994 haec
663 1959 824 2000 Michael,
844 1959 970 1994 amissa
990 1959 1115 1993 dudum
1139 1958 1282 2004 coniuge
1303 1957 1432 2003 priore,
1453 1967 1543 2002 quae
1563 1956 1714 2002 impera-

241 2003 329 2037 toris
351 2015 450 2039 soror
470 2006 597 2047 suerat,
615 2006 659 2041 ad
682 2006 788 2041 filiam
810 2005 978 2048 Teneris,
1001 2010 1206 2051 separatam,
1230 2009 1269 2038 ut
1289 2003 1446 2046 diximus,
1469 2014 1490 2036 a
1513 2002 1605 2037 orale
1626 2003 1713 2036 Ser-

243 2049 333 2091 biae,
357 2050 480 2085 adiecit
502 2053 636 2095 oculos,
669 2055 706 2086 et
726 2052 844 2087 volens
873 2052 1042 2086 volentem
1065 2052 1183 2094 duxit,
1214 2050 1296 2085 nihil
1317 2051 1478 2084 obstante
1497 2049 1713 2095 imperatore,

244 2095 390 2130 ecclesia
410 2109 492 2132 vero
514 2098 728 2144 postmodum
751 2099 878 2132 sactum
894 2099 1145 2143 comprobante.
1192 2097 1274 2143 quin
1296 2101 1333 2130 et
1355 2096 1528 2142 aliquanto
1544 2094 1716 2140 posterius

244 2151 346 2185 quam
370 2143 457 2176 hanc
479 2145 644 2179 connubio
669 2144 737 2179 sibi
757 2145 927 2186 iunxerat,
949 2155 1024 2178 cum
1048 2144 1114 2178 iam
1136 2144 1264 2178 liberos
1282 2155 1326 2177 ex
1347 2153 1391 2176 ea
1411 2141 1628 2187 suscepisset,
1650 2141 1714 2175 de-

245 2187 379 2231 spotica
400 2189 503 2233 inam,
527 2202 595 2236 qua
618 2195 693 2225 erat
715 2190 792 2236 ipse
814 2190 1013 2236 iampridem
1029 2189 1229 2234 insignitus,
1253 2190 1425 2235 potestate
1447 2186 1630 2232 impertiit3
1650 2185 1714 2219 ha-

246 2233 388 2278 buitque
411 2246 454 2268 ex
477 2237 634 2270 cralaena
657 2237 834 2282 despotam
855 2237 1014 2271 Terteris
1036 2237 1140 2270 filiam
1161 2247 1322 2276 uxorem,
1356 2233 1460 2268 nullis·
1486 2242 1628 2278 prorsus
1650 2231 1714 2264 ho-

247 2289 384 2359 npgum,
406 2281 465 2359 qpi
488 2282 657 2326 legitimae
677 2283 921 2318 necessitudini
951 2294 1058 2318 verae
1080 2282 1234 2327 coniugis
1253 2281 1472 2322 deberentur,
1492 2276 1715 2323 significatio-

245 2335 280 2358 m
304 2335 344 2358 us
367 2337 430 2360 exc
444 2337 548 2363 usam.

341 2371 394 2406 14.
441 2372 542 2407 Tunc
564 2375 664 2408 stella
690 2374 812 2410 crinita
841 2375 885 2410 ab
909 2387 1033 2410 occasu
1064 2372 1293 2420 resplenduit3
1322 2371 1416 2405 circa
1437 2379 1538 2415 quam
1559 2368 1714 2403 versibus

249 2416 333 2451 alias
357 2429 378 2452 a
400 2429 454 2453 me
475 2419 623 2464 scriptis,
647 2431 751 2465 opere
773 2421 883 2455 adhuc
907 2423 997 2466 apud
1020 2431 1074 2455 me
1097 2420 1233 2454 condito
1249 2418 1299 2462 *),
1318 2417 1368 2451 sic
1390 2415 1509 2450 ludere
1531 2415 1675 2451 memini.

467 2467 655 2500 Autumnus
682 2467 748 2499 luci
771 2478 813 2500 ac
835 2468 984 2501 tenebris
1005 2470 1214 2511 aequaverat
1235 2465 1347 2502 horas,

466 2522 573 2556 osque
596 2522 729 2545 sacrum
752 2511 922 2555 Erigones
945 2513 1005 2547 Sol
1027 2522 1158 2547 annuus
1182 2511 1306 2555 hospes
1327 2507 1490 2555 habebat,

469 2568 544 2591 cum
566 2557 691 2591 laetum
715 2557 859 2591 rutilans
882 2570 902 2592 e
926 2557 1099 2592 Thracum
1115 2561 1216 2603 parte
1238 2558 1386 2590 cometes

468 2603 654 2637 caesariem
677 2605 711 2636 iu
731 2607 864 2636 tractus
886 2604 1071 2637 extendere
1091 2602 1206 2648 coepit
1228 2602 1336 2645 Eoos,

471 2648 579 2684 limite
602 2650 646 2683 ab
670 2649 823 2683 Occiduo
846 2649 1035 2694 procedens
1056 2649 1144 2694 ipse,
1167 2647 1228 2683 sed
1250 2659 1359 2692 usque

469 2694 655 2740 imparibus
721 2694 782 2738 ris,
805 2694 883 2729 dum
909 2695 1019 2729 noctis
1041 2705 1175 2740 semper
1198 2693 1327 2729 omittit

471 2740 616 2788 amplius
638 2741 698 2776 hes
717 2752 798 2776 erno
821 2740 979 2787 spatium,
1003 2751 1071 2788 quo
1093 2740 1204 2786 surgit
1224 2741 1261 2776 in
1282 2741 1353 2775 alta

343 2847 383 2891 *J
410 2847 510 2883 immo
529 2847 568 2881 in
589 2846 665 2881 vita
688 2855 766 2882 mea
787 2846 940 2882 versibus
962 2845 1166 2891 σοπεοτίρειι.
