1820 3112
225 183 318 230 196
645 180 880 225 GEORGII
914 182 1263 227 PACHYMERJS

220 298 294 342 ὑπ’
321 295 448 352 αὐγὰς
467 295 510 338 δὲ
528 296 842 351 συναχθέντων,
880 298 945 339 καὶ
976 296 1049 351 τὴν
1067 300 1140 339 τοῦ
1164 295 1486 353 Αὖγουστεῶνος
1508 297 1681 341 αὐλαίαν

169 375 198 407 D
223 362 485 423 πληρούντων
512 365 553 414 ἒς
578 362 702 408 τόσον
733 364 836 408 ὥστε
865 366 931 407 καὶ
961 367 1016 415 εἷς
1047 366 1146 419 μίαν
1175 363 1359 422 ἁρμογὴν
1378 368 1445 409 καὶ
1477 367 1682 422 συνέχειαν

220 434 460 489 ξύμπαντας
477 431 755 489 ξυνεπτύχθαι
775 435 877 486 ζῶον
899 434 1170 490 φαινομένους
1193 434 1247 487 ἓν,
1280 436 1335 484 εἷς
1355 432 1509 485 πλάτος
1525 435 1683 479 ἐνδιδὸν

218 499 443 547 ἀλλόκοτόν
468 519 507 544 τι
539 504 606 545 καὶ
636 503 771 556 ξένον,
817 503 982 559 μυρίαις
1012 501 1223 560 χρώμενον
1246 501 1476 559 γλώσσαις,
1501 527 1561 536 ·-
1583 502 1684 548 τού-

216 590 299 616 των
319 567 391 615 οὗν
409 568 602 614 ἁπάντων
626 571 1039 628 συναθροισθέντων,
1078 571 1417 629 περιαιρεθέντων
1450 572 1496 615 δὲ
1514 573 1581 615 καὶ
1600 576 1717 616 τῶν5

217 646 291 684 τοῦ
311 640 512 697 τρικλίνου
545 637 778 697 Μάκρωνος
798 637 1046 697 δρυφάκτων
1076 638 1239 693 διόλου,
1276 639 1332 691 ὦς
1361 640 1550 698 καθαρὸς
1571 641 1685 698 παρὰ

215 707 381 753 πάντων
411 713 546 767 θεῷτο
577 707 598 751 ὅ
635 706 964 766 εὐφημούμενος,
1010 708 1078 751 ἐπ’
1115 708 1289 760 ἀσπίδος
1315 727 1359 752 τε
1381 709 1453 754 τὸν
1471 709 1562 753 νέον
1584 710 1622 752 οἱ
1643 708 1684 753 ἔν

217 779 318 822 τέλει
339 775 607 829 καθιζάνουσι
629 780 695 821 καὶ
716 778 920 834 μετέωρον
941 777 1102 834 αἶ’ρουσι
1135 779 1201 821 καὶ
1225 778 1507 835 ἀνευφημοῦσι
1534 776 1686 836 τρανό-

168 865 199 899 E
221 865 353 905 τερον,
426 844 511 889 εἶτα
535 848 602 889 καὶ
631 847 706 901 τὴν
737 846 847 903 ἱερὰν
872 845 1121 903 λειτουργίαν
1139 851 1349 897 τελοῦντες
1365 846 1452 902 ἅμα
1467 847 1542 903 μὲν
1561 846 1687 897 αὐτὸς

220 912 476 973 πατριάρχης
503 914 591 971 ἅμα
623 915 669 958 δ’
702 915 898 972 ἀρχιερεῖς
929 916 995 958 καὶ
1025 915 1063 958 οἱ
1090 919 1165 958 τοῦ
1193 913 1382 972 βήματος
1405 913 1575 969 πάντες,
1612 914 1682 973 ἐφ’
1697 923 1740 958 10

219 983 380 1044 ἑκάστῳ
410 988 492 1027 τῶν
524 983 776 1039 τελουμένων
811 986 878 1026 καὶ
900 988 959 1043 τῷ
982 984 1058 1043 υἱῷ
1080 983 1185 1027 κατὰ
1203 985 1251 1028 τὸ
1274 985 1379 1034 εἰκὸς
1396 985 1687 1042 συναφωσίουν

217 1054 270 1097 τὰ
294 1052 500 1110 πρέποντα
520 1057 577 1113 τῷ
601 1054 731 1110 πατρί
749 1070 791 1096 τε
810 1054 875 1095 καὶ
891 1057 1063 1106 βασιλεῖ.
1133 1054 1199 1095 καὶ
1220 1052 1271 1108 δὴ
1292 1053 1564 1097 τελεσθέντων
1585 1053 1688 1096 ἐκεί-

217 1141 298 1166 νων
320 1121 445 1165 &imm
464 1121 539 1176 μέν
568 1121 636 1165 ἐπ’
667 1121 859 1176 ι’ίμβωνος
880 1119 901 1164 ὃ
923 1125 1107 1178 κρατῶν,
1141 1120 1266 1164 ἄνεισι
1290 1123 1335 1165 δὲ
1355 1123 1421 1165 καὶ
1441 1120 1462 1165 ὃ
1484 1119 1687 1178 πατριάρ-

213 1209 314 1248 χης,
357 1187 562 1233 συνάνεισι
593 1191 638 1233 δὲ
670 1191 785 1247 σφίσι
815 1192 883 1233 καὶ
912 1188 933 1233 ὅ
967 1192 1022 1239 εἷς
1049 1190 1260 1244 βασιλείαν
1289 1190 1393 1245 μετὰ
1425 1194 1499 1234 τοῦ
1529 1189 1687 1247 πατρὸς

79 1276 106 1309 Ρ
135 1273 199 1310 134
218 1257 563 1318 χρισθησόμενος.
635 1261 702 1302 καὶ
724 1258 828 1314 μετὰ
849 1262 1046 1315 λαμπρῶν
1068 1260 1136 1301 καὶ
1156 1263 1391 1317 περιφανῶν
1411 1263 1496 1302 τῶν
1513 1263 1685 1303 τελετῶν
1697 1267 1740 1303 15

219 1330 357 1386 στέφει
377 1329 451 1384 μέν
470 1328 664 1382 βασιλεὺς
681 1328 753 1371 τὸν
780 1325 871 1371 υἷόν
882 1360 896 1380 ,
934 1327 1388 1383 συνεπιλαμβανομένου
1414 1332 1490 1371 τοῦ
1509 1328 1686 1386 στίφους

218 1400 286 1441 καὶ
305 1402 378 1441 τοῦ
404 1395 608 1454 ἱεράρχου,
640 1398 744 1454 χρίει
765 1396 805 1439 δ’
833 1394 854 1439 ὃ
876 1394 1064 1453 ἱεράρχης
1083 1400 1141 1455 τῷ
1161 1398 1264 1455 θείῳ
1283 1395 1403 1455 μύρῳ
1421 1396 1494 1440 τὸν
1513 1401 1588 1451 τῆς
1603 1401 1686 1451 βα-

219 1468 369 1516 σιλείας
396 1464 751 1520 συμμετασχόντα.
823 1466 889 1507 καὶ
911 1469 1075 1514 παιᾶνες
1096 1465 1286 1508 ἐντεῦθεν
1317 1467 1385 1508 καὶ
1405 1464 1600 1523 εὐφημίαι
1618 1465 1686 1508 καὶ

218 1539 301 1577 πᾶν
326 1531 608 1590 χαριστήριον.
680 1533 915 1589 ῥιπτοῦνται
939 1533 996 1575 δὲ
1023 1534 1340 1590 περιερχομένων
1369 1538 1453 1577 τῶν
1481 1533 1684 1587 βασιλέων

219 1605 285 1646 καὶ
310 1603 349 1644 οἳ
366 1600 562 1656 συνήθεις
580 1600 817 1655 ἄπόδεσμοι.
879 1603 947 1643 καὶ
967 1597 1060 1644 τότε
1078 1602 1153 1655 μὲν
1172 1601 1220 1644 τὸ
1240 1602 1343 1659 μέγα
1363 1599 1563 1645 παλάτιον
1578 1601 1740 1655 μετὰΞΟ

170 1690 199 1723 Β
225 1674 474 1729 περιφανοῦς
487 1674 561 1726 τῆς
579 1672 831 1728 δορυφορίας
849 1668 1000 1720 αὐτοὺς
1015 1667 1254 1726 ὖποδέχεται
1270 1684 1279 1694 ·
1323 1669 1392 1728 (2)
1429 1673 1479 1728 τῇ
1499 1669 1540 1714 δ’
1563 1668 1683 1714 ὕστε-

315 1782 347 1816 2.
371 1780 596 1827 πληροῦντες
618 1780 658 1815 Ρ.
794 1780 827 1815 3.
852 1780 1102 1826 ξυνεπτῆχθαι
1125 1780 1164 1815 Ρ.

219 1874 284 1907 bus
307 1873 537 1918 congregatis,
558 1874 594 1907 et
615 1873 752 1920 populo,
775 1872 835 1919 qui
858 1872 1015 1909 certatim
1037 1872 1186 1917 undique
1207 1874 1439 1916 concurrerat,
1451 1873 1560 1907 totam
1581 1882 1683 1926 quam

219 1920 290 1953 late
313 1923 411 1964 patet
431 1919 657 1964 Augusteonis
679 1918 823 1953 mediam
846 1930 960 1953 aream
982 1918 1033 1953 ita
1056 1920 1263 1963 complente,
1290 1924 1330 1952 ut
1352 1931 1396 1953 ex
1420 1923 1516 1953 arcte
1537 1918 1683 1953 invicem

219 1964 395 2010 appressis
418 1965 629 2011 constipatae
650 1964 875 2000 multitudinis
901 1964 1098 2009 corporibus
1121 1976 1222 1998 unum
1244 1965 1412 2010 quoddam
1435 1968 1555 1999 vastae
1576 1963 1686 2005 molis,

220 2015 440 2055 portentosae
467 2012 596 2046 formae
618 2011 736 2046 mirum
769 2011 891 2045 animal
922 2010 1106 2045 innumeris
1129 2011 1226 2045 simul
1249 2010 1371 2055 linguis
1392 2011 1532 2056 loquens
1554 2008 1683 2044 confla-

218 2063 290 2090 tum
313 2057 418 2090 fuisse
439 2057 623 2092 videretur.
668 2057 705 2091 in
728 2056 834 2091 oculis
856 2059 925 2091 tam
948 2056 1114 2090 numerosi
1135 2060 1321 2091 conventus
1343 2056 1448 2091 omnis
1470 2054 1606 2101 generis
1621 2055 1683 2090 ho-

220 2102 354 2141 minum,
377 2103 485 2147 septis
508 2115 550 2137 ac
572 2103 730 2137 cancellis
751 2102 841 2147 longi
863 2102 1004 2137 triclinii
1026 2101 1144 2137 amotis
1159 2114 1202 2136 ne
1217 2103 1305 2137 obex
1325 2101 1536 2137 intuentibus
1558 2102 1683 2143 forent,

221 2147 373 2192 primarii
396 2149 612 2193 magistratus
636 2149 882 2184 adolescentem
905 2147 1035 2193 regium
1061 2152 1157 2183 scuto
1179 2149 1422 2194 imposuerunt,
1445 2148 1684 2192 sublimemque

222 2197 432 2227 ostentantes
455 2195 750 2236 circumtulerunt,
781 2195 872 2229 clara
894 2206 978 2228 voce
999 2194 1231 2239 imperatorem
1256 2194 1485 2229 acclamando.
1530 2193 1609 2226 inde
1630 2191 1684 2225 in-

222 2245 277 2272 ter
300 2250 399 2273 sacra
423 2240 579 2274 solemnis
608 2241 768 2286 liturgiae
790 2240 971 2284 mysteria,
1005 2239 1101 2274 simul
1123 2240 1198 2286 ipse
1221 2240 1416 2286 patriarcba
1436 2264 1447 2282 ‚
1479 2238 1578 2272 simul
1607 2237 1682 2282 'epi-

223 2284 319 2329 scopi
343 2291 380 2318 et
402 2291 569 2331 quotquot
584 2287 675 2321 intra
698 2287 865 2321 cancellos
881 2286 999 2321 altaris
1016 2285 1126 2320 locum
1148 2286 1286 2330 habent,
1309 2285 1352 2319 ad
1372 2283 1521 2330 singulas
1532 2294 1684 2318 ceremo-

223 2330 299 2363 niae
321 2334 438 2375 partes
460 2331 581 2376 quibus
615 2334 668 2367 fas
699 2336 734 2367 et
766 2343 837 2367 mos
870 2338 924 2367 est
945 2330 1140 2378 imperatori
1161 2330 1383 2376 beneprecari
1404 2341 1445 2364 ac
1467 2329 1682 2372 benedicere,

222 2375 327 2410 filium
350 2376 449 2410 simul
466 2389 539 2411 cum
563 2382 660 2422 patre
690 2378 727 2412 in
759 2378 835 2412 talis
866 2377 1105 2423 appellationis
1137 2380 1173 2410 et
1195 2377 1332 2411 honoris
1353 2374 1522 2410 delatione
1543 2374 1684 2409 coniun-

223 2427 357 2456 xerunt.
404 2421 526 2467 quibus
549 2423 698 2468 peractis
721 2423 915 2457 conscendit
937 2424 1110 2457 ambonem
1131 2422 1326 2467 imperator,
1343 2421 1539 2456 conscendit
1561 2424 1597 2455 et
1618 2431 1682 2466 pa-

220 2467 393 2510 triarcha,
416 2479 557 2514 cumque
580 2469 632 2504 his
653 2469 813 2504 ambobus
835 2468 955 2502 tertius
977 2478 1084 2502 novus
1106 2473 1142 2502 et
1162 2467 1274 2502 iunior
1294 2467 1487 2511 Angustus,
1515 2470 1596 2512 post
1617 2477 1680 2512 pa-

222 2519 308 2547 trem
331 2513 516 2557 ungendus.
563 2519 666 2559 atque
688 2514 743 2548 hic
764 2515 854 2547 inter
875 2513 1069 2558 splendidas
1094 2517 1131 2547 et
1149 2513 1296 2547 illustres
1315 2512 1519 2547 ceremonias
1542 2515 1683 2547 coronat

221 2558 357 2605 quidem
378 2558 484 2593 filium
515 2559 719 2606 imperator,
749 2559 924 2594 adiutante
953 2558 1150 2604 patriarcha
1171 2569 1212 2593 ac
1235 2569 1379 2593 coronae
1400 2559 1477 2593 dum
1498 2557 1681 2603 imponitur

222 2607 357 2650 partem
385 2608 524 2639 tenente
537 2631 548 2647 ,
579 2605 676 2650 ungit
706 2608 819 2640 autem
854 2604 995 2638 eundem
1024 2604 1238 2649 patriarcha,
1266 2604 1355 2638 sacri
1377 2603 1408 2638 ei
1430 2603 1596 2638 affusione
1617 2615 1682 2638 un-
1712 2623 1722 2631 ·

223 2650 340 2695 guenti
370 2650 666 2706 participationem
699 2650 831 2696 imperii
863 2650 1050 2686 conferens.
1103 2650 1182 2684 hinc
1210 2661 1378 2695 paeana,
1411 2649 1682 2691 acclamationes,

223 2696 488 2741 gratulationum
511 2701 548 2731 et
567 2697 730 2731 festorum
753 2699 908 2731 cantuum
939 2706 1035 2730 omne
1066 2695 1216 2742 undique
1243 2707 1350 2740 genus
1371 2695 1490 2732 audiri.
1535 2707 1599 2730 nec
1621 2695 1681 2729 de-

222 2742 289 2776 fuit
311 2742 419 2777 iactus
440 2741 559 2778 solitus
582 2743 813 2777 devinctorum
835 2741 869 2776 in
889 2740 951 2776 lini
975 2741 1156 2785 segmentis
1178 2742 1437 2783 nummulorum,
1465 2740 1682 2787 procedenti-

222 2788 287 2822 bus
311 2787 492 2832 Augustis,
523 2799 607 2834 quos
632 2792 711 2833 post
732 2787 863 2832 omnia,
897 2786 1052 2832 speciosa
1074 2787 1366 2832 praetorianorum
1392 2787 1623 2833 praeeuntium
1645 2788 1681 2820 et

223 2833 512 2870 circumstantium
543 2834 705 2869 deductos
738 2845 872 2880 pompa,
895 2844 1052 2879 magnum
1075 2833 1236 2879 palatium
1259 2833 1406 2880 excepit.
1451 2834 1510 2879 (2)
1535 2833 1680 2867 Postera
