1858 3126
288 136 386 182 612
698 129 932 176 saonen
965 117 1308 175 PACHYmssms

288 246 518 295 ὖποκλιθεῖς
543 244 618 300 τὴν
645 244 844 302 πατρικὴν
877 242 1003 287 αὐτοῦ
1025 245 1092 286 καὶ
1109 240 1320 302 παπὴῴαν
1331 245 1440 298 λῆξιν
1457 241 1724 287 guavaudan-

290 316 396 359 σθαί
418 315 456 357 οἳ
485 315 722 368 διεπειρᾶτο.
792 311 884 355 ἀλλ’
909 309 1120 368 Ἀμοῦριος
1140 311 1327 365 ἐμποδῶν
1350 311 1520 366 ἐγίνετο,
1555 313 1621 354 καὶ
1641 328 1724 364 μα-

285 381 457 438 χόμενος
475 381 548 424 οὐκ
565 381 684 433 ἀνίει,
721 380 858 437 μέχρις
877 375 924 422 οὗ
946 381 1203 434 κατισχυθεὶς
1222 378 1307 434 ἅμα
1325 380 1478 435 γυναικὶ
1501 376 1523 420 ὅ
1542 383 1726 428 τοιοῦτος

288 449 571 507 παραγεγονώς
594 449 695 505 πρὸς
715 449 788 502 τὴν
807 448 911 491 κατὰ
931 446 1092 491 Πόντον
1108 446 1347 503 “Ηρᾶκλειαν
1366 450 1528 500 βασιλεῖ
1540 462 1726 500 προσχω-

290 524 371 575 ρεῖν
396 517 506 573 ἔγνω.
575 519 642 559 καὶ
671 516 951 572 παραγεγονὼς
971 516 1074 558 κατὰ
1096 514 1233 568 πόλιν,
1271 514 1380 564 ὅπως
1398 514 1640 556 τούντεῦθεν
1661 512 1757 556 {ac-5

289 588 517 641 δημοῦντος
546 589 618 626 τοῦ
643 585 840 639 βασιλέως
869 582 959 626 τότε
980 584 1081 636 πρὸς
1099 582 1344 640 Νύμφαιον,
1382 581 1506 630 αὐτὸς
1524 581 1641 636 ἀφεὶς
1655 580 1729 634 τὴν

152 665 178 698 P
202 664 267 701 427
290 652 462 709 σύζυγον
493 652 597 694 κατὰ
626 651 766 704 πόλιν,
795 650 872 708 ὑφ’
902 650 1061 706 ὁδηγοῖς
1095 659 1179 701 τοῖς
1206 655 1280 694 τοῦ
1308 649 1505 704 βασιλέως
1531 649 1605 703 τὴν
1629 648 1730 703 πρὸς

290 723 437 765 ἐκεῖνον
464 718 648 775 διήρχετο
675 720 902 777 φέρουσαν,
937 721 1002 761 καὶ
1021 719 1130 769 ὅπως
1149 721 1190 769 ἐξ
1206 718 1474 773 Ἀτραμυτίου
1495 716 1633 768 λαβὼν
1655 715 1731 764 τὰς

289 789 444 844 βουλὰς
471 787 650 842 ἀπέδρα,
681 790 747 830 καὶ
777 787 885 836 ὅπως
914 787 963 830 τὰ
993 787 1097 829 καθ’
1124 785 1246 829 αὑτὸν
1266 784 1481 843 διῴκησεν,
1509 784 1657 840 ἐρρέθη
1677 783 1730 826 τὰ

290 854 481 912 πρότερα.
549 854 718 911 ὕστερον
753 856 795 897 δὲ
823 857 890 897 καὶ
917 853 940 909 ἦ
974 853 1141 911 σύζυγος
1171 853 1435 910 ὑποστρέφει,
1479 853 1729 905 ἒκείνουμὲν
1742 857 1785 892 10

290 924 499 975 ἀξιοῦντος
508 954 521 975 ,
548 923 745 976 βασιλέως
764 922 808 964 δ’
833 922 1022 979 ἐφιέντος.
1071 923 1117 965 τὸ
1137 923 1180 965 δὲ
1202 920 1335 978 κόριον
1357 919 1411 971 ὥς
1433 918 1585 976 ὅμηρον
1605 936 1734 962 κατα-

291 992 478 1034 λείπεται.
546 989 626 1045 ἤδη
652 991 725 1044 μὲν
750 986 821 1032 οὖν
849 990 895 1032 τὸ
925 995 1108 1033 τοιοῦτον
1133 990 1360 1045 ἐτέθραπτο
1391 988 1493 1031 κατὰ
1522 986 1638 1030 πόλιν
1668 987 1733 1028 ἐπὶ

294 1066 456 1114 συχνοῖς
478 1064 563 1107 τοῖς
578 1055 740 1114 χρόνοις
760 1057 838 1100 ὑπὸ
858 1062 1053 1116 βασιλικῷ
1073 1059 1283 1114 σιτηρεσίῳ
1296 1090 1308 1108 ,
1343 1055 1485 1104 καθὼς
1514 1054 1595 1111 ἄρα
1620 1056 1687 1097 καὶ
1708 1052 1731 1096 ὃ

241 1133 271 1166 Β
295 1126 440 1181 Μελὴκ
460 1128 792 1178 Κωνσταντΐνος,
826 1130 906 1167 τῶν
925 1130 997 1167 τοῦ
1016 1124 1240 1168 σουλτάνου
1261 1125 1359 1166 υἱῶν
1380 1122 1543 1178 ἅτερος,
1571 1123 1639 1164 καὶ
1656 1121 1733 1164 αὖ-

293 1195 365 1244 τὸς
384 1193 495 1248 παρὰ
511 1191 723 1247 Ῥωμαίοις
743 1193 1087 1248 ε’γκαταλέλειπτο,
1126 1192 1170 1242 ὃς
1189 1192 1240 1246 δὴ
1260 1194 1325 1234 καὶ
1345 1192 1587 1242 βαπτισθεὶς
1606 1186 1732 1232 ἔκθύ-
1743 1195 1785 1229 15

294 1279 382 1317 μως
400 1259 676 1317 προσετετήκει
693 1269 777 1310 τοῖς
791 1260 1025 1312 Ῥωμαϊκοῖς
1041 1260 1199 1315 ἤθεσιν.
1248 1259 1348 1302 αὐτὸ
1367 1260 1410 1301 δὲ
1431 1258 1477 1301 τὸ
1497 1262 1570 1300 τοῦ
1588 1257 1735 1311 Μελὴκ

295 1330 444 1373 ἐκείνου
464 1326 686 1384 θυγάτριον
701 1328 852 1382 μαθών
866 1327 1017 1380 Ἰσαάκ,
1054 1328 1200 1382 Μελὴκ
1222 1325 1488 1383 φημιζόμενος
1509 1327 1575 1368 καὶ
1593 1322 1734 1377 αὐτός,

296 1397 397 1452 πρὸς
413 1393 543 1451 γάμον
564 1397 630 1438 καὶ
649 1391 772 1446 αὖθις
791 1395 888 1452 ᾔτει.
959 1394 1082 1450 ἐζήτει
1099 1396 1143 1438 δὲ
1163 1397 1228 1438 καὶ
1248 1396 1317 1438 τὸν
1336 1399 1450 1437 θεῖον
1469 1390 1621 1448 ταύτης
1639 1395 1735 1436 Με-

297 1465 372 1518 λῆκ
406 1467 692 1518 προβληθῆναι
721 1464 823 1519 πρὸς
848 1464 1046 1517 βασιλέως
1079 1460 1278 1515 σουλτοῖν,
1325 1462 1478 1504 κάκεῖσε
1512 1462 1577 1503 καὶ
1609 1459 1734 1502 αὐτὸν

294 1534 556 1587 πεμφθῆναι,
585 1532 653 1573 καὶ
671 1529 798 1581 οὕτως
820 1531 1107 1586 υἱοποιηθέντα
1129 1533 1196 1574 καὶ
1214 1530 1338 1574 αὐτὸν
1351 1529 1488 1573 Ἰσαὰκ
1503 1531 1666 1582 βασιλεῖ
1681 1526 1787 1570 τᾶΞΟ

298 1709 470 1752 paternam
492 1704 680 1750 avitamque
698 1704 852 1740 ditionem
874 1717 1075 1751 recuperare
1097 1705 1298 1745 conabatur,
1332 1703 1487 1738 obstante
1517 1701 1734 1736 vehementer

299 1751 456 1792 Amurio,
486 1762 558 1785 cum
582 1763 647 1795 quo
670 1752 768 1795 longo
792 1757 828 1785 et
850 1752 915 1786 sibi
939 1752 981 1786 ad
1006 1757 1186 1785 extremum
1207 1750 1333 1784 infelici
1354 1749 1487 1784 collisus
1509 1749 1618 1788 bello,
1640 1747 1736 1781 deni—

299 1808 366 1841 que
389 1796 518 1839 victus,
551 1797 748 1831 Heracleam
771 1798 869 1831 Ponti
901 1809 973 1831 cum
996 1809 1100 1831 uxore
1122 1808 1158 1830 se
1183 1796 1342 1835 contulit3
1373 1795 1461 1828 unde
1482 1793 1736 1837 confugiendum

298 1841 363 1876 sibi
395 1841 439 1875 ad
469 1841 693 1875 Andronicum
724 1842 958 1887 imperatorem
988 1848 1140 1876 statuens
1176 1839 1496 1884 Constantinopolim
1527 1841 1644 1872 venia>
1677 1837 1738 1872 ubi

301 1887 435 1931 cognito
466 1886 630 1921 diversari
652 1887 840 1933 Nymphaei
868 1893 938 1922 tum
961 1888 1166 1931 Augustum,
1199 1888 1337 1930 coniuge
1358 1886 1392 1918 in
1414 1885 1498 1918 urbe
1519 1884 1662 1925 relicta,
1691 1883 1737 1917 iia

298 1943 337 1966 se
371 1932 520 1966 adiunxit
551 1943 634 1977 quos
663 1934 705 1966 ad
732 1934 840 1977 ipsum
864 1934 908 1966 ad
933 1945 971 1967 se
994 1933 1239 1978 perducendum
1261 1931 1386 1966 certior
1409 1930 1451 1964 de
1477 1929 1568 1963 illius
1590 1929 1741 1963 adventa

299 1979 411 2010 factus
434 1977 616 2020 imperator
639 1978 670 2012 ei
693 1978 821 2012 obviam
845 1980 995 2012 miserat.
1038 1983 1077 2012 ut
1109 1978 1137 2012 is
1169 1978 1287 2012 dehinc
1318 1975 1452 2010 consilio
1474 1978 1612 2020 repente
1634 1978 1736 2018 capto

299 2023 487 2066 Atramytio
511 2023 646 2067 fugerit,
669 2029 775 2068 utque
797 2024 874 2057 inde
896 2035 950 2058 res
971 2035 1048 2057 snas
1072 2022 1366 2063 administraverit,
1389 2021 1513 2054 dictum
1536 2031 1558 2053 a
1579 2031 1632 2053 me
1651 2019 1742 2053 iam-.

301 2066 426 2100 dudum
458 2072 520 2102 est.
567 2068 664 2113 longo
697 2075 776 2113 post
796 2073 945 2114 tempore
968 2081 1074 2110 uxor,
1105 2070 1176 2114 ipso
1200 2068 1410 2113 postulante,
1441 2065 1644 2099 concedente
1665 2065 1738 2097 Au-

301 2117 424 2156 gusto,
451 2113 493 2146 ad
516 2125 589 2147 eum
613 2125 753 2148 reversa
775 2126 837 2148 sua
860 2120 932 2155 est,
956 2116 1016 2149 sed
1038 2114 1109 2148 filia
1130 2116 1163 2147 in
1187 2114 1335 2148 obsidem
1358 2112 1496 2152 relicta,
1518 2111 1582 2144 bac
1603 2110 1646 2143 de
1667 2119 1736 2153 qua.

302 2168 390 2190 nunc
421 2169 528 2192 sermo
559 2164 630 2200 est,
665 2159 807 2194 educata
830 2160 907 2194 hinc
929 2161 963 2193 in
987 2161 1070 2194 urbe
1092 2160 1202 2193 multis
1224 2159 1337 2198 annis,
1369 2157 1459 2191 victu
1482 2155 1544 2200 ipsi
1574 2156 1669 2195 large
1690 2153 1735 2187 ab

304 2203 505 2246 imperatore
533 2205 760 2248 suppeditato.
806 2216 903 2249 quem
934 2206 1040 2250 ipsum
1071 2205 1105 2238 in
1136 2205 1265 2238 modum
1296 2207 1332 2236 et
1355 2201 1592 2236 Constantinus
1615 2198 1736 2239 Meleo,

303 2247 454 2281 Azatinis
484 2248 632 2283 Sultanis
662 2250 748 2283 alter
781 2251 890 2291 filius,
924 2256 958 2284 et
989 2251 1062 2295 ipse
1091 2251 1227 2283 relictus
1256 2248 1344 2293 apud
1370 2247 1533 2280 Romanos
1555 2256 1597 2278 ac
1618 2244 1735 2278 volens

302 2292 515 2336 baptizatus,
539 2294 711 2328 caritatem
733 2295 768 2328 iu
791 2307 846 2329 res
867 2301 999 2329 nostras
1020 2296 1214 2330 educatione
1236 2293 1440 2327 contraxisse
1462 2290 1551 2323 visus
1571 2292 1640 2329 est,
1663 2287 1736 2322 eius

303 2335 393 2370 haud
416 2337 581 2381 disparem
603 2351 701 2382 quam
724 2341 855 2374 conscia
878 2342 971 2384 origo
994 2346 1027 2374 et
1050 2341 1192 2373 affectus
1215 2351 1234 2372 e
1255 2339 1362 2381 stirpe
1391 2335 1523 2368 inolitus
1546 2334 1634 2367 natis
1653 2333 1736 2366 civi·

302 2382 366 2414 bus
397 2392 478 2422 erga
509 2383 651 2426 patriam
684 2384 835 2428 inspirat.
880 2386 979 2418 istam
1002 2385 1102 2428 igitur
1124 2385 1160 2417 in
1182 2385 1265 2417 urbe
1286 2380 1414 2415 servari
1439 2378 1562 2413 Meleci
1585 2378 1736 2412 Azatinis

302 2425 372 2460 nati
402 2425 505 2459 filiam
537 2427 648 2461 Melec
680 2428 753 2472 ipse
783 2441 915 2474 quoque
945 2430 1054 2463 dictus
1077 2429 1224 2462 isaacius
1247 2427 1404 2466 audiens,
1439 2424 1472 2458 in
1496 2424 1677 2468 praemium
1699 2427 1736 2457 et

301 2474 583 2505 auctoramentum
616 2474 790 2507 navandae
821 2485 918 2517 quarn
949 2475 1167 2518 pollicebatur
1197 2471 1389 2517 imperatori
1420 2481 1544 2511 operae
1573 2469 1648 2503 dari
1669 2467 1738 2502 sibi

302 2517 346 2550 ab
371 2527 410 2550 eo
434 2516 606 2560 coniugem
628 2517 751 2561 petiit,
784 2519 943 2562 profitens
966 2519 1042 2552 talis
1066 2518 1218 2552 connubii
1249 2514 1492 2550 necessitudine
1515 2525 1552 2548 se
1577 2513 1736 2558 deinceps

302 2572 434 2606 semper
455 2561 506 2595 sic
529 2562 666 2595 affixum
689 2563 831 2604 Augusti
864 2563 1055 2607 obsequiis,
1089 2563 1188 2607 quasi
1216 2573 1280 2595 non
1310 2562 1343 2594 in
1375 2571 1532 2603 generum
1563 2559 1737 2592 dumtaxat

301 2607 364 2640 sed
386 2610 422 2640 et
442 2605 478 2640 in
498 2606 600 2640 filium
622 2607 801 2651 adoptatus
825 2607 855 2640 ei
877 2609 989 2649 soret,
1019 2607 1180 2652 istiusque
1213 2605 1464 2640 necessitudinis
1496 2605 1639 2638 officium
1661 2614 1738 2638 ser-

301 2650 420 2686 viendo
443 2662 541 2697 quam
564 2657 678 2697 posset
699 2651 929 2686 efficacissime
950 2653 1108 2686 Romanis
1131 2652 1347 2697 expleturum.
1393 2651 1528 2693 rogavit
1543 2650 1620 2683 item
1636 2660 1738 2694 prae-

302 2700 398 2731 terea
429 2701 468 2731 ut
495 2702 648 2743 patruum
680 2697 776 2731 huius
801 2697 908 2741 ipsius
938 2709 1036 2743 quam
1068 2698 1102 2731 in
1133 2708 1286 2742 sponsam
1309 2697 1449 2741 optabat
1469 2695 1629 2739 virginis,
1661 2704 1738 2728 eum

303 2741 396 2777 cuius
424 2742 520 2778 modo
553 2742 758 2779 meminimus
787 2742 970 2785 Melecum‚
1001 2743 1183 2789 imperator
1205 2743 1240 2777 in
1261 2742 1410 2778 Sultanis
1437 2740 1634 2786 dignitatem
1655 2749 1738 2786 pro-
