1858 3126
310 152 405 198 562
723 149 954 193 GEORGII
985 151 1333 196 PACHYMERIS

312 265 702 319 ἁποπροσποιεῖσθαι
722 261 771 305 τὰ
792 263 880 318 περὶ
903 262 1059 305 ἐκείνων
1081 260 1271 318 λεγόμενα
1293 261 1352 313 οἷς
1373 252 1471 313 οἵοις
1486 264 1527 307 τ’
1547 260 1597 320 ἦν
1618 261 1743 307 ἀκού-

314 348 427 376 ουσιν
447 329 496 372 ἂν
514 331 701 379 ἐξιᾶσθαι
712 363 724 382 ,
757 330 807 372 τὰ
829 331 872 372 δὲ
892 331 995 372 κατὰ
1025 328 1160 381 δύσιν,
1197 331 1313 373 ἔνθεν
1334 331 1741 388 μὲνὌσφεντίσθλα·

264 409 293 444 Β
314 405 389 455 βος
406 397 457 440 τὰ
472 397 689 451 Ἐλτιμηρῆ
712 395 890 451 κατήκοα
903 430 914 449 ,
952 398 1068 440 οἰδὲν
1098 397 1431 454 ἓπευλογοῦμενος
1450 397 1512 441 ὅτι
1530 398 1588 453 μὴ
1607 400 1680 453 τὴν
1699 400 1741 448 ἐς

309 465 479 523 βασιλέα
500 466 539 508 οἳ
558 462 764 507 ἀπόκλισιν
785 463 1040 518 αἷτιῶμενος,
1075 465 1182 521 ι’ίγων
1203 468 1267 508 καὶ
1286 467 1420 523 φέρων
1441 466 1491 509 τὰ
1508 463 1640 508 πάντα
1657 466 1740 517 ἔξε-

310 536 486 589 λη”ι’·ζετο,
531 532 632 587 μηδ’
664 533 796 575 αὐτῶν
823 538 904 575 τῶν
928 531 1159 587 Ῥωμαϊκῶν
1189 533 1472 589 ἀπισχόμενος,
1515 534 1666 576 ἐκεῖθεν
1697 534 1771 576 δέὄ

303 599 575 657 Ἀμογάβαροι
605 604 660 658 τῷ
691 600 791 642 καθ’
825 598 973 650 αὖτοὺς
1004 599 1288 655 κρατυνόμενοι
1317 600 1465 655 θράσει
1494 602 1534 651 ἐξ
1561 598 1741 655 ὑπογύου

309 669 414 712 κατὰ
431 669 504 723 τὴν
521 664 654 722 μάχην
672 665 985 722 εὖημερῆσαντες
1002 668 1119 710 οὐδὲν
1136 668 1195 711 ὅτι
1215 674 1287 712 τοῦ
1307 669 1417 719 ἐντὸς
1432 672 1618 722 ποταμοῦ
1638 671 1740 712 Ma-

310 738 458 794 ρίτζης,
495 735 602 778 οὕτω
621 752 706 783 πως
726 736 943 792 ἐπιχωρίως
962 737 1186 791 λεγομένου,
1224 737 1338 786 ἀδεὲς
1360 737 1499 779 εἴασαν
1519 738 1584 778 καὶ
1603 737 1645 777 ἐν
1664 753 1740 777 κα-

261 817 291 851 c
309 801 513 848 ταστάσει.
581 801 772 859 εὖέφοδος
803 804 847 845 δὲ
877 805 942 845 καὶ
969 802 990 845 ὃ
1019 804 1121 845 κατὰ
1147 803 1314 864 Θρᾴκην
1340 804 1463 847 ἔκειτο
1490 801 1636 855 τόπος,
1671 804 1738 845 καὶ

306 878 393 921 τοῖς
410 874 692 926 προσοικοῦσιν
714 869 790 913 ὅσα
811 870 862 924 δὴ
881 872 945 912 καὶ
968 871 1038 913 τὸν
1061 874 1148 926 περὶ
1171 877 1307 927 ψυχῆς
1326 873 1510 928 τρέχουσι
1529 869 1736 926 κατήπειγε
1749 876 1791 910 10

305 939 354 982 τὸ
375 935 681 993 μεταναστεῦειν
692 970 705 990 ,
741 937 787 980 τὸ
811 935 929 980 πάντ’
952 938 1070 994 ἕρημ’
1096 935 1200 994 ἦσαν
1218 944 1299 982 τῶν
1318 937 1596 989 ἐνοικούντων,
1634 938 1735 993 πλὴν

307 1005 368 1056 οἷς
383 1006 696 1062 ἄφροντιστοῦσι
714 1005 899 1048 κινδύνου
919 1005 1117 1048 σκυλεύειν
1137 1009 1200 1048 καὶ
1215 1009 1382 1062 φωρίοις
1402 1006 1554 1059 ἀποζῆν
1572 1007 1615 1055 ἐξ
1634 1004 1736 1047 ἀλα-

303 1076 468 1128 στοριάς
491 1074 660 1116 εἴθιστο.
729 1071 750 1115 ὃ
768 1073 902 1126 μέντοι
917 1090 958 1127 γε
978 1074 1167 1126 βασιλεὺς
1190 1075 1359 1129 ΖΙΊιχαὴλ
1379 1074 1424 1116 τό
1444 1071 1735 1126 Διδυμότειχον

301 1140 490 1190 hustad&
503 1173 515 1192 ,
552 1139 600 1182 οὗ
619 1157 658 1182 τι
678 1138 855 1190 ἓκοῦσιός
870 1158 933 1195 γε,
967 1141 1063 1182 ἀλλ’
1083 1141 1156 1183 οὐκ
1175 1137 1224 1195 ἦν
1246 1141 1348 1191 ὅλως
1368 1141 1468 1196 πρὸς
1482 1139 1630 1196 ἡδονὴν
1650 1146 1734 1190 τοῖς

301 1207 567 1264 στρατιώταις
595 1208 836 1250 ἐπισπέσθαι
857 1208 894 1250 οἱ
911 1207 1066 1262 ὀκνήσει
1086 1209 1331 1262 ἰσχομένως,
1366 1209 1441 1258 τὰς
1461 1210 1504 1250 ἐκ
1524 1212 1596 1250 τοῦ
1614 1207 1732 1250 noid-
1745 1213 1786 1249 15

249 1291 282 1327 1)
304 1294 383 1332 μου
410 1273 575 1330 τρώσεις
605 1273 882 1331 ἐθεραπεύετο.
951 1277 1141 1328 βασιλεὺς
1171 1276 1216 1318 δ’
1239 1276 1438 1332 ἀπογνοῦς
1456 1277 1642 1318 ἐντεῦθεν
1659 1275 1734 1330 τὴν

296 1346 397 1399 πρὸς
426 1341 682 1392 Κατελάνους
709 1341 865 1398 μάχην,
903 1342 1054 1397 ἄνδρας
1079 1343 1183 1393 ὅλως
1213 1347 1560 1393 δυσθανατῶντας
1589 1345 1654 1386 καὶ
1683 1342 1730 1385 τὸ

301 1416 369 1468 ζῆν
386 1414 426 1454 ἐν
446 1417 603 1460 πεττοῖς
626 1409 769 1453 ὡσανεὶ
790 1412 1046 1464 τιθεμένους,
1084 1411 1216 1461 ἄλλως
1239 1411 1338 1468 ἔγνω
1361 1413 1413 1455 τὰ
1440 1411 1543 1454 κατὰ
1563 1409 1732 1460 τοτ’·τους

386 1507 420 1544 3.
443 1503 767 1550 ἀπολογούμενος-7
866 1507 920 1540 11.
940 1505 981 1542 τὸ
1005 1504 1131 1552 πάντ’]
1157 1503 1247 1543 ὥστε
1268 1504 1400 1543 πάντ’2
1491 1507 1544 1544 14.
1567 1502 1632 1552 ἦν]
1658 1504 1731 1543 av?

295 1584 411 1619 tristia
434 1582 688 1624 nuntiabantur,
714 1583 756 1616 ab
779 1581 820 1617 iis
842 1584 900 1628 qui
922 1585 1023 1619 rebus
1049 1589 1229 1629 praeerant
1250 1585 1344 1630 quasi
1366 1585 1449 1619 nibil
1471 1585 1514 1618 ad
1534 1584 1627 1629 ipsos
1648 1595 1728 1630 per-

297 1629 442 1664 tinentia
474 1627 566 1661 reiici
594 1627 741 1661 solerent
774 1628 818 1661 ad
851 1629 957 1668 alios.
990 1630 1019 1663 si
1042 1630 1098 1674 qui
1123 1631 1250 1674 uspiam
1273 1631 1405 1671 forent,
1435 1629 1554 1675 quibus
1582 1630 1727 1664 facultas

297 1687 362 1709 non
385 1675 519 1708 deesset
539 1673 633 1706 malis
659 1673 800 1716 cognitis
828 1674 1007 1707 remedium
1030 1674 1219 1708 adhibendi.
1263 1675 1296 1708 in
1323 1675 1472 1708 Occiduo
1504 1686 1585 1708 vero
1615 1678 1727 1709 tractu

296 1721 373 1755 hinc
393 1719 527 1765 quidem
550 1718 865 1762 Osphentisthlabus
885 1724 994 1753 terras
1016 1720 1207 1753 Eltemerae
1228 1720 1408 1761 subiectas,
1430 1720 1509 1753 nihil
1524 1719 1612 1753 aliud
1627 1731 1727 1765 prae-

295 1771 413 1800 texens
443 1764 507 1798 nisi
537 1763 610 1797 eius
640 1763 886 1797 inclinationem
908 1765 951 1798 ad
973 1764 1184 1809 imperatoris
1208 1771 1342 1809 partes,
1373 1766 1497 1808 agebat
1526 1765 1725 1810 ferebatque

295 1811 462 1845 hostiliter
489 1808 667 1853 diripiens,
696 1820 737 1842 ac
767 1821 809 1843 ne
830 1810 979 1843 Romano
1009 1810 1139 1854 quidem
1170 1810 1340 1844 abstinens
1363 1810 1487 1851 limite;
1513 1810 1592 1844 inde
1613 1815 1725 1845 autem

295 1855 496 1899 Amogabari
519 1865 674 1888 successu
696 1865 802 1898 nuper
823 1866 956 1900 pugnae
982 1866 1142 1899 prospero
1164 1855 1199 1888 in
1222 1855 1360 1889 audacia
1381 1856 1566 1890 confirmati
1587 1855 1668 1890 nihil
1687 1855 1723 1890 in

294 1901 448 1945 regione,
477 1904 603 1945 quanta
624 1903 719 1944 patet
741 1900 828 1934 citra
849 1900 982 1933 fluvium
1006 1902 1106 1944 vulgo
1130 1900 1305 1935 Maritzam
1328 1901 1471 1942 dictum,
1489 1906 1550 1935 aut
1570 1911 1723 1935 securum

294 1958 316 1980 a
338 1953 467 1979 terrore
489 1949 547 1979 aut
568 1944 729 1978 intactum
753 1956 774 1979 a
797 1944 831 1979 vi
851 1957 953 1979 saeva
972 1945 1204 1991 integrumque
1224 1947 1388 1980 sinebant.
1420 1946 1512 1980 limes
1526 1945 1605 1990 quin
1620 1946 1723 1980 etiam

293 1991 452 2025 finitimae
481 1990 650 2024 Thraciae
680 1990 767 2023 nullo
795 1991 960 2034 praesidio
992 1991 1134 2024 munitus
1166 1991 1208 2025 ad
1239 1991 1414 2025 arcendam
1436 1991 1551 2024 horum
1572 1991 1660 2033 vim,
1692 1990 1724 2026 si

294 2036 417 2069 vellent
436 2036 639 2079 irrumpere,
661 2036 844 2079 expositam
867 2047 938 2069 eam
961 2040 1066 2070 totam
1087 2036 1224 2070 istorum
1247 2037 1375 2070 iniuriis
1396 2036 1598 2081 provinciam
1621 2047 1723 2081 prae-

293 2081 407 2122 bebat,
436 2081 644 2125 cogebatque
666 2081 717 2115 sui
740 2081 876 2125 periculi
897 2081 1045 2115 conscios
1069 2081 1140 2115 eius
1160 2082 1285 2116 incolas
1307 2087 1431 2116 certam
1453 2092 1566 2116 necem
1587 2086 1720 2115 matura

293 2126 376 2168 fuga
397 2130 624 2170 praevertere.
667 2127 759 2171 quod
781 2138 853 2160 cum
877 2132 1012 2161 strenue
1035 2126 1134 2160 fieret
1154 2139 1174 2160 a
1198 2127 1341 2167 cunctis,
1373 2132 1470 2160 vasta
1491 2131 1526 2160 et
1548 2126 1718 2160 habitato-

291 2170 384 2204 ribus
407 2182 514 2204 vacua
535 2176 654 2205 cuncta
676 2175 773 2205 erant
804 2183 865 2216 per
889 2172 1089 2212 Thraciam,
1121 2173 1200 2206 solis
1223 2172 1270 2206 ibi
1301 2171 1566 2214 remanentibus,
1595 2170 1718 2216 quibus

291 2218 392 2249 antea
414 2215 598 2259 periclitari
619 2217 846 2251 latrocinando
868 2217 974 2251 solitis
995 2217 1086 2250 velut
1108 2218 1268 2251 familiare
1288 2217 1475 2250 institutum
1495 2216 1622 2250 nefaria
1637 2226 1717 2258 pro-

289 2260 392 2294 fessio
423 2261 579 2304 placebat
605 2265 703 2306 rapto
735 2273 774 2295 ac
807 2273 867 2306 per
898 2263 1025 2295 scelera
1053 2262 1197 2296 vivendi.
1241 2273 1341 2306 porro
1367 2262 1548 2305 imperator
1571 2260 1717 2294 michael

289 2304 546 2347 Didymoticho,
576 2317 675 2350 quam
707 2317 815 2340 arcem
839 2307 1010 2348 subierat,
1042 2308 1186 2340 clausum
1208 2318 1284 2340 sese
1306 2306 1515 2346 continebat,
1547 2305 1634 2338 haud
1657 2305 1715 2340 ἰΙΙο

290 2349 422 2394 quidem
445 2350 578 2383 volens:
609 2351 667 2383 sed
691 2362 863 2396 erumpere
884 2352 1081 2395 gestientem
1114 2352 1301 2384 necessario
1327 2350 1486 2392 sistebat,
1517 2349 1606 2395 quod
1629 2350 1716 2384 mili-

289 2395 379 2428 tibus
409 2394 566 2427 alacritas
598 2398 633 2427 et
662 2396 787 2429 animus
809 2397 925 2429 deerat
946 2397 1051 2440 ipsum
1073 2397 1249 2441 sequendi,
1279 2396 1308 2428 si
1331 2394 1494 2439 prodiret.
1540 2406 1657 2440 nempe
1679 2395 1713 2430 hi

288 2439 391 2474 fracti
412 2438 528 2472 animis
550 2440 592 2472 ob
616 2444 771 2482 acceptas
799 2441 909 2474 clades
936 2441 1057 2484 ignava
1087 2441 1214 2474 desidia
1241 2440 1439 2484 torpebant3
1471 2439 1558 2474 unde
1578 2441 1607 2475 is
1630 2441 1711 2475 nihil

288 2490 368 2519 tunc
398 2495 500 2526 agere
529 2484 620 2516 aliud
651 2485 766 2517 valens
793 2490 932 2529 accepta
965 2485 1050 2518 bello
1078 2486 1215 2518 vulnera
1247 2495 1307 2528 per
1328 2484 1429 2517 otium
1452 2486 1602 2521 curabat.
1646 2487 1710 2521 hoc

288 2532 458 2573 Augustus
486 2528 597 2561 senior
628 2534 794 2572 comperto
823 2530 1014 2573 desperavit
1042 2541 1110 2563 rem
1141 2529 1212 2572 geri
1239 2539 1259 2562 a
1281 2529 1350 2562 suis
1371 2541 1467 2563 manu
1491 2542 1562 2564 cum
1584 2531 1709 2567 fiducia

288 2585 462 2610 successus
483 2572 635 2618 prosperi
658 2577 772 2606 contra
795 2573 973 2608 Catelanos
996 2585 1116 2618 posse,
1144 2573 1289 2607 homines
1311 2585 1352 2606 eo
1374 2575 1576 2609 difficiliores
1595 2576 1707 2611 occisu

287 2631 355 2664 quo
377 2631 414 2654 se
437 2618 618 2663 promptius
641 2618 683 2651 ad
706 2629 818 2651 necem
840 2618 995 2652 offerunt.
1042 2619 1131 2662 quod
1154 2618 1239 2652 enim
1261 2618 1363 2652 nihilo
1386 2620 1596 2654 cunctantius
1618 2621 1706 2656 vitas

287 2665 321 2698 in
341 2664 465 2710 praelio
486 2675 584 2709 quam
605 2663 638 2697 in
661 2663 739 2696 ludo
761 2663 904 2697 calculos
925 2663 959 2696 in
983 2663 1088 2696 aleam
1110 2663 1250 2704 iaciant,
1282 2667 1320 2697 ut
1351 2665 1521 2699 abundant
1541 2665 1584 2699 ad
1607 2666 1707 2711 quid-

282 2710 334 2744 vis
365 2709 619 2754 aggrediendum
649 2708 811 2750 audacia,
842 2708 890 2742 ita
911 2707 992 2741 nihil
1014 2719 1080 2742 nou
1102 2709 1191 2754 quod
1213 2709 1420 2752 susceperint
1440 2710 1507 2744 ista
1528 2711 1615 2744 intre
1640 2711 1706 2745 idi-

281 2757 353 2789 tate
383 2754 570 2800 perficiunt.
614 2753 718 2800 igitur
747 2753 845 2790 aliam
866 2764 888 2789 a
908 2753 1064 2800 periculis
1093 2753 1203 2801 aperti
1224 2754 1348 2790 Martia
1366 2754 1541 2791 ineundam
1561 2755 1626 2791 sibi
1645 2756 1704 2791 de-
