1820 3112
219 147 315 193 122
642 146 876 190 GEORGII
905 147 1255 192 PACHYMERIS

215 259 377 315 ὁμιλίαν
393 257 575 315 λαλήσας
593 260 695 315 πρὸς
714 260 787 303 τὸν
805 259 905 303 λαὸν
925 259 980 310 ὥς
999 263 1144 304 πολλοὶ
1161 261 1480 318 ἐπισυνέστησαν
1497 262 1583 307 κατ’
1604 263 1682 307 αὖ-

215 334 290 372 τοῦ
314 331 381 372 καὶ
406 327 461 378 ὥς
486 328 544 383 μὴ
566 326 651 378 οἷός
674 328 715 372 τ’
741 329 803 384 εἴη
826 328 1001 383 ἀντέχειν
1025 327 1080 379 εἷς
1102 330 1204 386 πρὸς
1222 329 1423 383 πολλούς,
1461 334 1526 374 καὶ
1549 337 1681 376 ταῦτα

216 399 284 440 καὶ
304 402 385 440 τῶν
400 397 669 453 Ἀρσενιατῶν
697 395 909 453 εἰρηνεύειν
932 396 1263 453 ὖπισχνουμένων
1284 401 1319 442 εἲ
1340 401 1406 442 καὶ
1426 399 1552 450 αὐτὸς
1569 401 1679 451 ἐξέλ-

216 471 290 509 θοι
303 498 316 518 ,
348 467 417 508 καὶ
437 466 553 516 τέλος
574 465 630 517 ὥς
645 467 751 509 κατὰ
771 468 1014 521 δοκιμασίαν
1039 468 1238 524 ἐξέρχεται
1251 500 1271 520 ,,
1300 467 1472 511 ἐπειπών
1494 466 1549 519 ὥς
1569 471 1605 512 εἲ
1619 469 1679 524 μὴ

163 542 194 577 Β
217 534 261 590 y'
283 532 546 591 εἶρηνεύσοιεν
565 540 616 593 τῇ
642 534 770 578 αὐτοῦ
799 535 1031 595 ἀποστασία
1061 534 1375 591 ἐπιστησόμενος
1391 530 1517 587 αὖθις
1538 539 1605 580 καὶ
1626 535 1713 587 ὦςᾱ

216 603 303 659 θὴρ
330 605 502 654 ἐκείνους
529 602 941 660 καταδραμούμενος,
979 603 1101 654 ἔξεισι
1120 607 1187 647 καὶ
1209 609 1258 662 τῇ
1275 603 1557 669 τῶν,Ὁδηγῶν
1574 610 1681 663 μονῇ

216 672 352 730 φέρων
385 671 531 716 ἑαυτὸν
564 674 754 726 δίδωσιν,
792 673 838 716 οὗ
873 672 955 727 μὴν
988 674 1032 715 δὲ
1060 672 1163 717 ὥστε
1192 676 1259 716 καὶ
1286 673 1503 731 ἀπρακτεῖν
1522 674 1680 727 τελέως,

218 741 324 784 ἀλλὰ
355 743 422 784 καὶ
451 739 825 796 συνεισβαλλόντων
845 746 928 784 τῶν
949 743 1038 797 περὶ
1056 743 1201 785 ἐκεῖνον
1221 742 1436 798 ἀρχιερέων
1454 743 1522 785 καὶ
1535 747 1684 799 ψκληρι-

219 814 303 854 κῶν
341 808 542 860 συνόδους
570 827 614 853 τε
644 811 830 866 γίνεσθαι
861 811 929 852 καὶ
960 811 1107 865 κρίσεις
1139 810 1509 854 ἀποκαθίστασθαι
1535 813 1602 853 καὶ
1630 811 1683 854 τὰ

221 879 328 922 κατὰ
356 879 431 935 τὴν
463 880 676 935 ἐκκλησίαν
711 881 777 922 καὶ
808 874 933 929 αὖθις
958 880 1288 934 οἲκονομεΐσθαι,
1325 879 1680 935 μνημονευομένων
1694 890 1739 925 lo

219 950 288 991 καὶ
309 948 381 992 ἔτι.

351 1015 467 1060 Ἀλλ’
492 1015 588 1060 οὐδὲ
609 1018 675 1059 καὶ
693 1016 740 1060 τὸ
762 1015 829 1060 ἔπ’
854 1016 988 1074 ἐκείνῳ
1010 1013 1238 1059 σκάνδαλον
1256 1015 1552 1070 κατεστέλλετο,
1577 1015 1683 1059 ἀλλὰ

171 1094 203 1128 C
228 1087 293 1129 καὶ
312 1090 470 1141 μᾶλλον
491 1083 688 1136 ἐλθόντος
709 1087 776 1128 καὶ
796 1089 871 1128 τοῦ
887 1085 1060 1141 Ἐφέσου
1077 1083 1282 1137 Ἰωάννου,
1321 1083 1367 1128 ὃν
1388 1086 1454 1127 καὶ
1470 1083 1684 1141 μακρόθεν

222 1155 262 1198 οἳ
290 1154 386 1198 κατ’
420 1155 570 1198 ἐκείνου
599 1151 1012 1210 προκατελάμβανον,
1048 1155 1182 1208 μεῖζον
1206 1152 1351 1210 ᾔρετο,
1387 1154 1453 1195 καὶ
1475 1151 1497 1196 ὃ
1523 1157 1684 1210 κρατῶν

220 1225 264 1266 ἓν
298 1224 516 1279 διχονοίαις
540 1218 590 1278 ἦν
619 1225 654 1266 εἲ
682 1222 1035 1278 μνημονευομένου
1055 1223 1205 1265 ἐκείνου
1230 1221 1355 1271 αὐτὸς
1371 1219 1572 1278 ἅγιάζοιτο
1593 1227 1683 1271 ταῖς
1695 1224 1740 1260 15

222 1294 406 1342 θυσίαις.
474 1291 542 1335 διὰ
560 1296 683 1334 τοῦτο
701 1293 768 1334 καὶ
787 1295 948 1334 πολλῶν
968 1291 1119 1344 μεταξὺ
1138 1288 1384 1344 συμβάντων
1401 1287 1540 1346 χώραν
1561 1287 1685 1344 σχόν-

225 1378 293 1411 τες
323 1361 362 1405 οἳ
394 1360 488 1403 κατ’
516 1361 665 1403 ἐκείνου
692 1360 739 1403 τὸ
767 1358 917 1402 τούτου
940 1358 1071 1413 ὄνομα
1090 1360 1131 1401 ἓν
1151 1366 1240 1408 ταῖς
1264 1356 1452 1409 συνάξεσι
1472 1361 1686 1414 κατεσίγα-

224 1431 317 1483 ζον,
355 1432 422 1472 καὶ
454 1431 700 1486 παραίτησιν
731 1429 943 1484 ἐζῃτοῦντο
973 1428 1045 1484 ἐφ’
1075 1422 1182 1487 ᾧπερ
1202 1429 1270 1470 καὶ
1291 1427 1364 1470 τὸν
1378 1426 1496 1478 ’ἄξιον
1521 1444 1686 1482 προχει-

227 1500 426 1556 ρίσαιντο,
497 1498 592 1540 ἀλλ’
628 1499 669 1541 ἐν
705 1495 890 1557 τοσούτῳ
930 1498 999 1539 καὶ
1029 1495 1050 1540 ὃ
1086 1499 1142 1547 εἷς
1167 1494 1423 1554 πατριάρχην
1448 1495 1687 1550 Ἀντιοχείας

226 1655 399 1688 caeterum
430 1653 561 1687 fractus
589 1652 698 1687 animo
729 1654 766 1687 et
794 1651 954 1686 diffidens
983 1651 1086 1685 rebus
1118 1650 1209 1692 suis,
1244 1649 1389 1695 quadam
1419 1648 1475 1683 die
1505 1648 1686 1691 dominica,

226 1699 364 1735 homilia
386 1698 430 1734 ad
454 1699 611 1744 populum
632 1702 817 1744 perorata,
851 1710 918 1744 qua
942 1703 1082 1742 questus
1105 1702 1159 1730 est
1179 1696 1301 1730 multos
1322 1694 1543 1729 insurrexisse
1563 1695 1688 1729 adver-

227 1757 301 1782 sum
331 1757 389 1786 se,
421 1757 484 1779 nec
514 1744 701 1779 resistendo
733 1755 848 1790 parem
876 1755 969 1784 esse,
1002 1743 1118 1788 utique
1140 1754 1240 1776 unum
1264 1746 1492 1786 comparatum
1516 1740 1687 1786 plurimisg

228 1791 317 1828 velle
338 1791 443 1836 igitur
467 1791 615 1834 cedere,
651 1802 692 1824 ac
721 1802 794 1824 cum
817 1789 1021 1824 Arsenianos
1051 1789 1181 1823 iactare
1205 1787 1338 1822 audiret
1359 1798 1477 1832 pacem
1499 1787 1592 1832 ipsos
1614 1798 1688 1821 am-

230 1838 392 1884 plexuros
421 1837 450 1872 si
482 1840 699 1872 amoveretur
722 1849 741 1871 e
763 1836 871 1870 medio
897 1835 1107 1879 Gregorius,
1141 1845 1267 1879 cupere
1292 1834 1440 1878 probare
1462 1844 1506 1867 an
1528 1844 1611 1867 vera
1635 1832 1690 1866 di-

232 1888 370 1928 cerent,
392 1883 538 1928 ideoque
560 1883 721 1918 secedere
743 1881 910 1926 tantisper
923 1907 932 1924 ,
966 1881 1074 1916 animo
1098 1881 1274 1914 dumtaxat
1296 1878 1493 1924 explorandi
1516 1878 1597 1924 quid
1618 1878 1689 1912 sint

231 1930 364 1971 acturi,
397 1930 463 1964 iam
487 1941 576 1964 nuuc
607 1929 707 1974 plane
737 1928 958 1969 denuntians,
987 1927 1051 1961 nisi
1072 1926 1121 1960 illi
1145 1925 1315 1970 promissis
1337 1925 1495 1959 steterint
1517 1929 1554 1958 et
1575 1923 1690 1958 eccle·

231 1976 317 2010 siam
339 1977 482 2010 turbare
504 1975 685 2016 desierint,
708 1974 894 2008 rediturum
918 1984 1012 2015 sese,
1037 1979 1074 2006 et
1091 1972 1226 2018 quidem
1249 1971 1369 2006 iratum
1393 1976 1430 2004 et
1450 1971 1610 2012 ultorem,
1634 1970 1689 2004 fe·-

230 2033 293 2057 rae
324 2021 435 2055 instar
468 2022 512 2056 ad
546 2033 606 2056 eos
638 2019 857 2055 incursandos
887 2018 1105 2064 erumpentis.
1149 2022 1282 2051 tantum
1307 2017 1434 2051 effatus
1455 2017 1562 2059 exiit,
1594 2019 1630 2050 et
1650 2026 1691 2050 se

231 2067 450 2111 Hodegorum
476 2067 679 2102 monasterio
710 2067 826 2101 abiens
858 2065 1028 2106 condidit,
1058 2076 1125 2099 non
1146 2068 1258 2098 tamen
1279 2066 1319 2097 ut
1339 2062 1568 2098 functionibus
1589 2072 1692 2107 pror-

232 2124 291 2148 sus
314 2113 392 2147 inde
415 2114 543 2148 cunctis
566 2114 752 2148 abstineret
774 2111 1008 2156 patriarchalis
1025 2110 1227 2156 potestatis:
1251 2109 1332 2154 quin
1354 2115 1392 2143 et
1413 2107 1692 2143 convenientibus

234 2159 279 2194 ad
304 2170 379 2193 eum
401 2159 513 2204 partis
544 2160 617 2193 eius
651 2158 858 2194 antistitibus
880 2169 922 2192 ac
943 2157 1075 2191 clericis
1097 2156 1218 2200 synodi
1241 2157 1285 2189 ab
1308 2155 1350 2190 iis
1373 2155 1632 2189 celebrabantur
1655 2157 1693 2187 et

230 2205 360 2239 iudicia
390 2206 655 2246 exercebantur,
687 2205 772 2239 adeo
802 2208 841 2238 ut
866 2203 1027 2250 paulatim
1058 2207 1166 2236 totam
1189 2202 1338 2247 Cyprius
1361 2200 1527 2235 ecclesiae
1549 2198 1693 2233 admini-

232 2251 450 2292 strationem,
474 2256 514 2284 ut
536 2256 637 2292 ante,
658 2255 864 2292 resumeret,
887 2250 1013 2295 quippe
1035 2248 1094 2294 qui
1113 2260 1175 2283 nec
1197 2247 1442 2294 possessionem
1465 2244 1619 2280 amisisse
1638 2243 1692 2279 vi-

234 2297 396 2338 deretur,
422 2297 602 2331 memorari
624 2296 735 2330 adhuc
757 2296 848 2330 inter
870 2307 968 2330 sacra
990 2295 1122 2329 solitus.

326 2342 510 2376 Caeterum
541 2342 682 2376 offensio
709 2354 794 2385 erga
822 2342 913 2376 illum
937 2342 1075 2386 publica
1096 2351 1160 2386 per
1182 2340 1269 2374 hanc
1290 2337 1512 2373 secessionem
1533 2335 1626 2369 nulla
1649 2346 1693 2370 ex

233 2391 335 2434 parte
358 2388 584 2423 minuebatun
622 2388 702 2432 quin
725 2392 845 2422 auctae
867 2387 982 2432 potius
1007 2387 1105 2421 brevi
1125 2387 1248 2420 turbae
1271 2388 1370 2425 suut,
1403 2383 1550 2417 adventu
1574 2381 1610 2415 in
1633 2392 1694 2415 ur-

235 2436 311 2469 bem
342 2434 480 2469 Ioannis
516 2433 698 2478 Ephesini‚
742 2444 840 2477 quem
872 2435 1044 2467 absentem
1076 2433 1142 2466 iam
1170 2431 1278 2465 fuisse
1307 2431 1589 2474 praeoccupatum
1619 2430 1694 2461 tra-

236 2485 396 2525 ctumque
417 2480 452 2514 in
477 2485 595 2524 partes
618 2478 867 2513 adversantium
891 2479 1059 2522 Gregorio
1092 2477 1246 2511 diximus.
1293 2475 1384 2508 inter
1407 2475 1490 2508 haec
1515 2473 1694 2518 scrupulus

235 2527 373 2572 quidam
403 2527 551 2570 angebat
578 2525 837 2569 imperatorem,
870 2523 1079 2557 dubitantem
1111 2534 1154 2556 an
1185 2533 1283 2557 sacra
1306 2532 1394 2566 quae
1417 2520 1578 2553 adiuncta
1600 2520 1695 2552 Gre-

239 2572 325 2616 gorii
354 2572 570 2617 patriarchae
592 2570 729 2616 publica
750 2570 1065 2603 commemoratione
1088 2569 1362 2608 celebrarentur,
1397 2566 1462 2600 sibi
1493 2565 1537 2599 ad
1566 2563 1695 2599 sancti-

238 2619 429 2654 ficationem
451 2618 662 2663 prodessent.
709 2618 849 2659 propter
871 2616 955 2656 hoc,
990 2617 1025 2648 et
1047 2614 1114 2648 alia
1135 2615 1272 2658 insuper
1294 2613 1399 2647 multa
1420 2612 1482 2646 sub
1505 2611 1541 2644 id
1564 2614 1696 2655 tempus

239 2663 455 2699 occurrentia
475 2663 624 2703 invidiae
645 2662 682 2696 in
705 2661 908 2704 Gregorium
930 2660 1187 2694 inflammandae
1209 2663 1300 2704 apta,
1325 2662 1463 2702 captato
1479 2657 1552 2690 eius
1569 2655 1696 2690 inimici

239 2717 392 2755 tempore
423 2721 543 2744 nomen
565 2709 638 2744 eius
660 2709 696 2742 in
719 2707 902 2752 synaxibus
923 2707 1056 2741 silentio
1090 2710 1306 2751 presserunt,
1337 2710 1373 2738 et
1395 2705 1438 2738 ab
1459 2703 1535 2747 ipso
1559 2701 1697 2736 abdica-

242 2757 370 2791 tionem
390 2756 578 2802 petierunt‚
599 2758 638 2790 ut
661 2755 706 2789 ad
728 2753 822 2798 digni
844 2752 1041 2787 electionem
1062 2751 1098 2785 in
1121 2752 1193 2786 eius
1215 2751 1323 2784 locum
1345 2751 1412 2784 rite
1434 2749 1511 2783 inde
1533 2747 1698 2794 procede-

244 2807 332 2838 rent.
379 2803 444 2838 hoc
478 2813 592 2838 rerum
622 2800 765 2837 articulo
798 2799 947 2845 cyrillus
979 2811 1022 2834 ex
1043 2798 1132 2843 Tyri
1153 2797 1350 2844 episcopatu
1373 2797 1413 2844 in¹
1429 2794 1699 2842 patriarchatum
