1858 3126
637 156 741 200 ΠΒ.
770 154 826 200 Π.
891 153 1095 199 NOTAE·
1491 153 1592 200 ¹739

148 268 387 323 principium
417 281 518 320 quo,
558 278 700 319 nempe
733 267 993 319 spirationem
1027 265 1205 304 activam
1232 265 1395 304 unicam
1421 264 1593 306 indivise

148 330 401 390 propagatam
423 336 473 362 ex
497 329 610 374 patre
623 322 666 360 in
683 321 833 372 filium,
861 327 992 360 tamen
1021 335 1044 359 a
1068 321 1219 360 duobus
1239 321 1447 374 principiis
1467 321 1590 374 quod,

148 381 318 446 geminis
338 379 523 418 videlicet
548 379 750 430 personis,
779 390 946 429 quarum
971 376 1040 415 ubi
1062 377 1176 429 prior
1194 377 1305 415 alteri
1325 378 1590 416 communica·

147 437 252 475 verit
277 435 361 473 vim
387 434 587 487 propriam
614 434 812 485 spirandi,
842 433 975 471 ambae
1001 434 1269 485 conspirantes
1295 446 1367 485 per
1389 446 1509 472 unam
1524 434 1590 472 in-

149 491 387 530 divisibilem
406 491 674 541 operationem
693 489 914 541 producant
932 489 1091 527 tertiam
1110 502 1340 540 personam,
1370 503 1469 540 quae
1488 492 1590 528 San-

150 553 239 585 ctus
254 553 313 585 est
328 546 510 598 Spiritus.
567 551 684 596 atque
702 544 796 583 haec
815 551 873 583 est
886 545 955 583 illa
973 546 1080 582 ratio
1099 544 1344 597 differentiae
1360 559 1477 596 quam
1492 546 1589 585 alle-

149 609 216 654 gat
242 602 309 641 hic
337 601 507 650 Veccus‚
536 614 619 638 eam
651 600 804 639 obstare
826 601 932 639 aiens
950 600 1158 651 quominus
1177 601 1257 639 dici
1277 601 1402 664 possit
1419 602 1589 653 Spiritus

148 660 331 697 continue
347 671 393 694 ex
404 665 552 709 patre
541 669 740 709 προσεχως
757 656 800 696 ἐκ
814 659 888 696 τοῦ
902 652 1070 708 πατρός,
1099 656 1206 707 quod
1223 657 1393 708 sumpsit
1413 669 1464 695 ex
1488 658 1590 697 Gre-

147 715 260 764 gorio
281 714 489 764 Nysseno'
478 726 519 751 m
539 712 699 764 epistola
722 712 772 750 ad
792 712 1018 759 Ablabium,
1046 711 1152 750 unde
1179 717 1303 750 totum
1327 711 1436 750 huuc
1457 713 1589 753 locum

146 770 259 808 iuvat
280 768 347 807 hic
378 768 618 820 descriptum
636 781 878 820 proponere:
904 770 978 808 τοῦ
994 767 1035 816 ἐξ
1051 767 1180 815 αἰτίας
1198 764 1313 815 ὄντος
1330 765 1451 808 πάλιν
1465 767 1589 819 αλλην

148 822 350 876 διαφορᾶν
375 824 614 876 ἐννοοῦμεν·
641 821 685 864 τὸ
707 822 780 875 μὲν
803 839 879 877 γαρ
901 826 1102 875 προσεχῶς
1121 822 1164 863 ἐκ
1181 825 1254 863 τοῦ
1271 820 1452 875 πρῶτον,
1479 823 1524 866 vti
1545 823 1589 865 δὲ

149 879 217 921 διὰ
234 883 308 921 τοῦ
323 882 535 933 προσεχῶς.
577 881 664 918 eius
684 877 797 930 quod
812 893 856 916 ex
867 880 1071 930 principio
1088 885 1146 916 est
1165 892 1307 916 rursus
1322 880 1451 917 aliam
1469 879 1591 932 diffe-

149 938 320 975 rentiam
346 937 622 988 intelligimus.
676 949 771 973 nam
796 934 920 973 aliud
941 937 1127 972 continue
1144 948 1188 972 ex
1196 936 1332 986 primo
1360 943 1439 985 eet,
1467 935 1592 974 aliud

148 1006 239 1031 vero
263 1005 339 1044 per
366 991 478 1029 illud
503 990 616 1042 quod
639 998 696 1028 eet
724 993 911 1029 continue
931 1005 976 1028 ex
991 993 1141 1059 primo.
1191 990 1299 1029 unde
1319 991 1449 1029 statim
1469 992 1590 1030 infert

147 1048 348 1098 Nyssenus
373 1047 478 1085 idem
503 1060 601 1087 more
622 1045 687 1086 καὶ
709 1044 754 1088 τὸ
777 1045 985 1099 μονογενὲς
1010 1042 1287 1098 ἆναμφίβολον
1310 1045 1375 1087 ἐπὶ
1393 1049 1469 1086 τοῦ
1492 1048 1591 1088 υίου

148 1102 295 1156 μένειν
348 1101 540 1141 hocloco
564 1102 774 1155 μονογενές
801 1115 883 1140 non
911 1102 1015 1140 idem
1045 1102 1149 1153 quod
1177 1102 1311 1139 Latine
1337 1104 1589 1153 unigenitum

148 1164 284 1208 sonat,
315 1158 408 1207 sed,
435 1163 558 1210 prout
587 1158 736 1196 erudite
765 1157 874 1197 hune
901 1157 1030 1209 ipsum
1056 1158 1223 1208 Nysseni
1247 1157 1381 1196 locum
1412 1164 1589 1197 tractans

149 1213 322 1266 explicat
349 1213 510 1252 ΜειιιιὲΙ
538 1214 694 1252 Calecas
722 1228 757 1252 c.
783 1218 828 1260 3,
857 1213 1051 1264 significat
1079 1212 1128 1250 id
1152 1211 1262 1263 quod
1284 1226 1410 1251 unum
1434 1228 1479 1251 ex
1506 1228 1587 1252 uno

141 1268 397 1338 producitur.
452 1269 572 1307 verba
604 1275 696 1307 sunt
727 1270 905 1307 Calecae:
934 1267 1002 1308 καὶ
1018 1284 1061 1309 το
1084 1267 1293 1334 μονογενὲς
1312 1266 1589 1337 οἷναμφιβόλου

149 1325 263 1376 (lege
287 1321 599 1390 ἀναμφιβόλως)
635 1323 700 1365 ἐπὶ
729 1327 802 1364 τοῦ
829 1325 925 1365 υίοῦ
954 1324 1071 1376 μένει.
1129 1320 1247 1376 μόνος
1268 1321 1409 1393 1γοῖρ
1380 1325 1424 1365 ἐκ
1447 1323 1588 1377 μόνον,

149 1380 236 1421 ἐπεὶ
261 1379 370 1444 μέχρι
398 1395 542 1420 τουτου
572 1381 726 1443 ἵστησιν
744 1379 769 1421 o‘
783 1376 901 1433 λόγος
917 1383 989 1431 τῆς
1005 1377 1211 1432 ὑπάρξεως
1227 1395 1350 1420 «mov
1367 1378 1412 1421 τό
1432 1381 1589 1433 ἰδίωμα.

149 1437 380 1487 menogenis
398 1436 542 1473 titulus
559 1437 644 1472 sine
661 1435 784 1473 dubio
792 1437 889 1486 silio
900 1438 1096 1486 proprius
1114 1442 1271 1474 manet.-
1297 1437 1410 1473 colus
1425 1439 1528 1474 enim
1545 1451 1589 1475 ex

147 1492 235 1529 eolo
259 1498 338 1540 est,
366 1490 692 1543 quandoquidem
719 1499 877 1530 eatenus
903 1490 1123 1529 orthodoxa
1147 1490 1334 1528 doctrina
1349 1493 1458 1529 sistit
1472 1493 1589 1531 illius

148 1549 376 1585 existentiae
387 1549 685 1610 proprietatem.
740 1553 924 1598 potuerat
939 1546 1017 1584 hoc
1035 1547 1249 1597 Gregorius
1264 1547 1462 1597 Nyssenus
1482 1548 1588 1586 didi-

148 1603 247 1641 cisse
269 1616 293 1640 a
321 1603 471 1641 seniore
499 1603 620 1641 fratre
648 1603 810 1651 Basilio,
841 1603 953 1640 cuius
978 1608 1087 1641 extat
1113 1602 1163 1640 ad
1189 1604 1348 1640 fratrem
1366 1604 1587 1654 Nyssenum

148 1658 339 1710 epistola,
369 1658 410 1696 in
430 1671 506 1709 qua
527 1657 628 1696 haec
646 1659 848 1709 leguntur:
877 1673 899 1699 ο
920 1656 963 1698 δὲ
979 1654 1088 1726 vipg,
1116 1657 1138 1698 ὅ
1151 1655 1196 1699 τὸ
1212 1658 1254 1699 ἐκ
1270 1660 1344 1698 τοῦ
1359 1674 1517 1724 πατρος
1526 1659 1588 1700 ἕκ-

146 1711 413 1767 πορευόμενον
430 1717 590 1782 πνεῦμα
610 1710 665 1754 δι’
680 1713 824 1754 ἑαυτοῦ
842 1713 911 1754 καὶ
930 1710 1031 1766 μεθ’
1052 1713 1196 1754 ἑαυτοῦ
1212 1713 1435 1781 γνωρίζων,
1464 1710 1588 1764 μόνος

148 1772 373 1834 μονογενῶς
398 1769 441 1810 ἐκ
465 1773 539 1810 τοῦ
563 1765 783 1835 οἷγεννήτου
805 1767 934 1820 φωτὸς
952 1765 1159 1820 ἐκλάμψας
1172 1797 1183 1817 ,
1214 1765 1406 1819 οὐδεμίαν
1423 1767 1524 1808 nata?
1539 1767 1584 1809 vd

151 1822 302 1872 ἰδιάζον
331 1827 415 1864 τοῖν
442 1822 724 1892 γνωρισμάτων
749 1840 824 1877 την
849 1826 1063 1865 κοινωνίαν
1091 1823 1168 1875 ἔχει
1190 1821 1290 1875 πρός
1302 1820 1371 1863 τόν
1393 1820 1588 1876 πατέρα*
1558 1840 1585 1874 η

149 1894 251 1929 προς
269 1876 314 1919 τὸ
334 1882 490 1930 πνεῦμα
507 1895 553 1920 το
576 1877 691 1932 ἅγιον
707 1881 832 1944 silius
851 1894 964 1927 vero,
994 1881 1067 1930 qui
1083 1893 1128 1916 ex
1139 1885 1260 1928 patre
1269 1877 1588 1928 progredientem

149 1935 347 1985 spiritum
361 1948 433 1984 per
450 1948 491 1971 ce
509 1937 642 1985 ipsum
669 1943 705 1971 et
731 1938 772 1972 in
794 1949 834 1972 ee
856 1937 943 1985 ipso
964 1941 1103 1971 notum
1117 1935 1255 1982 facit,
1282 1933 1395 1970 solue
1414 1936 1587 1985 unigena

151 1987 269 2026 modo
288 2003 333 2026 ex
349 1991 532 2039 ingenita
547 1990 632 2026 luce
649 1989 911 2040 resplendens,
939 1989 1095 2026 nullam
1119 1987 1339 2025 secundum
1353 1991 1588 2040 proprieta-

150 2051 229 2082 tem
246 2046 451 2082 notionum
470 2046 781 2082 communionem
799 2045 918 2081 habet
932 2057 1023 2081 cum
1032 2050 1151 2094 patre
1166 2050 1242 2080 aut
1257 2044 1411 2093 Spiritu
1426 2046 1584 2086 Sancto.

151 2113 203 2138 ex
226 2099 368 2150 quibus
397 2099 576 2137 omnibus
605 2105 733 2151 patet,
770 2099 881 2137 iuxta
904 2098 1123 2139 doctrinam
1151 2098 1383 2137 catholicam
1413 2107 1584 2151 patrum,

149 2154 503 2193 characteristicam
528 2168 610 2193 esse
640 2154 918 2205 proprietatem
934 2154 1008 2191 filii
1028 2153 1196 2202 aeterni,
1226 2167 1301 2204 qua
1318 2161 1357 2192 et
1378 2168 1400 2192 a
1416 2162 1529 2206 patre
1545 2163 1586 2194 et

149 2224 174 2248 a
194 2210 346 2262 Spiritu
365 2211 510 2249 Sancto
531 2210 806 2260 distinguitur,
835 2209 886 2247 ab
903 2223 982 2246 uno
989 2207 1219 2259 procedere
1247 2209 1329 2247 sive
1346 2216 1391 2248 ut
1410 2211 1585 2262 loquitur

149 2265 309 2304 manuel
332 2266 511 2314 calecas,
554 2262 680 2318 μόνον
706 2265 750 2306 ἐκ
778 2261 900 2315 μόνον
932 2265 1062 2301 solum
1087 2277 1131 2301 ex
1158 2265 1241 2301 solo
1271 2266 1450 2316 produci.
1504 2266 1583 2305 hoc

149 2321 255 2360 idem
274 2328 333 2360 est
353 2322 461 2372 quod
481 2322 633 2360 Veccus
649 2334 699 2358 ex
715 2321 889 2371 Nysseno
906 2319 1086 2357 hocloco
1106 2325 1226 2357 vocat
1244 2321 1470 2371 eaeefilium
1490 2336 1583 2360 con—

152 2378 264 2414 tinue
285 2391 332 2414 ex
347 2384 477 2428 patre.
533 2377 733 2415 notionem
761 2381 890 2413 autem
911 2388 957 2412 ac
978 2374 1257 2426 proprietatem
1275 2377 1423 2427 pariter
1438 2378 1582 2415 distin-

150 2432 296 2470 ctivam
316 2433 485 2484 Spiritus
501 2432 632 2470 Sancti
653 2445 734 2469 esse
752 2429 925 2481 produci
938 2444 1012 2481 per
1033 2443 1123 2467 eum
1142 2433 1215 2482 qui
1228 2433 1411 2469 continue
1429 2447 1475 2470 ex
1488 2447 1576 2484 pa-
1597 2439 1625 2473 P
1651 2438 1717 2474 528

152 2494 210 2524 tre
242 2495 320 2537 est,
348 2488 427 2526 hoc
454 2494 536 2537 est,
563 2487 803 2525 identificata
830 2485 980 2524 duabus
1004 2486 1181 2537 personis
1206 2492 1247 2525 et
1272 2499 1295 2525 a
1320 2488 1447 2539 prima
1467 2488 1580 2526 alteri

154 2544 439 2582 communicata
456 2543 667 2596 spiratione
687 2541 865 2596 produci.

261 2611 303 2648 p.
325 2602 379 2641 97
397 2611 436 2638 v.
451 2599 493 2641 4.
549 2601 611 2636 ita
640 2612 728 2636 vero
756 2598 870 2648 loqui
889 2610 970 2634 non
989 2594 1208 2634 didicimus
1223 2603 1296 2637 etc.
1351 2608 1581 2648 responsum

154 2657 214 2688 est
233 2651 488 2692 Alexandrini
523 2653 768 2717 patriarchae
793 2666 843 2691 ex
871 2652 1044 2699 lectulo,
1082 2664 1174 2689 saue
1207 2652 1513 2690 somniculosum
1544 2657 1583 2688 et

154 2706 464 2748 oscitabundum.
518 2710 584 2747 cui
608 2709 749 2748 merito
780 2708 919 2760 reponi
938 2712 1093 2774 poterat
1114 2706 1216 2745 illud
1235 2707 1382 2745 Christi
1397 2706 1446 2744 ad
1464 2706 1579 2744 Nico-

155 2761 313 2801 demum
339 2763 446 2803 Ioan.
463 2765 490 2804 3
515 2766 595 2807 10:
625 2772 673 2802 tu
696 2778 737 2802 ee
761 2766 952 2816 magister
978 2764 1023 2801 in
1052 2759 1183 2801 Israel
1202 2769 1240 2800 et
1265 2763 1364 2800 haec
1383 2761 1579 2813 ignoras?
