1858 3126
264 133 361 179 602
680 135 916 178 GEORGII
947 136 1296 184 PACHYMERIS

262 244 340 303 γάρ
360 262 479 288 τινων
499 244 644 300 ὗλίγων
665 251 793 290 πᾶσαι
815 249 858 291 αἱ
874 255 1057 304 γυναῖκες
1076 251 1151 293 σὺν
1169 250 1322 301 τέκνοις
1338 256 1419 296 τῶν
1453 252 1720 312 Τουρκοποῦ-

263 320 345 357 λων
377 314 478 369 παρ’
507 314 687 358 Ἀλανῶν
717 318 961 372 κατείχοντο.
1032 319 1100 361 διὰ
1128 325 1260 362 ταῦτα
1288 318 1507 374 ἑπομένους
1527 322 1631 378 εἶχον
1651 325 1719 367 καὶ

259 382 356 431 τούς
378 381 558 432 λοιπούς.
629 384 735 427 ἀλλὰ
767 387 833 427 καὶ
867 387 996 429 ἱκανοὶ
1029 386 1231 442 ε’άθησαν.
1303 389 1409 444 πλὴν
1428 388 1507 447 γάρ
1528 408 1644 434 τινων
1663 390 1721 442 ὥς

261 451 304 492 αἱ
323 448 485 506 σύζυγοι
506 452 608 507 πρὸς
627 453 701 508 τὴν
719 452 834 496 πόλιν
855 455 957 510 παρ’
982 455 1163 499 Ἀλανῶν
1186 455 1474 513 ἀπεστάλησαν
1501 459 1576 509 τὰς
1594 467 1720 502 σπου-

259 519 336 568 deig
364 519 689 574 ἐπικρατούντων
711 555 962 567 ........
996 523 1366 581 ἀποστατήσαντας
1398 523 1594 582 πρότερον
1635 533 1754 577 τοῒς5

120 595 148 629 P
171 594 240 629 420
263 592 417 637 λοιποῖς
437 587 577 638 πόνοις
598 621 776 634 ......
798 591 866 633 διὰ
889 591 984 641 τούς
1003 594 1198 646 οἰκείους,
1237 596 1302 636 καὶ
1327 594 1394 636 διὰ
1421 599 1553 638 ταῦτα
1574 612 1722 650 προεκ-

263 657 410 699 θεόυσι
437 655 598 707 τούτοις
627 656 847 712 ἑπομένους
874 658 978 714 εἶχον
1009 663 1075 702 καὶ
1106 662 1202 712 τούς
1230 660 1409 712 λοιπούς.
1487 663 1537 706 οὐ
1567 664 1648 719 μὴν
1676 663 1722 706 δὲ

264 724 368 767 ἀλλὰ
389 726 454 767 καὶ
476 726 603 768 ἱκανοὶ
623 725 809 782 ε’άθησαν
829 729 941 783 παρὰ
961 733 1011 786 τῇ
1035 731 1218 773 Καλλίου
1245 733 1310 772 καὶ
1332 735 1382 788 τῇ
1412 729 1602 790 Μαδύτῳ
1625 732 1722 789 (καὶ

263 793 368 848 αὐτὴ
387 793 466 850 γὰρ
496 794 575 851 πρὸ
605 801 753 851 μικροῦ
784 797 859 840 σύν
886 795 1000 855 φόνῳ
1024 799 1197 857 πλείστῳ
1219 799 1408 853 αὐτοβοεὶ
1429 799 1497 842 διὰ
1518 800 1592 854 τὴν
1608 817 1722 842 σιτο-

263 863 376 904 δείαν
395 860 580 917 ἡλίσκετο
592 896 606 917 ,
643 863 835 922 καθάπερ
853 883 922 920 μοι
942 866 1114 924 εἴρηται)
1134 867 1203 925 ἐφ’
1228 862 1260 928 ᾧ
1281 865 1552 926 φυλάττοιντο
1573 868 1624 912 τὰ
1644 886 1719 912 πο·
1731 877 1776 912 10

264 931 458 985 λίσματα.

216 1006 247 1041 Β
414 1000 489 1045 19.
547 997 656 1054 ’Ἀμα
674 1001 719 1044 δὲ
736 998 896 1052 τούτοις
918 1003 1305 1058 προσταττομένοις,
1341 1003 1423 1047 {nei
1445 1002 1520 1047 οὐκ
1538 999 1589 1059 ἦν
1611 1003 1725 1046 ἀντι-

267 1065 494 1111 τάττεσθαι
513 1067 698 1127 τοσούτῳ
728 1068 876 1123 πλήθει
906 1071 1002 1120 τούς
1031 1070 1273 1128 ἡμετέρους,
1313 1073 1357 1114 οἳ
1376 1073 1427 1127 δὴ
1457 1073 1499 1114 ἓν
1525 1072 1634 1128 μέρει
1648 1073 1723 1126 μὲν

265 1138 356 1192 περὶ
376 1137 445 1179 τὸν
469 1138 530 1179 ἐπὶ
552 1142 623 1180 τοῦ
645 1143 824 1193 στρατοῦ
849 1138 1080 1195 Μαρούλην
1097 1141 1138 1182 ἓν
1157 1141 1268 1196 μέρει
1287 1142 1331 1183 δὲ
1351 1143 1439 1197 περὶ
1463 1140 1533 1183 τὸν
1549 1140 1722 1192 βασιλέα

262 1212 349 1255 τοῖς
368 1205 531 1261 ὀχυροῖς
547 1205 1015 1262 κατεστρατοπεδεύοντο
1029 1241 1041 1261 ,
1080 1209 1247 1263 πέμψας
1266 1207 1287 1251 ὁ
1305 1208 1500 1262 βασιλεὺς
1526 1208 1580 1251 τὰ
1607 1207 1720 1263 πέριξ
1731 1218 1775 1254 15

262 1278 336 1329 τῆς
355 1272 508 1324 πόλεως
531 1274 737 1317 ἇπανίστα
749 1307 762 1327 ,
800 1276 866 1317 καὶ
888 1276 1014 1319 ταῦτ’
1042 1276 1121 1332 ἤδη
1152 1282 1296 1333 καιροῦ
1319 1275 1521 1334 δρεπάνου
1544 1276 1617 1319 οῦκ
1639 1275 1720 1319 ἄπο

122 1354 150 1388 P
173 1351 239 1387 421
265 1344 332 1384 καὶ
361 1347 578 1398 θερισμοῦ.
649 1343 696 1386 οὗ
725 1343 802 1400 γὰρ
841 1343 975 1400 ὀλίγον
1016 1343 1143 1402 φόνον
1183 1343 1412 1402 εἰργάζοντο
1446 1342 1718 1403 ἐφιστάμενοι.

262 1410 362 1453 ὅθεν
384 1413 450 1453 καὶ
470 1409 587 1468 φήμη
607 1407 657 1465 ἦν
674 1412 846 1462 ἐκείνους
869 1412 1019 1463 αὐτοὺς
1036 1415 1182 1469 λέγειν,
1214 1414 1485 1471 ε’ρωτωμένων
1505 1413 1617 1470 παρὰ
1637 1417 1719 1456 τῶν

260 1478 376 1521 ἰδίων
408 1477 561 1529 πόσους
591 1479 674 1534 ἄρα
701 1481 743 1522 ἓν
761 1487 845 1529 τοῖς
876 1482 1074 1532 ἐνιαυτοῖς
1091 1483 1251 1533 ἐκείνοις
1275 1482 1516 1539 πεφόνευκεν
1537 1482 1719 1534 ἕκαστος,

263 1549 331 1589 καὶ
358 1545 576 1602 λεγόντων,
615 1546 709 1590 ὡσεὶ
735 1548 849 1590 πέντε
875 1549 1063 1602 χιλιάδας
1081 1551 1177 1600 τούς
1209 1550 1407 1600 πεσόντας
1434 1553 1775 1604 συμποσωθῆ-ΞΟ

263 1632 343 1658 ναι.
379 1613 481 1658 καὶὸ
502 1615 576 1671 μέν
595 1615 789 1669 βασιλεὺς
810 1621 941 1659 tacta
955 1631 966 1642 ·
1001 1619 1143 1661 ἐκεῖνοι
1165 1618 1209 1661 ‹5’
1234 1618 1304 1675 ἐφ’
1335 1617 1504 1673 ἁμαξῶν
1518 1613 1664 1667 σκευάς
1676 1633 1720 1660 τε

355 1734 389 1769 3.
415 1731 489 1778 ὥς]
513 1734 657 1770 nacae?
687 1738 858 1770 caeterum
890 1747 964 1770 cum
995 1736 1176 1771 manifesta
1207 1736 1254 1771 sit
1274 1735 1341 1771 loci
1367 1735 1628 1781 διττογραφία,
1659 1737 1720 1769 aut

356 1780 437 1814 illud
461 1779 555 1827 πλὴν
578 1779 647 1826 γάρ
669 1800 712 1808 -
727 1781 850 1818 ἱκανοὶ
883 1780 1052 1827 ἐοὶθησαν
1077 1783 1137 1826 (Ε
1154 1784 1173 1818 1
1189 1782 1293 1826 -4)
1317 1782 1549 1825 eximendum,
1571 1786 1634 1817 ant
1653 1781 1719 1816 hoc

359 1826 416 1871 (E
435 1825 458 1862 4
477 1847 522 1853 -
537 1828 565 1862 A
583 1828 645 1872 3).
785 1829 839 1863 12.
861 1827 1154 1873 πραττομένοιςῖ
1271 1830 1326 1863 20.
1353 1825 1403 1870 ὡς
1426 1828 1504 1871 sle?

269 1917 446 1962 coniugum
473 1929 546 1953 cum
569 1919 739 1964 parvulis,
771 1931 856 1965 quas
887 1920 994 1954 ferme
1025 1919 1201 1954 universas
1224 1918 1360 1964 (paucis
1387 1918 1454 1953 illis
1475 1917 1636 1952 videlicet
1657 1927 1720 1951 ex-

269 1963 379 2007 ceptis
402 1975 486 2008 quas
509 1964 544 1999 in
567 1966 683 1999 urbem
706 1965 825 1999 missas
849 1965 1007 2010 diximus)
1037 1966 1134 1999 Alani
1156 1965 1388 2009 abducebant,
1411 1966 1455 1999 ab
1477 1964 1534 1998 illa
1555 1962 1720 1997 servitute

267 2008 528 2044 liberandarum.
574 2023 656 2055 ergo
679 2011 891 2056 Turcopulos
924 2012 1129 2057 pro-studio
1159 2011 1280 2045 acriori
1310 2014 1568 2056 praecurrentes
1590 2007 1720 2042 caeteri

268 2066 403 2099 quoque
427 2058 578 2101 persuasi
601 2057 772 2091 subsecuti
793 2062 890 2092 sunt:
921 2069 986 2091 non
1008 2069 1122 2092 omnes
1143 2060 1272 2091 tamen:
1305 2056 1415 2091 relicti
1437 2061 1516 2090 sunt
1536 2054 1622 2089 euim
1644 2053 1720 2088 ido·

266 2110 330 2133 neo
355 2111 490 2136 numero
512 2104 569 2148 qui
600 2103 783 2148 Callipolim
816 2103 950 2138 interim
979 2108 1155 2138 tuerentur
1187 2108 1222 2136 et
1245 2103 1432 2146 Madytum.
1476 2112 1552 2135 nam
1575 2105 1611 2134 et
1632 2100 1720 2152 lianc

268 2145 370 2190 paulo
393 2153 473 2181 ante
495 2150 584 2182 same
608 2149 708 2194 longa
731 2149 964 2192 debilitatam,
985 2149 1108 2183 infesto
1132 2149 1279 2190 assultu,
1303 2160 1369 2183 non
1392 2148 1466 2183 sine
1487 2146 1592 2181 caede
1611 2155 1718 2179 maxi-

270 2201 326 2225 ma
351 2199 533 2236 ceperant,
559 2200 659 2240 prout
682 2201 735 2228 est
757 2207 778 2229 a
801 2207 854 2230 me
876 2195 1032 2241 superius
1055 2200 1283 2229 memoratum.
1617 2234 1628 2243 ο

362 2238 416 2271 19.
463 2240 548 2273 Dum
572 2242 656 2274 haec
677 2241 728 2275 ita
751 2241 845 2275 varie
866 2246 1049 2287 parantur,
1071 2241 1243 2275 Romanae
1265 2239 1384 2285 copiae
1403 2240 1498 2273 tanto
1512 2234 1631 2271 maiori
1654 2233 1718 2287 hp-

269 2280 395 2316 atilium
423 2285 623 2319 multitudini
647 2298 724 2320 sese
747 2293 864 2322 contra
886 2288 920 2321 in
951 2297 1069 2332 campo
1093 2286 1182 2320 haud
1207 2285 1359 2320 valentes
1381 2293 1571 2328 opponere,
1595 2283 1718 2333 partim

270 2328 334 2360 sub
358 2328 443 2361 duce
467 2330 597 2364 Marule
621 2331 742 2375 partim
776 2333 839 2366 sub
873 2334 1022 2376 Angusto
1054 2332 1205 2372 iuniore,
1237 2331 1318 2364 locis
1350 2341 1388 2363 se
1418 2328 1486 2362 situ
1518 2326 1716 2369 inaccessis,

268 2371 383 2407 valida
406 2374 507 2409 etiam
532 2377 678 2410 munitae
707 2377 1010 2412 circumvallatione
1042 2377 1270 2411 continebant.
1315 2375 1498 2419 imperator
1526 2376 1638 2406 autem
1662 2381 1720 2405 se-

269 2418 344 2452 nior
366 2419 479 2453 urbem
503 2426 622 2454 tenens
645 2422 818 2456 emittebat
847 2423 927 2456 inde
950 2422 1009 2467 qui
1037 2426 1171 2466 segetes
1192 2422 1226 2454 in
1249 2421 1340 2464 agris
1361 2419 1440 2453 t'alci
1461 2418 1528 2452 iam
1554 2422 1718 2458 maturas,

269 2475 314 2498 ne
343 2465 541 2508 prodessent
573 2467 743 2508 hostibus,
784 2473 823 2500 ut
862 2468 975 2513 opinio
1006 2473 1098 2509 erat,
1135 2465 1412 2503 adventantibus,
1453 2466 1717 2507 corrumperent.

271 2521 470 2555 quamquam
503 2512 555 2546 vel
590 2513 618 2545 si
651 2513 759 2545 nullus
792 2512 1005 2547 adversarius
1039 2512 1189 2552 veniret,
1211 2510 1386 2556 periturae
1406 2508 1616 2543 nibilominus
1637 2508 1718 2542 illae

259 2556 408 2590 ‘fueraut
429 2557 564 2591 defectu
588 2557 777 2591 colonorum
801 2558 857 2602 qui
889 2558 1107 2599 colligerent:
1141 2562 1237 2590 tanta
1268 2555 1353 2589 enim
1376 2560 1452 2589 erat
1473 2554 1623 2588 rusticae
1642 2553 1717 2598 ple-

274 2601 329 2634 bis
352 2602 518 2647 prioribus
539 2602 780 2636 incursionibus
802 2609 935 2646 strages
957 2604 1062 2645 facta,
1085 2605 1123 2636 ut
1145 2613 1186 2636 ex
1211 2600 1382 2646 responsis
1399 2601 1552 2642 hostium,
1572 2599 1720 2633 interro-

274 2652 428 2690 gatorum
452 2653 534 2694 quot
555 2649 696 2694 quisque
719 2649 940 2688 trucidasset,
969 2648 1149 2682 eliceretur
1177 2647 1323 2692 quinque
1353 2647 1471 2681 saltem
1493 2644 1718 2690 agricolarum

275 2692 378 2728 millia
399 2706 464 2728 non
490 2706 608 2739 magno
639 2694 703 2728 loci
734 2699 769 2727 et
797 2694 958 2739 temporis
988 2693 1099 2738 spatio
1129 2692 1239 2726 videri
1269 2694 1361 2726 ferro
1392 2691 1506 2726 hostili
1539 2690 1717 2725 cecidisse.

276 2742 381 2784 atque
401 2739 501 2775 istam
523 2746 604 2774 tunc
627 2740 759 2786 quidem
781 2740 967 2784 imperator
988 2738 1067 2773 belli
1089 2738 1272 2772 sustinendi
1302 2737 1467 2772 rationem
1486 2736 1631 2777 inierat,
1651 2745 1717 2779 pro

278 2787 430 2830 tempore
454 2786 638 2822 arbitratus
659 2786 946 2822 consultissimam.
989 2784 1177 2831 Turcopuli
1206 2788 1319 2820 autem
1340 2795 1414 2819 cum
1439 2782 1535 2826 aliis,
1566 2791 1652 2828 quos
1673 2780 1717 2816 ab
