1820 3112
177 150 272 197 108
596 153 833 198 GEORGII
865 155 1217 202 PACHYMERIS

171 263 313 314 σιλέως
331 261 533 321 ἑτέρωθεν
542 298 556 318 ,
594 265 641 310 ὃν
662 267 706 310 ἐκ
726 272 802 310 τοῦ
818 266 1026 324 Ἓβδόμου
1049 271 1386 326 παρημελημένον
1401 273 1644 331 μεταγαγών

118 338 152 373 D
175 335 323 382 ἐκεῖνος
344 335 467 376 ἐκεῖσε
490 332 618 378 πάλαι
639 335 862 389 κατέθετο,
899 339 1062 380 τίθεται
1089 342 1155 382 καὶ
1178 338 1316 390 αὐτός.
1389 339 1411 386 ὅ
1436 343 1576 397 μέντοι
1597 360 1642 400 γε

169 401 363 457 βασιλεὺς
379 403 430 444 τὰ
448 405 537 459 περὶ
557 408 631 447 τοῦ
648 404 901 448 Ἀθανασίου
921 405 1098 460 μαθών,
1138 407 1217 451 ὅσα
1245 409 1298 464 δὴ
1318 411 1386 452 καὶ
1403 409 1530 468 ἀρετῇ
1545 413 1643 466 χαί-

171 488 276 527 ρων,
315 473 382 512 καὶ
407 476 567 526 μᾶλλον
585 475 805 524 πείθοντος
822 480 896 517 τοῦ
916 481 1087 532 καιροῦ,
1125 477 1200 531 τὴν
1222 482 1296 520 τοῦ
1313 477 1493 534 μεγάλου
1513 481 1553 523 οἱ
1571 484 1644 524 λο-

169 545 398 595 γαριαστοῦ
429 541 609 584 παλαιὰν
636 546 886 599 προσνείμας
913 545 1044 600 μονὴν
1076 546 1179 602 παρ’
1211 545 1346 606 ἑαυτῷ
1377 545 1480 603 εἶχεν
1504 546 1677 598 ὁσάκις-5

171 607 334 662 ἤθελεν.
405 611 440 652 εἰ
457 610 536 667 γὰρ
557 613 624 654 καὶ
639 613 896 668 προσυνέστη
919 618 978 672 τῷ
998 614 1370 675 πορφυρογεννήτῳ
1388 619 1456 660 καὶ
1474 616 1578 674 παρ’
1602 617 1646 660 ἐ-

170 679 303 720 κείνου
321 683 640 734 μεγαλοπρεπῶς
660 679 932 738 ἐθεραπεύετο
942 715 956 734 ,
995 682 1102 726 ἀλλὰ
1123 687 1190 726 καὶ
1211 689 1379 739 βασιλεῖ
1391 687 1647 742 προσαχθεὶς

169 744 342 804 ὕστερον
358 747 478 791 οὐδὲν
499 743 623 803 ’ἧττον
645 754 719 805 τῆς
737 750 842 807 παρ’
866 750 995 794 αὐτοῦ
1015 751 1218 807 εὐμενείας
1232 752 1464 810 ἐτύγχανεν.

171 859 288 891 renter
314 855 447 892 habitos
475 857 610 893 cineres
634 859 712 894 olim
736 860 810 906 ipse
833 860 982 896 MichaeI
1006 873 1049 895 ex
1072 861 1249 896 Hebdomo
1272 862 1352 897 illuc
1374 863 1557 898 transferri
1579 863 1646 899 ibi-

130 933 135 945 ,
172 914 240 948 que
284 902 441 937 tumulari
488 911 680 940 curaverat.
726 911 898 941 caeterum
939 907 1062 941 auditis
1095 908 1307 943 Andronicus
1338 909 1526 955 imperator
1555 921 1647 956 quae

171 949 296 991 multa,
329 950 493 996 pleraque
527 951 571 984 de
603 953 758 987 monachi
788 953 968 988 Athanasii
995 954 1173 998 laudibus,
1209 955 1413 1001 Eonopolita.
1434 956 1646 1000 memoravit,

171 1006 243 1040 qua
266 1001 387 1040 captus
412 996 635 1032 admiratione
665 1002 784 1033 tantae
807 999 963 1042 virtutis,
996 1012 1064 1045 qua
1088 1000 1155 1034 sibi
1179 1001 1282 1034 talem
1306 1001 1418 1036 virum
1440 1002 1475 1037 in
1498 1002 1552 1036 his
1575 1003 1647 1037 dis-

172 1041 365 1076 sensionum
399 1043 563 1077 ecclesiae
594 1045 755 1089 procellis
778 1057 843 1079 non
867 1046 1019 1080 inutilem
1043 1047 1118 1080 fore
1142 1050 1342 1089 autumans,
1374 1059 1449 1082 eum
1470 1059 1578 1094 prope
1600 1047 1646 1083 ad

171 1099 305 1122 manum
329 1089 456 1122 habere
479 1090 605 1133 voluit;
628 1091 774 1136 ideoque
798 1091 998 1126 habitationi
1023 1093 1094 1126 eius
1118 1093 1311 1136 assignavit
1332 1093 1435 1128 situm
1458 1094 1494 1128 in
1517 1094 1647 1130 vicinia

169 1138 272 1167 vetus
295 1136 556 1178 monasterium,
591 1138 681 1182 quod
705 1138 818 1182 magni
842 1138 1050 1181 logariastae
1074 1138 1275 1181 dicebatur,
1313 1135 1402 1174 unde
1425 1140 1518 1174 illum
1540 1140 1645 1174 facile

169 1180 304 1224 quoties
335 1181 472 1215 luberet
506 1182 549 1215 ad
581 1184 783 1229 colloquium
815 1189 932 1229 posset
963 1195 1154 1218 accersere.
1202 1185 1236 1218 id
1260 1185 1351 1229 quod
1374 1186 1496 1220 crebro
1519 1185 1644 1220 deinde

168 1225 345 1269 factitans,
369 1228 506 1273 reliquit
528 1228 694 1263 incertum
718 1230 991 1275 comparantibus
1015 1231 1058 1264 ab
1083 1236 1161 1264 utro
1184 1231 1329 1264 fratrum
1352 1231 1560 1266 Athanasius
1582 1243 1645 1266 ex-

169 1271 327 1317 quisitius
361 1274 552 1316 coleretur,
591 1282 763 1310 amaretur
794 1276 991 1318 ardentius,
1034 1277 1374 1321 porphyrogenitone
1407 1277 1646 1320 Constantino,

170 1317 231 1362 qui
254 1331 330 1353 eum
355 1320 450 1366 prius
474 1321 643 1356 assiduum
667 1323 756 1368 apud
781 1334 819 1356 se
842 1323 972 1356 habens
995 1323 1173 1366 magnifice
1195 1323 1442 1367 honoraverat,
1467 1335 1511 1357 an
1525 1324 1645 1368 Augu-

170 1369 253 1445 sto,t
278 1365 338 1410 qui
371 1367 512 1402 eundem
545 1367 611 1402 sibi
640 1369 855 1414 postmodum
884 1371 1055 1403 admotum
1077 1369 1179 1404 nihilo
1205 1369 1359 1406 inferiori
1381 1374 1435 1405 est
1457 1370 1573 1415 gratia
1593 1369 1648 1404 di-

169 1421 237 1454 gna
253 1422 305 1446 us.
1009 1431 1012 1434 ⁴

865 1699 942 1754 B.

48 1826 78 1861 Ρ
102 1827 147 1862 73
180 1799 275 1872 Τὰ
303 1827 379 1884 μὲν
406 1826 512 1870 κατὰ
541 1825 614 1869 τὸν
647 1824 803 1868 Βὲκκον
840 1824 951 1870 οὕτω
980 1824 1214 1879 τετέλεστο,
1245 1825 1441 1882 μελίσσης
1468 1826 1514 1869 δὲ
1544 1822 1646 1883 τρό-

171 1915 249 1941 πον
278 1896 438 1947 {venetic
466 1895 514 1939 τὸ
547 1894 712 1951 κέντρον
740 1892 987 1958 ἀπήλλαττε.
1058 1896 1175 1951 σφίσι
1211 1894 1350 1949 μέντοι
1387 1897 1556 1951 φροντὶς
1592 1890 1644 1950 ἦν
1656 1903 1702 1939 10

172 1966 221 2009 οὗ
244 1966 370 2023 μικρὰ
400 1964 511 2015 ὅπως
536 1964 631 2007 κατ’
656 1961 887 2019 ὂρθόδοξον
906 1968 1004 2007 νοῦν
1025 1964 1071 2006 τὸ
1090 1968 1163 2006 τοῦ
1183 1961 1470 2018 Δαμασκόθεν
1488 1963 1647 2020 πατρὸς

172 2035 297 2092 ῥητὸν
319 2032 638 2088 ξυμβιβάσειαν,
678 2031 734 2082 ὥς
751 2031 853 2088 μήτε
873 2033 978 2076 κατὰ
1000 2034 1156 2075 Βέκκον
1173 2033 1463 2089 ἐξηγουμένους
1481 2039 1646 2090 φρονεῖν

171 2101 271 2158 μήτ’
297 2102 377 2153 ἔξω
396 2101 517 2145 πάλιν
536 2107 620 2146 τῶν
638 2099 951 2156 ὖπονοουμένων
975 2102 1193 2158 φέρεσθαι.
1260 2101 1309 2144 τὸ
1341 2101 1420 2158 γὰρ
1447 2101 1555 2144 κατὰ
1572 2101 1645 2144 τὸν

172 2170 450 2226 Μοσχάμπαρ
484 2173 551 2213 καὶ
582 2171 733 2220 αὐτοῦς
761 2171 885 2226 λέγειν
916 2169 972 2220 ὥς
1000 2168 1130 2213 νόθον
1149 2170 1200 2225 δὴ
1227 2170 1274 2213 τὸ
1293 2170 1420 2227 ῥητὸν
1440 2172 1509 2213 καὶ
1527 2167 1584 2219 ὥς
1601 2169 1663 2212 ἕν»

119 2247 150 2281 Β
174 2257 255 2283 τισι
285 2244 368 2283 τῶν
399 2241 557 2294 βίβλων
589 2240 637 2282 οὐ
667 2240 834 2298 φέρεται
863 2240 910 2283 τὸ
942 2237 1187 2298 κεφάλαιον,
1227 2239 1275 2283 οὗ
1305 2235 1467 2291 ξυνετὸν
1486 2235 1699 2281 idcina-15

868 2383 947 2438 ΙΙ.

169 2459 307 2529 Hunc
345 2491 447 2526 finem
487 2502 544 2526 res
588 2491 694 2525 Vecci
735 2492 895 2527 habuere.
940 2504 1045 2538 porro
1085 2492 1117 2526 is
1153 2492 1189 2526 in
1224 2490 1476 2544 praescriptum
1507 2489 1643 2545 exilium

171 2539 310 2578 abiens,
340 2549 434 2572 more
465 2538 540 2583 apis
572 2538 691 2572 relicto
715 2538 750 2572 in
775 2539 916 2572 vulnere
948 2539 1066 2572 aculeo
1096 2537 1258 2572 recessit:
1289 2537 1496 2571 adversatus
1519 2539 1643 2590 etemrn

171 2585 243 2620 suis
265 2595 377 2618 acrem
402 2583 541 2628 reliquit
564 2595 679 2618 curam
702 2584 890 2629 inquirendi
922 2595 990 2629 qua
1017 2583 1153 2617 ratione
1174 2583 1210 2616 in
1234 2583 1456 2617 orthodoxum
1479 2581 1644 2636 explicat!

172 2641 308 2666 sensum
330 2634 449 2675 posset
473 2630 673 2664 Damasceni
698 2630 803 2675 patris
827 2630 970 2671 dictum,
1006 2629 1056 2663 ita.
1087 2633 1127 2663 ut
1158 2641 1268 2674 neque
1301 2628 1405 2682 Vecci
1439 2631 1644 2682 exposition!

173 2675 335 2712 assentiri
359 2676 576 2717 viderentur,
601 2680 638 2710 et
658 2680 770 2710 tamen
794 2676 860 2720 ipsi
883 2675 1094 2721 suspiciones
1117 2676 1326 2719 effugerent,
1349 2675 1473 2720 quibus
1493 2685 1645 2719 ipsorum

173 2723 332 2758 doctrina
363 2734 406 2757 ex
437 2722 615 2767 apparenti
652 2733 728 2756 cum
762 2722 931 2756 sententia
963 2727 1080 2756 tantae
1110 2721 1327 2756 auctoritatis
1360 2719 1520 2754 conflictu
1551 2719 1646 2765 apud

172 2769 326 2804 eruditos
348 2769 538 2804 laborabat.
585 2780 661 2803 nam
685 2769 775 2814 qnod
798 2768 878 2802 inde
904 2768 1143 2822 Moschampar
1166 2767 1327 2813 effugium
1349 2769 1568 2820 tentaverat,
1589 2766 1646 2818 af-

174 2815 340 2851 firmando
363 2815 577 2851 subdititium
599 2826 677 2850 esse
698 2815 763 2850 hoc
784 2814 989 2851 Damasceni
1013 2814 1219 2861 capitulum,
1250 2816 1371 2860 utpote
1393 2812 1486 2859 quod
1508 2823 1545 2846 m
1566 2822 1647 2858 qm·
