1820 3112
346 131 424 174 DE
456 130 786 175 ANDRONICO
813 129 1186 175 PALAEOLOGO
1218 131 1269 173 L.
1291 128 1346 174 H.
1487 127 1583 174 169

127 243 178 288 τὸ
204 250 338 300 μῒσος.
408 245 476 286 καὶ
502 242 772 300 κατεστύγουν
793 245 833 287 οἱ
850 245 1024 294 πλείους.
1094 242 1220 294 αὖτός
1237 243 1282 286 δὲ
1295 242 1418 299 γνοῦς
1443 242 1580 286 ἕντεῦ-
1602 247 1635 283 D

127 317 206 356 θεν
235 314 302 356 καὶ
331 313 387 362 εἷς
420 314 550 368 κρίσιν
579 311 856 367 ἀπαξόμενος,
895 311 951 362 ὥς
970 319 1056 362 τοῖς
1075 314 1243 355 δοκοῦσι
1262 316 1421 366 μᾶλλον
1439 309 1582 365 ἐδόκει,

127 385 293 436 βασιλεῖ’
307 379 571 436 διαμηνύεται
591 381 871 436 ἀποσταλῆναι
892 382 967 436 μὲν
986 381 1085 430 τοῦς
1105 381 1153 424 τὸ
1175 387 1460 437 πατριαρχεΐον
1481 379 1586 423 ἀνα-

130 449 388 504 δεξομένους,
424 449 704 504 ἀποσταλῆναι
737 451 782 492 δὲ
810 451 878 492 καὶ
907 449 1007 499 τοὺς
1034 451 1349 502 διακομίσαντας
1374 448 1479 491 κατὰ
1509 448 1587 503 τὴν

96 515 252 570 Sudor,
290 515 346 567 ὥς
369 517 426 573 μὴ
458 517 691 562 κινδυνεύοι.
762 519 804 560 ἔν
825 516 1009 575 τοσούτῳ
1033 519 1078 560 δὲ
1098 515 1316 572 σχεδιάσας
1332 519 1474 571 βιβλία
1495 515 1585 569 δύο,

130 585 269 640 τὸμὲν
288 584 333 628 (ἐν
355 591 430 641 τῆς
443 586 572 629 αὐτοῦ
592 584 893 643 παραιτήσεως,
931 584 1112 639 θάτερον
1144 587 1190 628 δὲ
1220 584 1343 628 πόλλ’
1374 585 1480 628 ἅττα
1513 602 1586 628 πε-

131 653 264 711 ριέχον
283 655 348 696 καὶ
366 656 473 705 ἰδίας
493 656 597 698 κατὰ
615 655 686 698 τὸν
703 657 796 709 βίον
818 652 1052 704 συστάσεως
1064 653 1186 710 χάριν
1209 656 1276 696 καὶ
1297 659 1486 709 καταρῶν
1505 658 1587 696 τῶν
1609 661 1639 696 Ρ
1663 661 1730 697 113

131 720 189 772 ὥς
214 725 343 777 δῆθεν
373 723 470 766 κατ’
500 723 629 767 αὐτοῦ
651 721 1023 780 ἅποφημισάντων,
1062 721 1269 779 ὃμίμησιν
1289 720 1588 777 ἀναδεξάμενος

130 794 208 834 τοῦ
228 794 439 847 Χριστοῦ,
474 792 546 835 τὸν
563 793 638 846 μὲν
657 793 699 834 ἓν
719 792 869 849 ἀφανεῖ
890 789 1054 847 κρύπτει
1079 793 1121 834 ἓν
1142 795 1302 848 κορυφῇ
1323 790 1456 841 κίονός
1476 808 1588 841 τινος

78 869 124 904 10
134 862 215 902 τῶν
245 859 350 902 κατὰ
381 860 434 902 τὰ
460 859 653 916 ἀριστερὰ
685 862 852 903 εἰσιοῦσι
879 867 1195 915 κατηχουμενεΐα
1222 860 1297 903 τοῦ
1311 858 1490 916 μεγάλου
1510 859 1588 902 νεὼ

130 927 379 982 ἱσταμένων,
424 926 500 971 v‘n'
534 929 636 984 ὀπὴν
668 933 998 985 περιστερεῶνος,
1039 930 1155 984 δίκην
1182 927 1346 986 φωρός,
1382 926 1439 978 ὥς
1466 926 1588 983 μήτις

130 997 252 1052 εῖδείη
269 995 683 1052 προμηθευσάμενος,
721 996 897 1052 κλίμακά
919 997 962 1040 τ’
984 997 1108 1047 αὐτὸς
1131 998 1396 1054 προσερείσας
1415 999 1481 1039 καὶ
1499 999 1587 1039 ἐπι-

129 1065 222 1114 θεὶς
251 1064 357 1119 πλὴν
378 1065 426 1108 οὗ
453 1066 606 1121 γυμνὸν
623 1066 694 1109 τὸν
708 1064 890 1122 χάρτην,
928 1065 1033 1108 ἀλλὰ
1059 1068 1175 1108 δυσὶν
1201 1064 1435 1119 ἐκπώμασιν
1453 1067 1586 1119 ἐμβα-

129 1130 239 1185 λών,
282 1131 503 1191 ὖπογραᾳῇ
532 1136 732 1193 ἶδιοχείρῳ
760 1136 826 1177 καὶ
849 1132 1006 1191 βούλλῃ
1030 1136 1247 1192 μολιβδίνῃ
1273 1134 1326 1176 τὰ
1358 1132 1581 1191 γράμματα
1604 1138 1635 1172 Β

77 1200 527 1258 15,ἓξασφαλισάμενος,
574 1202 770 1259 τετρήνας
802 1204 869 1245 καὶ
897 1206 1083 1261 σπαρτίῳ
1111 1205 1395 1259 περισφίγξας,
1443 1202 1498 1252 ὦς
1525 1200 1585 1257 μή

131 1286 208 1311 τινι
253 1271 558 1326 ἐπιβουλευθείη
602 1276 684 1314 τῶν
720 1269 990 1328 λυμαντῆρων
1020 1272 1062 1321 ἔς
1095 1272 1258 1327 μακρὰν
1283 1273 1368 1313 ἐκεῖ·
1392 1273 1583 1325 κείμενος.

130 1335 310 1394 θάτερον
342 1340 387 1381 δὲ
411 1339 481 1382 τὸν
505 1345 579 1395 τῆς
611 1339 893 1396 παραιτήσεως
920 1339 1063 1393 πέμπει
1093 1341 1194 1396 πρὸς
1227 1339 1422 1394 βασιλέα,
1462 1339 1586 1390 ἀξιῶν

129 1405 205 1461 τὴν
235 1407 431 1462 ταχίστην
458 1407 555 1458 τούς
580 1425 622 1464 γε
651 1408 725 1463 τὴν
753 1407 848 1451 ὁδὸν
877 1408 1045 1464 ἀσφαλῆ
1075 1409 1114 1451 οἱ
1151 1406 1362 1463 θῆσοντας
1392 1407 1586 1451 ἀποστεῖ-

130 1477 213 1519 λαι.
282 1473 389 1529 εἶχον
421 1476 466 1518 δ’
498 1478 563 1519 ἐπὶ
586 1476 729 1527 λε’ξεως
759 1475 780 1519 ὅ
807 1477 881 1529 μὲν
902 1477 944 1519 ἓν
964 1483 1050 1526 τοῖς
1065 1474 1274 1531 ἐκπώμασι
1299 1474 1455 1532 χάρτης
1471 1474 1583 1518 τάδε.

75 1541 249 1601 m(23)
286 1542 401 1587 “6250
423 1544 514 1587 τινὰ
536 1543 664 1603 ἐφάνη
681 1545 783 1602 πρὸς
796 1545 1030 1600 καταβολὴν
1047 1550 1121 1601 τῆς
1141 1546 1376 1602 ἐκκλησίας,
1400 1547 1456 1595 εἷς
1476 1544 1584 1603 ὥφέ-
1612 1544 1644 1578 0

221 1663 277 1700 15.
301 1664 364 1702 καὶ
385 1664 517 1700 deerat.

130 1777 267 1802 cansam
297 1767 370 1803 eius
400 1769 628 1804 ecclesiastico
658 1769 782 1804 iudicio
815 1769 998 1816 disceptari
1027 1781 1093 1804 non
1121 1768 1301 1814 ignorabat
1329 1768 1491 1815 primores
1523 1779 1584 1802 cu-

130 1813 241 1858 pere)
271 1815 453 1860 occupavit
476 1816 670 1860 significate
691 1817 887 1860 imperatori
909 1828 947 1850 se
970 1817 1013 1850 ab
1035 1816 1108 1860 ipso
1131 1822 1250 1861 petere
1271 1820 1311 1849 ut
1331 1816 1482 1848 mitteret
1505 1814 1584 1860 qui-

131 1858 197 1892 bus
218 1860 461 1904 patriarchales
483 1863 605 1906 aedes,
641 1861 683 1895 iis
715 1863 953 1903 abscessurus,
987 1862 1220 1905 consignaret,
1256 1861 1381 1906 quique
1401 1860 1492 1893 illum
1515 1870 1584 1904 quo

129 1914 325 1940 recessurus
355 1912 446 1940 esset
474 1908 596 1942 itinere
618 1912 727 1941 tutum
751 1909 794 1942 ab
820 1908 955 1941 incursu
983 1907 1098 1940 infesti
1122 1907 1235 1952 populi
1257 1911 1484 1951 praestarent.
1528 1905 1584 1938 iu-

130 1949 230 1982 terim
260 1950 335 1995 ipse
365 1952 449 1986 duos
479 1953 610 1987 libellos
638 1953 895 1998 deproperavst,
929 1964 1070 1998 quorum
1103 1963 1168 1986 uno
1201 1952 1399 1996 dignitatem
1422 1950 1603 1985 abdicare-

130 1993 334 2029 videbatur=
366 1998 452 2031 alter
484 1999 589 2033 multa
612 1999 836 2043 complectens
867 1999 989 2044 partim
1021 1998 1126 2031 vitam
1158 1998 1231 2031 eius
1260 2000 1448 2031 anteactam
1471 1997 1581 2031 iacta-

129 2040 243 2074 bunde
278 2044 552 2086 commendabat,
586 2044 710 2088 partim
741 2045 775 2078 in
806 2045 1055 2078 obtrectatores
1074 2043 1155 2076 iram
1179 2043 1400 2088 expromebat
1429 2042 1526 2077 minis
1545 2046 1582 2077 et

130 2085 237 2128 diris,
266 2098 349 2121 sane
369 2087 586 2133 impotentius
608 2101 707 2134 quam
729 2091 919 2134 professum
940 2089 1141 2122 imitatorem
1166 2088 1294 2123 Christi
1316 2089 1580 2123 mausuetudinis

130 2131 278 2167 deceret.
325 2138 360 2167 et
387 2134 476 2168 hunc
507 2134 640 2180 quidem
674 2146 695 2168 e
726 2136 855 2168 duobus
885 2135 1030 2168 libellum
1060 2134 1134 2178 ipse
1163 2135 1277 2168 furtim
1307 2135 1484 2168 abscondit
1504 2135 1579 2169 loco

129 2178 397 2220 abstrusissime,
430 2180 522 2214 intra
555 2181 706 2214 foramen
738 2191 851 2214 eorum
883 2180 993 2214 simile
1014 2179 1048 2212 in
1070 2179 1191 2224 quibus
1214 2181 1384 2214 columbae
1397 2181 1580 2215 >nidificare

129 2229 266 2265 amant,
288 2226 355 2259 sito
372 2237 476 2270 supra
496 2226 656 2260 verticem
679 2225 851 2259 columnae
874 2225 1056 2269 cuiuspiam
1078 2225 1112 2258 in
1136 2226 1424 2268 catechumenas,
1447 2227 1491 2260 ad
1507 2227 1579 2262 lae-

130 2280 206 2303 vam
227 2269 485 2315 introeuntium,
522 2271 655 2306 stantis.
701 2270 861 2306 notabilis
882 2282 982 2316 porro
1010 2274 1063 2304 est
1082 2282 1183 2316 quam
1204 2272 1238 2306 iu
1261 2272 1325 2306 hoc
1347 2273 1500 2306 adhibuit
1521 2284 1579 2307 so-

127 2314 278 2350 licitudo.
324 2317 466 2363 primum
489 2318 640 2352 chartam
663 2328 729 2350 nou
751 2316 930 2361 simplicem
953 2320 989 2350 et
1011 2317 1213 2351 authenticis
1234 2317 1429 2352 destitutam
1444 2319 1580 2364 reliquit

130 2360 248 2404 signis,
270 2363 330 2396 sed
353 2375 452 2397 manu
475 2364 540 2398 rite
562 2363 701 2409 propria
724 2362 948 2407 subscriptam
970 2362 1061 2396 bulla
1083 2362 1221 2408 insuper
1242 2363 1397 2409 plumbea
1418 2365 1578 2398 munivit:

131 2410 202 2440 tum
225 2408 316 2442 vasis
335 2409 466 2444 duobus
487 2409 607 2444 testeis
628 2409 763 2442 inclusit
783 2408 926 2442 invicem
955 2408 1128 2451 obversis,
1161 2421 1300 2455 quorum
1323 2410 1420 2445 labra
1442 2415 1581 2455 pertusa

130 2452 287 2487 funiculis
315 2454 452 2490 insertis
481 2461 563 2501 apte
594 2454 778 2495 commisit,
813 2458 852 2488 ut
874 2465 946 2488 eam
969 2454 1116 2499 undique
1137 2455 1181 2489 ab
1204 2455 1324 2490 iniuria
1354 2455 1443 2491 omui
1465 2460 1580 2501 prote-

131 2503 263 2542 gerent.
308 2499 358 2534 sic
377 2501 558 2543 conditam,
582 2501 675 2534 scala
696 2500 770 2545 ipse
792 2511 886 2534 muro
910 2499 1072 2544 applicita
1094 2512 1353 2547 conscensaque,
1375 2513 1475 2535 manu
1498 2513 1583 2547 pro-

132 2543 207 2588 pria
229 2544 384 2589 deposuit
405 2546 440 2580 in
464 2551 648 2581 memorato
671 2547 764 2591 prius
786 2545 882 2586 loco,
914 2547 1010 2579 velut
1038 2545 1109 2580 illic
1139 2547 1388 2582 custodiendam
1410 2549 1446 2581 iu
1469 2558 1580 2581 seram

130 2589 322 2624 memoriam
354 2592 574 2637 posteritatis.
620 2592 721 2626 alium
751 2591 994 2626 abdicatorinm
1023 2592 1274 2637 patriarcham
1305 2593 1453 2628 libellum
1488 2592 1580 2627 misit

131 2633 178 2686 ad
205 2634 461 2680 imperatorem,
498 2649 599 2672 orans
631 2642 670 2671 ut
702 2649 802 2682 qnam
831 2637 974 2681 primum
1003 2637 1048 2671 ad
1076 2649 1115 2672 se
1145 2639 1334 2674 destinaret
1356 2649 1493 2674 securos
1515 2648 1579 2683 per

128 2688 223 2713 viam
252 2681 472 2726 deductores,
506 2684 627 2729 quibus
653 2694 675 2717 a
696 2682 731 2716 vi
754 2682 1003 2716 defenderetur.
1047 2683 1133 2718 haec
1164 2685 1261 2719 ambo
1283 2686 1412 2730 scripta
1437 2684 1492 2718 hic
1514 2694 1579 2728 po-

130 2734 230 2768 nam,
271 2726 435 2772 incipiens
462 2740 485 2763 a
516 2728 694 2774 prolixiori
723 2728 887 2762 fictilibus
918 2727 1049 2772 indit03
1092 2729 1189 2765 cuius
1221 2731 1306 2766 haec
1335 2732 1434 2765 suere
1460 2730 1578 2763 verba.

130 2769 228 2815 (23)
257 2771 357 2808 “duo
377 2775 540 2820 quaedam
562 2776 792 2822 apparuerunt
812 2774 858 2809 ad
878 2773 1096 2812 deiectionem
1117 2777 1298 2821 ecclesiae,
1330 2787 1420 2822 quae
1441 2774 1486 2810 ad
1507 2774 1579 2810 eius
