1858 3126
337 167 413 210 DE
440 163 772 208 ANDRONICO
802 158 1175 205 PALAEOLOGO
1205 160 1250 204 L.
1278 159 1334 202 V.
1476 158 1575 205 377

118 278 287 339 τριᾶδος
308 279 394 337 ι’ίγω
413 279 485 323 τὸν
501 274 868 333 βουληθησόμενον
889 270 1145 331 πατριάρχην
1172 272 1245 316 τόν
1265 270 1380 330 κύριν
1394 270 1576 316 Ἀθανά-

120 369 209 395 σιον
229 348 478 394 καθιστᾶν.”
519 347 643 391 ταῦτ’
663 344 759 397 εἶπε,
797 345 862 387 καὶ
880 347 1104 400 προφανῶς
1121 343 1420 398 κατεγίνωσκεν,
1441 341 1578 396 ὥσπερ

121 419 272 463 ἰκείνου
297 415 520 471 σκαιότητα
534 449 547 469 ,
580 414 711 464 οὕτως
727 410 888 468 ἀπάτην
905 414 972 454 καὶ
992 411 1177 454 εὖκολιάν
1198 416 1272 454 τοῦ
1291 410 1467 461 ἄνακτος
1477 444 1490 464 ‚
1520 409 1581 461 οἷς

123 487 186 532 ὅτι
206 491 289 530 τῶν
319 486 528 541 προτέρων
557 480 850 538 ἄμνημονῆσας
877 482 943 523 καὶ
971 487 1057 529 τοῖς
1075 479 1278 534 δευτέροις
1302 481 1475 530 ἐσαῦθις
1497 480 1584 522 ἔπι-

90 570 112 604 5
122 556 290 612 χειροίη.
357 553 549 609 βασιλεὶτς
579 553 625 595 δὲ
658 555 780 594 τοῦτο
809 550 883 603 μὲν
905 550 1113 597 αἰδεσθεὶς
1149 547 1224 602 τὴν
1263 546 1465 604 φενάκην,
1517 550 1585 590 καὶ

123 629 257 668 ταῦτα.
292 623 367 677 τὴν
396 623 438 673 ἐξ
469 618 722 675 ἇπλότητος,
767 622 889 662 τοῦτο
920 618 965 660 δὲ
987 619 1055 660 καὶ
1084 615 1159 666 τὰς
1182 613 1285 671 ὖπὲρ
1313 621 1388 659 τοῦ
1410 619 1579 672 διαφευ-
1603 624 1636 658 13:

124 695 286 744 ξεΐσθαι
309 691 383 745 τὴν
395 687 545 745 χλευήν
566 690 761 744 προνοίας
780 688 1005 740 οἰκονομῶν
1017 718 1031 739 ,
1061 686 1209 728 ἐκεῖνον
1229 685 1303 738 μὲν
1323 684 1442 728 σι”δέν
1463 685 1586 728 εἰπὼν

122 760 444 816 ἄποστρέφεται,
482 764 567 808 τοῖς
586 756 630 799 δ’
654 756 880 811 ἆρχιερεῖσι
898 761 983 804 τοῖς
1000 755 1097 811 τῇδε
1118 752 1173 804 ὥς
1190 751 1467 810 συμπράττειν
1483 752 1587 796 ὕπο-

122 833 336 872 πτευθεΐσι
366 829 432 870 καὶ
461 828 552 869 λίαν
582 826 707 879 ἐπεῖχε
739 826 806 867 καὶ
841 825 1151 880 προσωργίζετο.
1223 817 1328 876 ἦσαν
1356 824 1400 865 δὲ
1419 824 1463 865 ἐκ
1482 839 1587 878 προ-

72 909 116 944 10
126 895 304 953 κλήσεως
326 893 416 939 τότε
448 894 768 951 παρευρεθέντες
787 896 845 951 τῷ
865 890 1097 948 πατριάρχῃ
1119 889 1141 933 ὅ
1170 907 1213 933 τε
1225 888 1424 946 Ἀγκύρας
1444 888 1586 943 Βαβύ-

125 972 224 1018 λας,
283 963 305 1008 ὃ
343 962 513 1020 Κρήτης
553 959 793 1019 Νικηφόρος
823 962 890 1004 καὶ
926 959 948 1004 ὅ
988 961 1174 1013 Βιτζίνης
1213 963 1405 1009 Λουκᾶς.
1475 959 1586 1014 ὅμως

125 1036 172 1078 δὲ
191 1034 267 1088 τὴν
283 1030 426 1090 φήμην
444 1032 581 1074 θέλων
601 1033 885 1086 ἐπανορθοῦν,
920 1026 1066 1084 μήπως
1084 1026 1196 1078 δόξοι
1211 1029 1277 1069 καὶ
1301 1025 1586 1078 ἀδιαστάλτως
1609 1034 1638 1068 P
1662 1035 1730 1070 262

125 1102 393 1160 ἀφορισθείς,
438 1100 688 1155 συγκαλέσας
715 1101 783 1141 καὶ
812 1093 938 1148 αὖθις
965 1102 1015 1155 τῇ
1045 1095 1239 1155 ὑστεραίᾳ
1270 1096 1344 1146 οὓς
1374 1101 1587 1152 συγκαλεῖν

127 1172 311 1223 εἴθιστο,
348 1172 561 1225 ε’πεγκαλεῒ
585 1169 659 1222 μέν
687 1167 762 1222 τὴν
786 1164 977 1221 ’ἇπάτην,
1023 1165 1256 1221 ἀπογυμνοΐ
1283 1166 1328 1208 δὲ
1354 1165 1401 1208 τὸ
1428 1167 1582 1221 δρᾶμα,

74 1237 313 1298 15ὖποχαλᾷ
344 1239 389 1281 δὲ
420 1239 487 1280 καὶ
514 1241 587 1291 τῆς
615 1237 677 1278 ἐπὶ
707 1240 765 1294 τῷ
793 1234 1029 1293 Ἀθανασίῳ
1051 1234 1319 1290 προθυμίας,
1354 1236 1390 1276 εἰ
1406 1234 1590 1284 κάκεῖνος

127 1305 309 1356 ἇκοῦσας
330 1307 569 1362 ,Σαπφείρας
597 1306 664 1346 καὶ
685 1304 872 1346 Ἀνανίου
893 1301 1045 1359 τρόπον
1066 1307 1124 1361 τῷ
1147 1299 1313 1359 Ἰωάννῃ
1330 1303 1584 1359 προσέτριβε,

128 1374 243 1418 δόντι
265 1379 353 1433 θεῷ
375 1374 449 1428 τὴν
470 1371 713 1428 ἱερωσύνην,
751 1370 805 1421 ὥς
826 1371 950 1422 αὐτὸς
969 1367 1295 1428 παραιτούμενος
1315 1369 1486 1428 ἔγραφε,
1523 1373 1591 1414 καὶ

127 1441 249 1486 πάλιν
266 1438 609 1495 ἀναλαμβάνοντι.

263 1510 310 1556 4.
384 1514 456 1568 Τῷ
487 1511 561 1564 μὲν
595 1504 667 1552 οὖν
693 1511 858 1562 βασιλεῖ
880 1505 907 1563 ἥ
929 1504 1066 1563 μήτηρ
1093 1505 1221 1551 ἐνόσει
1240 1509 1380 1557 δεινῶς
1403 1508 1592 1565 καὶπρὸς
1615 1515 1642 1550 Β

74 1578 356 1630 Ξοᾶναπνοαῒς
376 1573 427 1635 ἦν
450 1584 540 1628 ταῖς
558 1575 769 1633 ἐσχάταις·
788 1578 854 1619 καὶ
876 1574 900 1632 ἦ
922 1575 1090 1633 δευτέρα
1113 1580 1186 1632 τῆς
1209 1577 1398 1633 δευτέρας
1415 1581 1496 1620 τῶν
1519 1595 1592 1633 νη-

129 1722 208 1758 iicio
231 1734 305 1758 eum
328 1723 387 1769 qui
408 1723 504 1757 volet
529 1722 696 1758 dominum
719 1721 938 1757 Athanasium
960 1721 995 1755 in
1018 1720 1240 1766 patriarchali
1263 1732 1382 1755 rursus
1407 1720 1488 1755 sede
1511 1732 1595 1755 con-

131 1769 310 1804 stituere.’'
354 1769 408 1803 ita
434 1770 513 1811 ille,
546 1770 655 1814 palam
688 1769 850 1803 damnans
881 1779 956 1801 cum
979 1767 1153 1802 Athanasii
1183 1768 1315 1800 laevum
1339 1766 1502 1807 animum,
1534 1767 1594 1812 qui

130 1814 257 1849 oblitus
283 1815 483 1849 tumultuum
514 1827 599 1860 quos
629 1815 703 1848 eius
722 1813 972 1859 patriarchatus
1001 1813 1206 1852 excitasset,
1236 1813 1345 1846 denuo
1368 1812 1412 1846 ad
1436 1812 1593 1846 thronum

131 1859 341 1904 adspiraret,
365 1866 434 1894 tum
457 1861 670 1905 imperatoris
690 1860 843 1893 fraudem
868 1864 903 1893 et
926 1859 1143 1899 facilitatem,
1172 1859 1259 1891 hanc
1290 1869 1358 1902 qua
1380 1863 1447 1891 tam
1470 1858 1594 1891 leviter

131 1903 254 1938 homini
275 1906 430 1950 privato,
458 1907 582 1939 dudum
604 1906 647 1939 ad
671 1905 836 1939 ecclesiae
865 1905 1014 1949 regimen
1036 1904 1151 1947 inepto
1175 1903 1408 1947 deprehenso,
1441 1903 1592 1947 patriar-

133 1950 268 1983 chatum
292 1951 484 1991 detulisset,
513 1951 602 1984 illam
636 1962 704 1996 qua
730 1956 808 1995 post
830 1951 897 1984 ista
918 1950 954 1983 iu
977 1950 1052 1983 luce
1074 1948 1258 1982 meridiana
1279 1954 1379 1992 gesta
1402 1948 1472 1987 sibi,
1489 1949 1593 1983 obre—

132 2006 217 2040 pere
246 2000 362 2029 astuta
389 1996 653 2030 dissimulatione
685 2000 861 2029 tentasset.
918 1996 1008 2029 ictus
1038 2000 1149 2028 autem
1181 1993 1363 2036 improviso
1394 1994 1592 2038 imperator,

138 2041 242 2074 verbo
264 2052 331 2074 nou
353 2041 477 2080 addito,
499 2041 685 2082 abscessit,
715 2052 775 2074 seu
808 2042 939 2085 pudore
959 2038 1170 2083 deceptionis
1193 2039 1410 2082 obmutuerit,
1432 2039 1467 2073 in
1490 2052 1590 2085 quam

134 2086 334 2131 praesertim
365 2097 427 2119 sua
458 2097 497 2120 se
526 2086 601 2131 ipse
634 2086 725 2119 ultro
754 2086 891 2120 incauta
927 2085 1145 2129 simplicitate
1178 2083 1358 2122 induisset,
1388 2097 1449 2119 seu
1478 2086 1593 2121 defixa.

133 2142 229 2166 meus
252 2132 324 2165 eius
346 2131 379 2164 in
403 2132 510 2164 modis
534 2131 749 2176 providendis
770 2131 949 2171 vitandae,
971 2141 1060 2174 quae
1080 2129 1159 2162 inde
1181 2130 1278 2175 sequi
1299 2137 1436 2175 posset,
1471 2132 1592 2166 tradu-

135 2177 259 2211 ctionis
289 2181 324 2210 et
356 2176 518 2210 irrisionis
548 2177 620 2217 sui,
653 2176 814 2220 expedire
842 2176 931 2221 quod
961 2175 997 2211 in
1031 2175 1104 2208 loco
1135 2174 1264 2209 diceret
1293 2188 1359 2210 uon
1389 2178 1510 2222 potuit.
1557 2183 1594 2212 et

135 2223 346 2258 aversionem
369 2222 427 2255 ille
450 2222 582 2267 quidem
605 2222 640 2256 in
662 2222 820 2255 Ioannem
844 2221 999 2265 concepit
1019 2221 1179 2254 tacitam:
1203 2221 1288 2255 iram
1306 2229 1430 2264 autem,
1454 2235 1597 2269 eamque

134 2269 365 2302 vehementem
379 2294 389 2311 ,
423 2268 512 2301 haud
543 2267 801 2301 dissimulanter?
822 2266 944 2300 effudit
976 2266 1011 2299 in
1038 2271 1118 2299 tunc
1141 2266 1190 2299 illi
1213 2267 1386 2302 adstantes
1407 2269 1595 2314 episcopos,

136 2325 222 2359 quos
253 2314 401 2348 illusioni
433 2313 485 2347 sui
516 2319 714 2358 cooperatos
744 2313 973 2357 suspectabat.
1018 2312 1156 2345 fuerunt
1185 2312 1220 2345 hi
1242 2318 1354 2348 autem
1377 2316 1502 2359 reperti
1526 2322 1596 2349 tum

136 2357 1598 2450 ἒῖἓῗεξξζήιὲἷὲἓῧιῖἑξὶδῖἳρῖέηὲῗέἓηὲἓῗὲἓξιθᾱῖἓῖξῗὲιέῃῖ“ἷὶὶῗὲῗηῗ“ῗὲἐιῗέ

137 2451 277 2484 studens
300 2461 382 2484 suae
406 2451 600 2492 consulere,
634 2461 676 2483 ne
699 2450 798 2494 plane
821 2461 862 2483 ac
888 2449 974 2483 citra
998 2449 1228 2493 exceptionem
1251 2450 1348 2485 ullam
1371 2452 1595 2486 excommuni-

139 2497 272 2530 catione
295 2496 470 2540 perculsus
491 2496 559 2530 ista
581 2495 766 2536 videretur,
790 2495 984 2529 convocatis
1005 2504 1122 2529 rursus
1144 2495 1308 2540 postridie
1326 2508 1410 2542 quos
1435 2498 1597 2531 adhibere

139 2548 372 2583 consueverat,
395 2553 434 2575 se
457 2542 635 2586 deceptum
658 2545 712 2575 est
735 2547 898 2587 questus,
921 2551 991 2574 rem
1016 2539 1066 2574 uti
1092 2546 1190 2584 gesta
1212 2546 1266 2575 est
1288 2542 1432 2587 aperuit,
1456 2544 1499 2576 de
1522 2550 1598 2576 stu·

140 2586 195 2619 dio
218 2592 327 2620 autem
350 2586 508 2632 deinceps
530 2587 587 2620 illo
611 2587 742 2621 ardenti
772 2587 945 2620 declarato
969 2596 1053 2628 erga
1075 2586 1319 2621 restitutionem
1342 2587 1519 2622 Athanasii
1542 2599 1600 2621 re-

141 2631 251 2674 misit,
275 2636 454 2676 utcumque
475 2633 680 2667 Athanasius
712 2633 787 2677 ipse
810 2633 874 2666 hoc
896 2633 987 2666 facto
1011 2631 1145 2675 audito,
1177 2632 1382 2667 affirmasset
1403 2634 1501 2676 paria
1525 2644 1599 2667 cum

143 2676 312 2720 Sapphira
334 2683 371 2711 et
386 2678 516 2712 Anania
538 2689 700 2723 peccasse
715 2678 885 2720 Ioannem,
909 2681 1028 2722 utpote
1052 2677 1110 2722 qui
1132 2677 1246 2712 datum
1268 2679 1371 2712 semel
1395 2679 1460 2712 deo
1484 2689 1600 2712 saeer-

143 2719 284 2765 dotium,
310 2727 412 2766 prout
430 2730 523 2757 esset
537 2728 683 2758 testatus
699 2724 911 2758 abdicatione
932 2723 1061 2767 scripto
1078 2723 1182 2767 edita,
1207 2724 1328 2759 iterum
1353 2724 1601 2768 resumpsisset.

233 2766 268 2800 4.
315 2768 408 2802 luter
430 2769 515 2803 baec
529 2776 637 2803 mater
659 2770 873 2813 imperatoris
896 2769 1097 2812 aegrotabat
1117 2769 1281 2814 graviter,
1303 2775 1407 2814 atque
1430 2770 1515 2803 adeo
1537 2781 1600 2803 ex-
1631 2783 1639 2791 ·

145 2816 285 2845 tremum
309 2812 376 2847 iam
397 2814 551 2858 spiritum
573 2814 742 2849 trahebat.
789 2814 907 2860 itaque
929 2813 1017 2849 seria
1039 2815 1188 2851 secunda
1212 2814 1380 2850 secundae
1403 2815 1599 2850 ieiuniorum
