1820 3112
382 156 458 199 DE
496 153 826 198 ANDRONICO
860 150 1236 197 PALAEOLOGO
1269 153 1320 194 L.
1359 151 1393 195 1.
1552 149 1616 196 73

155 269 238 314 δῶν
266 267 364 325 ἵστη
394 267 420 323 ἦ
450 265 554 322 τύχη
585 269 652 310 καὶ
683 265 869 322 ἡλίσκετο
902 266 1162 322 παραυτίκα,
1199 263 1304 308 ὥστε
1327 265 1394 307 καὶ
1416 267 1622 320 φυλακαῖς

154 340 352 381 δίδοσθαι
381 336 448 380 διὰ
478 341 624 379 ταῖτα.
696 330 745 378 οὗ
776 335 827 389 δὴ
858 336 925 378 καὶ
945 336 1045 388 μίαν
1069 333 1203 391 φυγὴν
1225 333 1299 388 τὴν
1318 331 1495 389 ὑστέραν
1514 330 1619 387 μετὰ

151 404 327 462 χρόνους
347 409 569 460 συμβᾶσαν
596 403 701 447 καθ’
725 403 863 459 εἱρμὸν
885 407 957 445 τοῦ
978 401 1100 458 λόγου
1123 404 1189 444 καὶ
1213 400 1470 456 διηγήσομαι.
1518 400 1620 443 ἀπε-

157 471 275 530 δήμει
299 475 373 528 μὲν
403 469 476 516 οὖν
510 471 531 516 ὃ
562 472 751 527 βασιλεὺς
785 474 840 521 εἷς
877 471 1205 525 Θεσσαλονίκην,
1254 468 1310 529 ὥς
1338 469 1484 512 αὐτίκα
1515 468 1620 511 κατὰ

123 543 298 599 ὄκαιρόν
318 543 513 598 ἐροῦμεν,
552 542 753 595 κατείχετο
783 541 828 583 δὲ
860 535 981 590 οὗτος
1012 541 1054 582 ἐν
1085 543 1308 596 φυλακαῖς,
1347 538 1422 580 σὺν
1442 537 1554 595 αὗτῷ
1577 537 1622 579 δὲ

154 607 205 666 ἦν
237 613 304 653 καὶ
333 609 360 666 ἡ
393 610 629 667 αὗταδέλῳη
662 607 835 660 τούτου,
880 607 929 662 ἢν
955 608 1004 662 δὴ
1026 606 1138 662 παρὰ
1159 607 1315 662 πατρὸς
1337 611 1411 649 τοῦ
1427 605 1618 649 Ἰωάννου

156 683 586 734 σεβαστοκρατοῧντος
624 675 842 731 δεξάμενος
885 681 1089 733 Τερτερῆς
1130 673 1185 726 ὥς
1218 675 1402 730 μνηστὴν
1440 679 1498 732 τῷ
1538 675 1615 732 υἱῷ
1638 685 1670 720 D

150 744 547 805 Ὀσφεντισθλάβῳ,
605 745 662 788 ἴτι
693 747 734 788 ἓν
769 743 992 800 ἀνηβότητι
1022 740 1150 787 οὖσαν
1167 777 1180 796 ,
1224 744 1361 799 ἐπειδὴ
1392 743 1518 793 αὐτὸς
1547 743 1623 792 τὰς

154 815 260 871 πρὸς
286 816 459 869 βασιλέα
486 814 668 864 σπονδὰς
696 812 903 870 ἠγάπησε,
950 811 1114 867 συνάμα
1144 817 1195 869 τῇ
1223 818 1296 855 τοῦ
1318 813 1441 855 Ἀσὰν
1463 811 1622 868 ἀδελφῇ

103 885 223 926 mam)
246 884 374 939 αὐτὴν
404 885 444 932 ἐς
478 883 650 936 βασιλέα
677 883 832 936 πέμπει.
904 877 955 938 ἦν
977 878 1049 924 οὖν
1080 883 1195 938 σφίσι
1215 879 1332 936 μίαῆ
1354 878 1542 937 φυλακή,
1582 880 1628 923 οἳ

158 951 208 1007 δὴ
229 954 295 994 καὶ
318 957 377 1010 τῷ
392 952 515 1006 Ἔρρῆ
537 953 578 1002 ἔξ
593 951 804 1007 Ἐγκλίνων
825 950 910 994 ὄντι
928 948 1082 1004 συνάμ’
1106 949 1257 1006 ἑτέροις
1276 951 1342 992 καὶ
1361 951 1487 1007 τρίτῳ
1510 950 1625 991 naudi

158 1022 214 1070 εἷς
234 1020 419 1076 φυλακὴν
437 1018 749 1077 ἔπιτετράᾳιατο.
819 1017 1035 1075 ὑπέρχεται
1064 1023 1164 1074 γοῦν
1189 1017 1209 1061 ὃ
1234 1018 1407 1074 ΙΠιχαὴλ
1440 1018 1512 1060 τὸν
1531 1017 1626 1074 Ἐρ-

159 1092 236 1145 ρῆν
254 1085 575 1143 ὑπισχνούμενος
602 1088 788 1145 γαμβρὸν
810 1088 908 1138 ἕξειν
930 1087 997 1130 ἐπ’
1021 1087 1178 1144 ἀδελφῇ
1207 1085 1338 1144 ταύτῃ
1354 1121 1364 1140 ,
1400 1085 1451 1142 ἢν
1472 1089 1627 1142 δραπε-

156 1154 354 1200 τεῦσειαν.
414 1158 490 1199 εἰσὶ
508 1156 553 1199 δ’
578 1157 624 1199 οἳ
637 1157 819 1212 λέγουσιν
838 1156 898 1198 ὅτι
916 1158 981 1198 καὶ
998 1161 1199 1210 πορνικῶς
1218 1157 1346 1213 ἐκείνῃ
1366 1153 1387 1198 ὅ
1407 1157 1450 1206 ἐξ
1463 1154 1617 1210 Ἐγκλί-
1641 1171 1675 1205 Ε

103 1231 147 1267 15
158 1242 238 1267 νων
270 1222 515 1280 συνήρχετο,
551 1225 603 1268 τὰ
630 1225 756 1268 πιστὰ
781 1230 854 1279 τῆς
883 1226 1152 1281 ἔπιγαμβρίας
1180 1225 1369 1266 {vni-922⁴
1388 1222 1626 1278 λαμβάνων.

157 1288 209 1348 ἦν
228 1297 327 1349 γοῦν
346 1291 367 1336 ὃ
384 1294 539 1350 Ἕρρῆς·
557 1295 623 1336 καὶ
653 1298 735 1336 τῶν
754 1298 905 1336 λοιπῶν
934 1291 1129 1350 φυλάκων
1150 1291 1368 1348 ἐπιστάτης
1381 1325 1394 1345 ,
1433 1294 1500 1335 καὶ
1523 1296 1626 1335 πολ-

159 1455 306 1490 tumacia
327 1455 473 1491 michael
494 1459 588 1491 totus
610 1458 726 1491 stabat
747 1457 899 1491 intentus
924 1455 1156 1501 expediendae
1182 1467 1244 1500 per
1266 1457 1381 1500 fugam
1403 1454 1563 1490 furtivam
1584 1456 1629 1490 li-

157 1501 298 1536 bertati.
345 1507 382 1536 at
405 1502 516 1536 crebri
539 1502 612 1537 eius
635 1503 789 1537 elabendi
817 1506 957 1536 conatus
989 1502 1133 1536 adversa
1157 1513 1291 1546 semper
1313 1505 1447 1536 fortuna
1469 1513 1630 1536 successu

162 1558 318 1590 caruere,
341 1551 492 1582 retracto
516 1547 589 1593 ipso
611 1549 745 1594 quoties
769 1554 942 1589 evaserat,
966 1553 1001 1582 et
1023 1547 1167 1581 vinculis
1188 1547 1336 1590 reddito,
1358 1559 1447 1592 quae
1470 1548 1504 1582 in
1529 1548 1630 1592 longa

159 1597 240 1638 post
273 1593 338 1627 hoc
369 1600 523 1639 tempora
562 1606 695 1640 semper
722 1594 919 1629 invitissimo
953 1594 1146 1628 haeserunt.
1210 1605 1309 1628 unam
1344 1594 1398 1627 hic
1435 1605 1499 1637 ego
1541 1594 1627 1638 eius,

159 1649 361 1684 quamquam
383 1639 514 1685 aliquot
535 1641 658 1674 abhinc
681 1641 792 1682 annis,
817 1645 985 1685 postremo
1008 1644 1174 1674 tentatam
1195 1641 1310 1684 sugam
1324 1664 1334 1681 ,
1356 1640 1546 1684 argumenti
1570 1652 1630 1673 co-

159 1684 313 1728 gnationi
335 1684 454 1719 seriem
478 1691 667 1730 temporum
690 1687 914 1731 posthabens,
937 1687 1095 1719 reseram.
1143 1688 1318 1730 profectus
1341 1692 1419 1719 erat
1445 1686 1631 1719 Thessalo-

160 1729 271 1764 nicam
294 1730 502 1775 imperator,
537 1738 575 1766 ut
597 1743 675 1766 mox
696 1743 757 1766 suo
789 1737 941 1776 tempore
963 1731 1196 1772 narrabimus,
1230 1732 1350 1765 relicto
1374 1731 1543 1764 Michaeie
1566 1732 1629 1765 sub

159 1774 334 1818 custodia,
364 1776 459 1810 cuius
487 1776 521 1810 in
550 1777 745 1812 societatem
769 1777 909 1823 propria
931 1777 997 1821 ipsi
1027 1789 1123 1810 soror
1146 1781 1336 1811 accesserat
1359 1777 1421 1810 tali
1443 1776 1631 1811 occasione.

161 1820 327 1855 dissidens
350 1822 394 1855 ab
417 1821 624 1867 imperatore
645 1823 756 1857 causis
778 1835 866 1868 quas
888 1823 1031 1857 diximus
1058 1823 1243 1868 Bulgariae
1263 1834 1324 1857 rex
1342 1823 1507 1856 Terteres
1531 1822 1631 1855 Ioan-

161 1865 216 1900 nis
244 1867 528 1901 sebastocratoris
558 1870 670 1913 patris
703 1869 802 1903 buius
826 1869 1003 1903 Michaelis
1033 1868 1170 1902 firmare
1198 1880 1236 1902 se
1266 1869 1405 1902 foedere
1437 1872 1630 1910 curaverat,

159 1911 398 1956 despondenda
430 1925 491 1947 suo
521 1914 592 1947 filio
617 1915 918 1958 Osphentisthlabo
939 1915 1011 1948 filia
1032 1915 1158 1959 ipsius,
1191 1926 1288 1957 quam
1322 1917 1357 1947 et
1390 1914 1433 1947 ad
1457 1924 1495 1946 se
1517 1918 1630 1947 trans-

162 1957 296 1992 missam
322 1958 431 1992 adhuc
465 1960 634 2005 impubem
658 1960 746 2001 domi
780 1961 907 1995 babuit.
953 1972 1070 1994 verum
1099 1960 1251 1993 securius
1283 1959 1406 1992 deinde
1428 1959 1531 1992 rebus
1557 1958 1629 1992 suia

162 2001 329 2037 Terteres
350 2009 516 2047 reputans
539 2017 669 2050 pacem,
689 2007 741 2039 uti
763 2006 957 2048 retulimus,
990 2017 1064 2039 cum
1087 2005 1293 2049 imperatore
1315 2006 1441 2046 facere,
1465 2004 1632 2049 sponsali-

162 2048 228 2082 bus
251 2059 325 2082 cum
349 2049 421 2083 filia
444 2051 724 2085 sebastocratoris
746 2052 922 2096 abruptis,
946 2051 1090 2096 puellam
1115 2062 1182 2084 una
1205 2062 1279 2084 cum
1302 2062 1420 2084 sorore
1443 2051 1563 2084 Asanis
1585 2049 1628 2084 ad

161 2092 396 2138 imperatorem
422 2095 532 2138 misit,
566 2107 667 2140 quam
698 2097 727 2129 is
764 2097 871 2131 eidem
895 2109 962 2141 quo
987 2095 1134 2130 michael
1157 2097 1338 2130 tenebatur
1362 2098 1471 2130 frater
1491 2096 1631 2140 virginis

161 2138 293 2173 carceri
322 2139 504 2175 mandavit,
559 2145 635 2174 erat
668 2139 830 2176 ambobus
863 2141 1088 2176 custodiendis
1119 2143 1311 2185 praefectus
1343 2142 1449 2176 Erres
1480 2143 1629 2187 quidam,

161 2184 213 2218 sic
236 2189 402 2227 vocatus,
439 2185 599 2220 oriundus
621 2199 664 2221 ex
686 2187 837 2221 Enclinis
851 2188 902 2232 ²¹¹).
953 2187 1029 2221 huic
1051 2188 1215 2221 suberant
1237 2188 1303 2222 duo
1326 2187 1473 2231 milites,
1507 2188 1631 2233 quibus

162 2230 285 2267 tertius
319 2234 515 2264 accesserat
547 2243 631 2276 puer
661 2232 878 2271 administer,
913 2232 1039 2267 aetatis
1071 2238 1222 2267 tenerae.
1271 2235 1365 2268 venit
1387 2233 1421 2267 in
1446 2245 1539 2279 spem
1564 2233 1634 2267 Mi-

163 2275 258 2310 chael
285 2275 453 2310 eluctandi
486 2281 554 2311 tam
586 2277 699 2322 exigui
730 2278 914 2322 praesidii,
948 2279 977 2313 si
1000 2279 1173 2313 attrahere
1195 2279 1229 2313 in
1252 2287 1370 2324 partes
1396 2280 1505 2314 Erren
1530 2291 1632 2324 prae-

162 2322 289 2355 sectum
313 2323 491 2367 potuisset.
537 2334 619 2367 ergo
642 2324 676 2358 in
698 2323 734 2357 id
756 2323 950 2358 incumbens
976 2324 1088 2359 multis
1111 2325 1275 2359 bominem
1299 2325 1439 2359 ambivit
1460 2325 1635 2370 precibus,

163 2366 330 2410 promisso
356 2367 457 2402 etiam
490 2368 552 2413 ipsi
589 2370 743 2413 coniugio
765 2370 894 2403 sororis
916 2370 949 2404 in
974 2371 1156 2412 praemium
1183 2382 1310 2416 operae
1333 2382 1433 2416 quam
1457 2372 1507 2405 eis
1530 2370 1565 2404 in
1589 2370 1633 2403 li-

163 2413 334 2446 bertatem
356 2415 548 2448 asserendis
571 2416 779 2448 contulisset.
825 2419 903 2449 sunt
924 2415 983 2461 qui
1010 2417 1124 2450 dicant
1146 2417 1328 2451 delibatum
1352 2418 1418 2451 iam
1443 2423 1512 2450 tum
1537 2427 1632 2450 usum

162 2456 265 2491 istius
295 2459 458 2493 ostentati
481 2461 637 2494 connubii
661 2466 878 2506 praesumpta
901 2461 991 2495 inter
1013 2462 1200 2497 destinatos
1232 2474 1372 2507 sponsos
1395 2463 1504 2506 stupri
1526 2462 1633 2495 iicen-

164 2502 225 2543 tia,
248 2515 311 2537 nec
333 2504 436 2538 inscio
459 2516 524 2539 uec
546 2506 652 2540 invito
677 2507 862 2549 michaele,
897 2508 954 2552 qui
977 2508 1056 2542 nibil
1086 2509 1180 2553 pensi
1204 2509 1347 2542 baberet
1370 2509 1425 2542 vel
1448 2515 1517 2540 tam
1541 2507 1633 2551 turpi

164 2547 231 2581 sibi
251 2549 394 2592 pignore
416 2555 511 2584 tanto
533 2552 659 2588 certius
681 2553 904 2597 oppignerare
927 2553 1026 2587 fidem
1055 2554 1267 2588 Euclinensis
1289 2554 1324 2588 in
1348 2554 1635 2598 repraesentanda

166 2594 407 2639 quamprimum
433 2597 598 2640 promissa
628 2597 794 2632 solutione
819 2599 1027 2644 captivitatis
1057 2600 1281 2634 exosissimae.
1330 2600 1428 2633 huius
1453 2599 1502 2632 rei
1525 2597 1633 2631 facui-

167 2641 272 2672 tatem
293 2651 360 2674 nou
383 2651 523 2686 parvam
543 2642 694 2678 habebat
716 2644 846 2688 Etru,
879 2645 971 2691 quod
994 2649 1251 2692 praeterquam,
1285 2650 1325 2680 ut
1348 2644 1437 2687 dixi,
1472 2653 1633 2679 summum

213 2795 250 2840 *)
272 2795 379 2833 immo.
394 2799 561 2835 Henricus
584 2800 734 2847 (Hal-ry)
755 2802 895 2848 Augias.
