1858 3126
540 181 646 225 LIB.
678 179 752 225 111.
821 175 1259 223 CHRONOLOGICU
1261 176 1304 220 S.
1558 173 1656 221 859

210 322 215 327 ·
240 290 300 352 ,2¹2¹
338 289 503 351 fflssffi‘g·
527 285 691 348 ¹⁸22?
794 287 857 327 Ex
878 287 1072 327 >universa
1101 286 1295 326 Orientali
1324 285 1549 325 continente
1579 286 1660 325 im-

339 356 480 418 Stffieuu.
648 387 657 394 ‚
678 387 686 394 ,
738 357 846 396 pune
867 358 890 382 a
909 345 1036 383 Persis
1058 344 1211 395 direpta
1238 342 1492 381 concurritur
1516 343 1557 381 in
1585 357 1661 382 ur-

209 429 315 471 1305
365 389 503 451 “df‘'
527 386 688 466 ”Qm'
738 401 827 439 bem
838 400 1229 466 Constantinopolim,
1248 399 1341 438 inde
1361 404 1563 450 gravatam
1582 413 1662 439 nu·-

535 476 680 557 Μῑῗὲῃ,
738 470 1060 556 ἷοέοέιιῖιωεωο
1091 463 1287 508 egentium
1318 455 1577 498 advenarum.
1633 456 1664 496 l.

822 569 963 608 Nicaea
981 567 1206 608 Nicomedia
1225 574 1263 607 et
1285 567 1381 606 aliae
1403 580 1564 619 magnae
1587 580 1662 605 ur-

737 626 819 677 bes,
848 626 1081 665 circumsitis
1100 626 1257 664 arcibus
1279 630 1319 662 et
1337 624 1573 663 suburbanis
1588 637 1662 676 pa-

738 684 793 734 gis
826 682 872 721 in
911 683 1172 722 barbarorum
1211 686 1447 735 potestatem
1481 680 1662 731 redactis,

738 739 913 778 obsessae
931 740 1004 778 vix
1021 739 1185 781 durant.
1239 737 1336 778 ibid.

793 806 936 845 Atman
953 806 996 844 in
1016 807 1218 844 Catoeciae
1237 803 1417 857 partibus
1434 804 1565 856 copias
1582 803 1664 841 Ro-

739 876 873 900 manas
900 863 973 901 sub
996 863 1112 901 Siuro
1140 860 1464 914 stratopedarcha
1483 861 1664 899 interne-

740 919 851 957 cione
869 919 986 958 delet.
1023 919 1119 956 inde
1135 932 1264 957 arcem
1282 918 1488 956 Belocoma
1506 917 1665 965 dictam,

740 975 1038 1015 munitissimam
1054 981 1095 1012 et
1110 975 1217 1014 omni
1234 979 1427 1027 apparatu
1442 973 1666 1012 instructis-

740 1032 896 1081 simam,
928 1037 1118 1083 occupat3
1158 1045 1238 1083 qua
1268 1029 1417 1084 praeda
1452 1029 1664 1068 ditissimus

741 1088 888 1127 evadit.
943 1088 1040 1127 ibid.

798 1155 934 1194 Persae
961 1153 1154 1194 s-Marule
1180 1153 1280 1192 duce
1296 1154 1477 1192 Romano
1504 1152 1556 1190 ad
1574 1157 1665 1190 tur—

742 1212 818 1251 rim
833 1211 1015 1249 Gulielmi
1031 1211 1175 1250 dictam
1195 1210 1434 1248 caeduntur:
1463 1209 1532 1246 sed
1551 1214 1667 1259 parta

744 1281 796 1306 ex
816 1267 877 1305 his
897 1268 1019 1320 spolia
1045 1267 1220 1306 catelani
1247 1266 1464 1306 victoribus
1482 1264 1668 1306 Romanis

744 1324 931 1375 eripiunt,
986 1323 1081 1363 ibid.

799 1379 1009 1418 Horrenda
1039 1379 1218 1429 exempla
1252 1377 1497 1416 crudelitatis
1535 1375 1670 1415 avari-

743 1437 822 1474 tiae
868 1435 1041 1474 libidinis
1089 1450 1112 1474 a
1147 1435 1343 1473 Catelanis
1383 1433 1490 1471 edita
1525 1431 1669 1485 Cyzici.

744 1492 841 1534 ibid.

801 1547 938 1599 vigilia
964 1547 1231 1594 Pentecostes,
1270 1544 1391 1584 Nonis
1425 1544 1507 1583 sive
1531 1543 1671 1594 quinto

748 1605 810 1643 die
828 1604 929 1655 Iunii
946 1610 1103 1642 creatur
1114 1602 1265 1642 Perusii
1285 1601 1464 1653 pontifex
1480 1601 1671 1638 Bertran-
1694 1596 1723 1630 P
1744 1596 1812 1630 623

749 1661 823 1700 dus
845 1661 894 1699 de
915 1660 1054 1712 Agutis
1074 1659 1388 1710 archiepiscopus
1407 1657 1674 1707 Burdegalen-

748 1718 812 1767 sis,
842 1716 909 1768 qui
927 1716 1094 1768 sumpsit
1111 1728 1255 1754 nomen
1280 1713 1489 1751 Clementis
1504 1713 1554 1754 V.

310 1790 515 1836 N'clemgmis
805 1783 1041 1824 Rontzerius
1063 1782 1187 1820 sciens
1207 1795 1247 1819 se
1273 1788 1312 1818 et
1332 1793 1423 1817 suos
1440 1779 1550 1829 gravi
1569 1779 1673 1819 insa-

439 1839 444 1848 '
750 1842 828 1879 mia
856 1842 897 1878 in
925 1840 1014 1878 aula
1039 1839 1240 1885 laborare,
1270 1835 1378 1886 quod
1398 1835 1527 1886 Cyzici
1548 1835 1673 1873 otiose

751 1902 791 1933 et
809 1895 997 1945 flagitiose
1016 1893 1260 1942 desiderent,
1290 1891 1447 1929 interim
1475 1890 1571 1928 dum
1592 1889 1672 1928 ho-

751 1958 829 1988 stes
856 1951 1016 2002 impune
1043 1963 1112 2000 per
1146 1948 1297 1998 imperii
1332 1946 1554 1996 provincias
1588 1947 1671 1984 eius

751 2012 903 2044 tractus
916 2005 1128 2044 volitantes
1149 2006 1266 2042 etiam
1279 2001 1588 2053 Philadelphiam
1606 2015 1674 2039 ca-

752 2062 843 2100 stris
861 2061 1007 2099 circum
1018 2060 1152 2111 positis
1168 2064 1388 2098 commeatu
1400 2058 1598 2096 exclusam
1611 2059 1673 2096 sa·-

752 2130 814 2155 me
835 2116 887 2154 ad
905 2116 1142 2155 deditionem
1165 2115 1396 2166 compellere
1423 2120 1674 2162 conarentur,

753 2172 1133 2224 Constantinopolim
1166 2171 1238 2209 sub
1270 2171 1386 2207 finem
1425 2170 1544 2208 huius
1581 2171 1675 2208 anni

752 2228 1035 2281 proficiscitur,
1062 2233 1100 2264 et
1121 2225 1175 2265 ibi
1195 2226 1370 2276 Augusto
1397 2226 1536 2277 allegat
1559 2239 1676 2265 recu-

753 2298 854 2322 sasse
878 2284 1020 2322 milites
1051 2283 1094 2322 in
1132 2282 1288 2320 hostem
1324 2282 1487 2320 tendere
1516 2289 1678 2333 propter

754 2340 945 2392 stipendia
964 2353 1046 2378 non
1069 2339 1212 2381 soluta.
1268 2337 1346 2375 hoe
1368 2338 1598 2389 intelligitur
1625 2351 1676 2375 ex

756 2410 789 2435 c.
805 2400 855 2439 21
877 2395 903 2435 l.
923 2397 963 2438 5.

226 2544 333 2583 1306
441 2545 469 2583 2
565 2531 695 2559 Andron.
816 2527 1051 2567 Rontzerius
1086 2526 1206 2565 huius
1238 2527 1328 2564 anni
1359 2526 1486 2577 primo
1518 2525 1583 2563 vel
1614 2538 1677 2562 se-

556 2570 692 2649 Miczlgal
760 2586 891 2624 cundo
910 2597 1053 2632 mense,
1082 2581 1192 2621 facile
1211 2582 1383 2634 purgatis
1405 2581 1510 2632 apud
1531 2581 1677 2619 credu-

606 2659 658 2699 13
695 2639 703 2647 ’
760 2643 842 2681 lum
861 2647 900 2679 et
923 2640 996 2679 sibi
1015 2639 1216 2678 addictum
1242 2640 1515 2690 imperatorem
1542 2637 1677 2674 crimi-

761 2698 983 2737 nationibus
1002 2697 1060 2734 sui
1079 2708 1126 2732 ac
1142 2707 1305 2733 suorum
1314 2725 1328 2743 ,
1356 2692 1542 2744 grandem
1561 2693 1676 2730 etiam

762 2755 810 2792 ab
828 2767 873 2792 eo
896 2751 1123 2805 impetravit
1143 2751 1346 2802 pecuniam
1366 2749 1496 2799 (cuius
1522 2755 1675 2800 partem

739 2829 742 2835 ·
762 2823 942 2862 praesens
960 2808 1131 2861 accepit,
1157 2806 1317 2845 alterius
1335 2817 1429 2844 vero
1454 2810 1559 2843 certa
1577 2818 1675 2857 pro-
