1858 3126
454 194 557 238 LIB.
587 191 660 238 111.
728 188 1192 235 CHRONOLOGICUS
1201 221 1210 231 .
1452 189 1549 234 809

120 305 182 344 nis
199 305 358 344 horum.
414 302 599 341 videntur
623 306 752 340 autem
784 300 931 351 repulsi
958 305 1065 338 metu
1092 312 1114 336 a
1138 298 1321 337 Romanis
1340 303 1438 336 tunc
1454 312 1553 350 pro-

120 361 262 400 vinciis
278 359 521 410 Mogulenses
538 357 758 397 incubuisse
771 355 815 394 in
832 355 1049 404 Persidem3
1082 354 1149 392 ubi
1169 367 1329 393 navasse
1342 354 1447 405 ipsos
1464 369 1555 407 ope.

121 430 226 464 ram,
257 414 432 468 calypha
447 414 531 453 illic
563 413 788 452 dominante
818 412 923 451 victo
949 418 989 449 et
1014 424 1224 462 oppresso,
1258 416 1392 448 narrat
1411 410 1558 449 ibidem

121 473 209 511 suse
232 471 486 523 Pachymeres
514 484 554 521 p.
582 471 676 518 133,
698 468 906 519 adiungens
930 466 1003 505 hos
1033 469 1075 504 in
1100 466 1256 505 Perside
1286 466 1557 516 belligerantes

121 527 320 567 Tocharos
337 527 457 576 vulgo
472 526 642 564 Atat-ios
659 530 828 564 vocatos.
876 523 981 575 quod
1000 535 1143 561 nomen
1163 523 1267 560 sorte
1284 521 1392 560 haud
1415 528 1559 560 temere

39 624 42 627 ,
122 583 340 634 suspicetur
360 581 555 634 quispiam
573 594 594 618 e
609 580 766 618 nomine
786 578 896 617 ducis
915 579 1092 630 ipsorum
1114 578 1333 626 detortum,
1362 583 1409 615 ut
1427 577 1496 628 qui
1517 591 1558 616 se

120 639 200 690 ipsi
222 640 449 677 Batuartos
481 651 503 674 a
532 639 672 675 Batuo
695 636 887 683 dicerent,
927 634 1031 685 quod
1061 633 1181 671 huius
1209 633 1394 685 auspiciis
1414 634 1558 671 milita-

119 695 239 742 bant,
266 693 450 746 populari
475 692 731 744 corruptione
757 697 988 730 vexatarum
1014 689 1062 727 ab
1089 689 1183 742 ipsis
1202 690 1358 740 linguae
1380 689 1558 728 diversae

119 749 294 802 gentium
318 750 460 787 Atarii
475 748 782 786 nominarentur.

231 805 316 844 vn.
351 804 509 843 Interim
531 817 628 855 quae
647 803 715 840 alii
732 801 1015 852 Mogulensium
1034 799 1154 839 duces
1174 800 1267 838 alibi
1287 805 1444 850 agerent
1461 812 1558 838 exe-

122 873 245 913 quens
260 860 596 912 Abulpharagius‚
625 859 748 898 tradit
763 871 867 896 anno
888 857 1051 907 Hegirae
1069 859 1163 905 688,
1193 856 1305 894 cuius
1323 862 1381 893 est
1399 855 1558 894 initium

122 931 143 954 a
167 916 229 955 die
249 919 301 958 16
322 916 516 968 Septemb.
536 916 628 953 anni
648 914 795 953 Christi
814 914 935 961 1235,
955 918 1108 964 captam
1133 912 1253 950 fuisse
1274 927 1294 950 a
1314 912 1557 962 Mogulensi-

120 971 194 1011 bus
212 972 461 1010 carnalium
483 971 616 1010 urbem
632 972 840 1008 maximam
857 969 900 1006 in
920 969 1076 1019 regione
1093 967 1276 1016 Arbelae,
1315 973 1355 1005 et
1375 981 1478 1006 anno
1498 982 1556 1006 se-

122 1028 256 1079 quenti
265 1027 390 1079 ipsam
402 1027 583 1066 Arbelam
595 1033 687 1078 post
706 1025 959 1076 quadraginta
978 1024 1129 1062 dierum
1150 1024 1406 1072 obsidionem,
1419 1037 1557 1074 magna

120 1083 288 1136 pecunia
312 1090 497 1121 taxatam.
553 1095 655 1120 anno
688 1082 852 1131 Hegirae
878 1080 974 1130 635,
1005 1079 1149 1117 Christi
1179 1082 1299 1127 1237,
1329 1079 1376 1116 ab
1393 1080 1558 1130 Augusti

120 1138 265 1177 mensis
285 1138 349 1177 die
370 1138 437 1189 24,
460 1138 705 1189 Mogulenses
723 1138 764 1175 in
785 1137 957 1188 Bagdadi
976 1135 1074 1174 fines
1094 1141 1370 1187 procurrentes
1387 1135 1558 1187 primum

122 1194 207 1232 acie
226 1194 328 1233 victi
350 1201 465 1244 sunt,
502 1194 567 1233 sed
590 1199 726 1246 postea
748 1207 838 1232 cum
869 1193 985 1231 novis
1007 1192 1132 1243 copiis
1159 1191 1389 1240 redeuntes,
1417 1193 1467 1229 ad
1488 1192 1560 1229 lo-

122 1262 214 1288 cum
244 1250 500 1288 canekinium
539 1256 720 1288 vocatum
734 1279 747 1299 ,
797 1248 1106 1299 Bagdadensium
1142 1247 1355 1285 exercitum
1395 1253 1559 1286 cruento

120 1305 273 1358 praelio
293 1306 569 1357 profligarunt.
625 1319 728 1343 anno
748 1307 828 1346 639
848 1305 1032 1355 Hegirae,
1071 1302 1216 1341 Christi
1239 1303 1358 1352 1241,
1381 1316 1403 1340 a
1423 1303 1486 1341 die
1508 1306 1561 1346 12

121 1361 232 1410 Iulii,
259 1361 505 1412 Mogulenses
528 1361 628 1399 duce
648 1361 877 1409 lai-maguno
900 1360 1031 1398 urbem
1050 1359 1175 1396 Arzen
1199 1359 1362 1396 Rumam
1381 1358 1423 1396 vi
1445 1371 1562 1410 cepe-

121 1422 247 1456 runt.=
281 1429 385 1455 anno
402 1417 498 1467 Heg.
526 1419 621 1466 640,
641 1416 787 1454 Christi
807 1418 927 1465 1242,
946 1430 967 1453 a
983 1415 1163 1453 kalendis
1184 1414 1289 1463 Iulii,
1318 1414 1562 1465 Mogulenses

122 1473 323 1510 sultanem
344 1472 615 1511 Giattodinum
635 1472 716 1510 acie
734 1471 937 1520 vicerunt,
975 1471 1058 1509 eius
1082 1470 1197 1508 urbes
1218 1470 1392 1508 Sivasam
1408 1477 1447 1508 et
1464 1470 1562 1508 cae-

122 1541 273 1566 saream
298 1533 339 1566 et
367 1528 616 1579 Azenganum
646 1534 855 1579 ceperunt,
895 1533 933 1565 et
950 1526 1013 1565 his
1030 1526 1142 1564 malis
1162 1527 1289 1564 fracto
1309 1526 1462 1564 Sultani
1480 1525 1559 1563 tri-
1583 1534 1613 1567 P
1636 1534 1703 1570 587

121 1583 261 1622 butum
282 1584 567 1636 imposuerunt.
623 1597 725 1621 anno
749 1583 912 1634 Hegirae
931 1582 1025 1631 643,
1048 1581 1192 1620 Christi
1213 1582 1320 1623 1245
1336 1596 1358 1619 a
1380 1582 1472 1619 Maii
1493 1585 1561 1631 29,

121 1639 454 1678 Kana-secundus
478 1638 997 1691 imperator-Mogulensium
1027 1637 1161 1676 vivere
1190 1638 1323 1686 desiit,
1361 1638 1561 1688 designato

119 1695 233 1746 prius
254 1708 480 1734 successore
494 1702 533 1733 et
556 1695 744 1734 accersito
765 1696 813 1732 ad
829 1695 917 1743 hoc,
948 1694 1041 1732 dum
1056 1693 1185 1731 adhuc
1206 1693 1367 1742 viveret,
1397 1695 1558 1744 Cayuco

122 1763 194 1788 sno
210 1750 313 1801 filio5
342 1745 469 1802 quiin
492 1751 633 1789 itinere
649 1751 830 1789 nuntium
859 1750 1012 1802 accepit
1033 1750 1082 1787 de
1098 1749 1220 1801 patris
1242 1754 1379 1786 morte.
1434 1755 1559 1787 mater

123 1806 285 1857 Cayuci‚
313 1807 419 1844 dicta
445 1808 655 1856 Taras—ina,
683 1821 781 1858 quae
801 1807 974 1855 Chatan,
1002 1805 1082 1844 hoc
1098 1812 1156 1844 est
1171 1804 1335 1841 domina
1352 1803 1434 1841 sive
1454 1817 1559 1841 uxor

122 1862 328 1913 primaria,
358 1863 502 1900 Kaanis
519 1864 667 1911 fuerat,
694 1863 901 1913 imperium
922 1861 1220 1908 administravit,
1250 1860 1375 1896 donec
1398 1859 1557 1896 comitia

123 1917 250 1965 gentis
282 1916 488 1955 universae
515 1918 786 1959 convenirent.
840 1931 943 1955 anno
969 1917 1066 1966 fleg.
1095 1917 1188 1962 644,
1219 1914 1364 1952 Chrisli
1396 1914 1501 1956 1246
1534 1929 1558 1953 a

124 1971 216 2009 Maii
243 1973 308 2020 19,
338 1972 552 2010 celebratus
582 1979 639 2010 est
666 1985 827 2023 magnus
854 1978 1071 2010 conventus
1094 1970 1319 2022 principum
1345 1976 1383 2008 et
1408 1970 1556 2008 ducum

122 2027 406 2078 Mogulensium
424 2035 592 2078 tempore
613 2041 750 2076 verno,
781 2027 838 2065 ait
855 2026 1183 2078 Abulpharagius,
1212 2025 1289 2062 hoc
1300 2032 1370 2072 est,
1399 2033 1446 2064 ut
1467 2026 1556 2077 opi-

123 2095 219 2132 nor,
250 2095 382 2120 mense
397 2083 524 2134 Aprili
546 2083 637 2120 anni
659 2082 805 2120 Christi
824 2084 944 2129 1247,
974 2081 1103 2119 adhuc
1132 2087 1313 2119 currente
1335 2080 1415 2122 644
1435 2081 1557 2132 Hegi-

122 2151 203 2176 rae.
248 2137 310 2175 his
339 2138 503 2176 comitiis
530 2138 704 2190 Cayucus
729 2138 902 2175 filiorum
928 2137 1072 2174 Ksanis
1098 2143 1194 2175 natu
1219 2137 1410 2175 maximus
1425 2166 1438 2187 ,
1473 2152 1555 2176 non

125 2193 209 2231 sola
232 2193 370 2232 aetatis
396 2195 665 2245 praerogativa
689 2200 757 2231 aut
784 2194 907 2244 patris
936 2193 1083 2230 iudicio
1109 2193 1174 2230 sed
1206 2200 1244 2230 et
1274 2194 1555 2244 praestantium

124 2249 318 2287 virtutum
337 2263 384 2287 ac
397 2249 548 2287 dotium
563 2250 702 2287 merito
721 2249 917 2300 praelatus
935 2248 1095 2286 Cubano
1115 2254 1153 2286 et
1170 2248 1373 2287 Siramuno
1395 2249 1560 2287 minori-

124 2305 199 2343 hus
216 2305 424 2353 fratribus,
451 2305 666 2355 imperator
696 2305 938 2352 declaratur3
979 2304 1194 2354 titulusque
1215 2304 1292 2354 ipsi
1322 2304 1476 2344 additus
1498 2311 1558 2343 est

122 2360 452 2412 Cayue-Chanis.
506 2359 572 2398 hic
595 2361 694 2399 duos
730 2360 958 2411 praecipuos
989 2359 1185 2397 ministros
1218 2359 1557 2399 christianosha-

124 2415 235 2466 buit,
263 2423 430 2468 quorum
458 2416 571 2454 alteri
608 2414 795 2464 Kadak0‚
832 2415 944 2453 alteri
975 2415 1125 2453 Ginkai
1161 2428 1302 2453 nomeu
1327 2416 1401 2454 fuit
1410 2429 1423 2465 3
1453 2430 1557 2467 quo-

123 2485 213 2510 rum
229 2473 362 2510 favore
380 2472 554 2524 episcopi
571 2478 610 2510 et
629 2471 808 2510 monachi
830 2486 851 2508 a
871 2472 1028 2522 Cayue-
1040 2471 1170 2509 Chane
1186 2478 1311 2510 matre
1324 2471 1448 2524 ipsius
1467 2472 1556 2510 uni-

124 2539 316 2578 versaque
332 2528 436 2579 regia
462 2527 607 2566 familia
624 2527 797 2579 impense
818 2526 1121 2565 honorabantur.
1157 2525 1262 2565 un'de
1279 2527 1441 2578 contigit
1458 2528 1555 2565 adeo

124 2582 212 2620 illic
239 2596 411 2622 crescere
437 2583 694 2622 Christianam
721 2583 944 2634 religionem
959 2613 971 2633 ‚
1007 2589 1190 2633 quantum
1206 2582 1269 2621 his
1283 2583 1414 2622 verbis
1435 2583 1557 2621 Abul-

124 2636 335 2689 pharagius
357 2640 549 2688 ostendit,
571 2640 809 2691 factumque
835 2647 894 2676 est
919 2639 1099 2689 inquiens
1124 2641 1333 2691 imperium
1354 2639 1556 2677 Christia-

126 2705 246 2741 num,
275 2701 312 2730 et
337 2696 478 2746 magni
505 2695 668 2733 habitae
693 2703 785 2733 sunt
811 2702 947 2746 gentes
972 2709 1072 2746 quae
1091 2693 1185 2732 huic
1213 2697 1398 2747 religioni
1418 2708 1557 2733 nomen

128 2745 338 2795 dederunt,
367 2765 387 2787 e
408 2751 590 2800 mancis,
621 2753 792 2802 Rus-sis,
823 2750 937 2802 Syria·
962 2758 999 2787 et
1019 2751 1218 2791 Armenia.
1275 2765 1324 2788 ac
1343 2764 1385 2787 eo
1403 2750 1556 2790 redacti

128 2809 223 2840 sunt
249 2810 335 2841 tam
365 2806 539 2845 melioris
563 2814 683 2845 notae
713 2821 836 2859 quam
863 2823 883 2844 e
908 2807 1023 2859 plebe
1051 2807 1302 2858 Megalenses
1329 2807 1482 2858 aliique
1502 2808 1555 2844 ι’ἰε
