1820 3112
403 160 479 203 DE
506 159 842 204 ANDRONICO
872 159 1248 204 PALAEOLOGO
1278 161 1324 205 L.
1351 159 1387 204 Ι.
1555 161 1621 208 85

148 274 224 330 μὲν
246 273 576 330 προσκληθέντες
608 273 647 316 οἱ
675 274 722 316 δὲ
740 273 807 316 καὶ
828 270 1085 328 αὐτόκλητοι.
1159 274 1227 316 καὶ
1255 272 1307 316 τὰ
1327 277 1401 317 τοῦ
1424 272 1619 331 Εὖγενίου

149 339 451 396 καταλαβόντες
474 339 611 396 θήκην
635 342 711 396 μὲν
737 342 888 396 ἐκείνην
915 341 1056 400 πέπλῳ
1084 346 1168 384 τῶν
1191 343 1422 386 καλλίστων
1450 361 1618 399 περικα-

149 409 371 463 λύπτουσι,
405 412 473 453 καὶ
493 412 631 465 χερσὶν
655 410 774 465 ἱερῶν
803 409 966 465 ἀνδρῶν
997 410 1104 452 κατὰ
1134 409 1182 453 τὸ
1209 415 1416 465 προσῆκον
1448 410 1613 455 πιστεῦ-
1639 422 1668 456 Β

149 496 295 529 σαντες
324 477 406 522 ὑπὸ
436 481 544 535 φωσὶ
572 479 764 531 δαψιλέσι
794 479 861 520 καὶ
890 476 1178 531 θυμιάμασιν,
1224 478 1368 531 ὕμνοις
1393 482 1460 522 καὶ
1488 480 1618 538 ᾠδαῖς

116 549 218 590 ὁκαὶ
239 547 511 604 εὔφημισμοΐς
530 553 617 596 τοῖς
634 547 833 602 πρέπουσι
847 579 861 598 ,
898 548 996 603 πεζῇ
1028 548 1094 588 καὶ
1122 545 1258 601 βάδην
1276 547 1323 589 τὸ
1346 547 1450 604 μέγα
1472 551 1539 591 καὶ
1561 549 1617 592 ἴε·

149 616 222 672 ρόν
243 616 408 671 τέμενος
433 620 508 670 τῆς
535 620 611 658 τοῦ
638 619 742 658 θεοῦ
770 616 921 671 σοφίας
947 613 1337 668 καταλαμβάνοι-σι,
1376 618 1443 658 καὶ
1478 619 1620 674 σᾳίσιν

148 683 285 739 ὥσπερ
313 684 454 734 αὐτοῖς
485 685 657 726 οἰκειοῦν
689 683 737 726 τὸ
755 688 838 727 τῶν
851 683 1122 739 Ἀρσενιατῶν
1139 681 1383 737 βουλόμενοι
1402 684 1616 740 σέμνωμα,

148 751 205 803 ὥς
227 754 294 795 καὶ
311 757 386 796 τοῦ
407 750 662 808 πατριάρχου
690 758 898 801 κοινωνοῖς
918 759 1079 808 φανεῖσι
1109 753 1176 794 καὶ
1196 756 1522 809 συλλειτουργοῒς
1542 754 1615 796 ἅν-

146 838 310 876 τικρυς,
346 818 587 864 {maedi-ww
618 821 692 874 μὲν
720 820 795 870 τὰς
826 820 935 874 ἱερὰς
958 821 1168 875 ἐσθῆτας,
1203 820 1307 876 πρὸς
1334 825 1394 880 τῷ
1415 825 1541 865 τελεῖν
1569 824 1616 866 δὲ

94 895 138 929 10
148 889 223 944 τὴν
244 889 355 945 ἱερὰν
376 890 627 944 λειτουργίαν
646 888 759 938 ὅντες
773 921 787 946 ,
822 894 905 931 τῶν
925 887 1166 946 ἀντιφώνων
1187 889 1475 943 ψαλλομένων,
1513 907 1612 934 στο-

146 958 222 1012 λὴν
241 959 306 1000 καὶ
331 957 378 1001 τὸ
400 962 520 1011 σῶμα
538 962 621 1000 τῶν
644 957 761 1013 ἱερῶν
786 955 1074 1007 ἐπενδύσαντες
1090 959 1228 1013 χερσὶν
1251 957 1468 1014 ἀρχιερέων
1484 976 1610 1016 φερο-
1634 970 1667 1005 C

144 1026 255 1084 μένῳ
283 1023 647 1069 συνεισοδεῦουσιν.
719 1023 806 1068 εἶτα
830 1026 935 1082 πρὸς
963 1030 1022 1084 τῷ
1055 1024 1273 1084 συνθρόνῳ
1305 1025 1496 1078 δόξαντες
1525 1030 1613 1070 ἔπι-

145 1092 403 1146 καθιζᾶνειν,
436 1093 490 1137 τὰ
508 1098 581 1148 τῆς
597 1094 708 1149 ἱερᾶς
729 1098 891 1148 τελετῆς
914 1092 1192 1149 συνεπλήρουν
1223 1097 1278 1145 εἷς
1304 1095 1419 1144 τέλος
1439 1096 1518 1151 πρὸ
1540 1101 1615 1152 τῆς

147 1163 258 1217 ἱερᾶς
274 1162 474 1217 τραπέζης
496 1162 699 1221 ἱσταμένῳ
717 1167 776 1221 τῷ
796 1161 971 1216 σώματι.
1040 1164 1232 1206 ἐντεῦθεν
1259 1165 1326 1206 καὶ
1351 1166 1441 1221 περὶ
1471 1164 1524 1207 τὰ
1544 1166 1613 1208 δε-

93 1238 135 1274 15
146 1231 213 1281 ξιοὶ
232 1235 308 1274 τοῦ
329 1229 518 1286 βήματος
537 1235 595 1288 τῷ
618 1223 794 1290 κιβωτίῳ
814 1231 1001 1281 ἐνθέντες
1021 1231 1164 1274 {ordior
1177 1264 1189 1283 ‚
1228 1234 1352 1275 κλεισὶ
1383 1234 1451 1274 καὶ
1473 1249 1613 1290 σφρα-

144 1306 227 1355 γῖσι
244 1299 319 1353 τὴν
353 1301 397 1342 ἐκ
425 1304 508 1342 τῶν
534 1298 800 1351 Ἀρσενιατῶν
842 1298 1020 1355 κλοπήν,
1057 1298 1113 1350 ὥς
1142 1301 1259 1354 ἐνῆν,
1293 1298 1611 1357 φυλαττόμενοι,

145 1369 213 1409 καὶ
243 1369 383 1424 τρίτης
413 1365 587 1423 ἑκάστης
604 1366 836 1422 ἑβδομάδος
860 1368 962 1424 πρὸς
995 1367 1070 1423 τὴν
1088 1372 1172 1411 τῶν
1186 1366 1371 1424 Ὁδηγῶν
1392 1369 1489 1412 κατ’
1511 1369 1613 1420 ἔθος

144 1439 249 1478 λαοῦ
277 1435 590 1492 συντρέχοντος,
621 1436 779 1479 κάκεῖνο
804 1434 1122 1491 ὕπανοιγόμενον
1143 1443 1229 1487 τοῖς
1255 1442 1495 1493 προσιοῦσιν
1513 1437 1608 1481 ἅνε-
1631 1456 1663 1491 1)

144 1520 217 1546 τον
235 1498 299 1558 ἦν.
369 1505 413 1546 ἓν
440 1502 598 1562 ὑστέρῳ
630 1505 676 1546 δὲ
700 1502 838 1563 χρόνῳ
872 1503 899 1560 ἦ
926 1503 1170 1547 Ῥαούλαινα
1199 1503 1609 1562 πρωτοβεστιάρισσα

89 1572 188 1615 Ξοέν
206 1576 259 1630 τῇ
279 1575 353 1615 τοῦ
376 1570 492 1628 ἁγίου
519 1572 711 1630 Ἀνδρέου
739 1578 847 1630 μονῇ
871 1578 946 1616 τοῦ
973 1578 1046 1629 τῆς
1074 1574 1243 1631 κρίσεως
1274 1573 1382 1631 ἱερὸν
1411 1573 1522 1618 οἶκον
1552 1576 1609 1625 εἷς

141 1701 266 1747 partim
286 1702 420 1737 evocati
441 1703 648 1746 nominatim,
670 1703 796 1749 partim
818 1708 939 1750 sponte
962 1708 1191 1739 occurrentes.
1235 1715 1323 1750 quae
1345 1704 1503 1739 universa
1523 1704 1611 1739 mul-

141 1747 253 1782 titudo
283 1749 342 1782 ubi
375 1749 484 1783 locum
517 1750 561 1783 ab
587 1750 742 1794 Eugenio
774 1762 894 1784 nomeu
917 1755 1052 1784 nactum
1075 1751 1210 1795 attigit,
1244 1751 1345 1784 theca
1374 1750 1509 1795 quidem
1539 1762 1609 1796 qua

142 1794 275 1828 Arsenii
295 1794 442 1829 cadaver
462 1795 683 1830 claudebatur
709 1796 784 1830 velo
805 1808 826 1830 e
848 1796 1081 1842 pulcherrimis
1103 1797 1236 1830 delecto
1259 1801 1417 1830 contecta
1438 1801 1502 1830 est.
1534 1800 1607 1830 tum

142 1838 202 1884 qui
221 1841 444 1874 ceremoniam
467 1842 653 1882 curabant,
688 1843 851 1876 feretrum
874 1843 1027 1877 manibus
1050 1854 1222 1876 sacrorum
1245 1842 1413 1875 hominum
1435 1841 1503 1874 rite
1526 1852 1606 1875 con-

142 1885 333 1929 signatum,
355 1886 530 1932 multiplici
560 1888 671 1921 facum
694 1888 816 1922 lumine
838 1899 880 1922 ac
905 1888 1159 1932 thymiamatum
1182 1888 1319 1928 suffitu,
1352 1886 1440 1919 inter
1463 1887 1606 1930 hymno-

141 1941 217 1964 rum
239 1932 514 1978 canticorumque
534 1933 794 1977 modulationes,
823 1934 1187 1978 acclamationibusque
1208 1932 1428 1974 decentibus,
1450 1933 1542 1966 leuto
1567 1937 1605 1966 et

142 1976 240 2020 gravi
260 1988 364 2022 passu
387 1978 432 2011 ad
453 1989 586 2012 sacrum
608 1990 715 2024 usque
736 1981 895 2025 templum
918 1979 974 2013 dei
996 1979 1192 2022 sapientiae,
1216 1977 1496 2023 prosequentibus
1519 1989 1604 2012 cun—

143 2020 228 2062 ctis,
250 2023 500 2066 perduxerunt,
525 2028 699 2067 certante,
722 2030 762 2059 ut
783 2025 992 2070 apparebat,
1027 2036 1091 2070 pro
1114 2036 1153 2058 se
1175 2034 1378 2069 unoquoque
1399 2023 1546 2056 studium
1567 2023 1604 2058 iu

142 2067 333 2100 memoriam
364 2073 534 2113 tamquam
563 2070 638 2103 veri
669 2071 801 2103 demum
830 2072 981 2116 ipsorum
1006 2070 1223 2114 patriarchae
1256 2074 1453 2110 ostentare,
1488 2074 1529 2103 ut
1559 2080 1604 2103 ne

140 2112 226 2157 ipsis
248 2113 381 2157 quidem
402 2113 439 2147 in
462 2115 525 2147 hoc
546 2115 668 2149 cedere
690 2116 886 2150 Arsenianis
907 2115 1018 2149 videri
1039 2115 1175 2148 vellent.
1221 2115 1307 2149 adeo
1329 2114 1398 2159 ipsi
1421 2114 1521 2148 etiam
1544 2114 1602 2160 qui

140 2158 196 2191 vel
217 2157 335 2192 intime
355 2159 569 2204 patriarchae
591 2171 679 2193 nunc
700 2162 878 2194 ecclesiam
898 2161 1030 2204 regenti
1052 2161 1276 2194 adhaererent
1297 2159 1399 2205 eique
1419 2160 1462 2194 ad
1485 2165 1600 2194 nutum

140 2202 357 2246 inservirent,
374 2206 516 2250 sumptis
537 2205 626 2239 ultro
650 2210 757 2240 saeris
778 2207 875 2240 stolis
898 2206 1147 2240 contendebant
1165 2207 1256 2240 inter
1276 2206 1404 2252 primos
1425 2206 1602 2251 cooperari

140 2249 364 2290 venerationi,
386 2250 519 2284 Arsenii
552 2262 650 2285 sacra
670 2252 705 2284 in
734 2252 806 2285 eius
829 2253 987 2286 honorem
1015 2251 1156 2296 liturgia
1186 2252 1253 2286 rite
1284 2252 1506 2293 celebranda;
1541 2251 1602 2297 qui

140 2294 241 2328 etiam
272 2295 351 2329 dum
380 2297 584 2340 antiphonae
610 2303 849 2340 cantarentur,
881 2308 1007 2343 corpus
1035 2298 1107 2332 eius
1129 2304 1253 2332 ornata
1275 2298 1426 2332 indutum
1448 2298 1600 2342 patriar-

142 2340 243 2381 chali,
265 2353 340 2375 cum
361 2343 515 2376 manibus
535 2342 724 2377 antistitum
753 2343 788 2376 in
810 2344 967 2377 thronum
998 2343 1043 2378 ad
1066 2354 1256 2378 consessum
1278 2343 1497 2389 patriarchae
1519 2354 1598 2388 por-

141 2389 295 2428 taretur,
326 2399 367 2422 eo
394 2399 502 2434 usque
524 2389 603 2422 dum
632 2389 712 2422 izluc
743 2392 835 2423 esset
854 2389 984 2422 illatum
1007 2389 1158 2424 comitati
1179 2394 1279 2432 sunt,
1312 2400 1456 2434 moxque
1486 2389 1598 2422 relato

140 2430 220 2466 inde
242 2437 346 2477 atque
367 2440 446 2468 ante
466 2446 598 2468 sacram
620 2446 767 2469 mensam
789 2435 940 2480 reposito
962 2436 1054 2469 iusta
1076 2442 1214 2470 caetera
1234 2434 1402 2476 funebria,
1425 2437 1527 2480 prout
1548 2434 1598 2467 ri-

141 2482 199 2510 tus
220 2480 395 2522 poscebat,
418 2482 652 2524 persolverunt
666 2506 675 2522 ,
697 2481 789 2515 nulla
810 2487 910 2525 parte
932 2481 1140 2516 ceremoniae
1161 2481 1294 2516 omissa.
1341 2484 1411 2514 tum
1435 2480 1517 2513 illud
1540 2490 1597 2512 ar-

142 2523 238 2555 culae
261 2535 283 2558 a
305 2525 433 2558 dextris
466 2526 584 2559 altaris
602 2533 744 2570 paratae
767 2527 942 2569 indentes,
977 2527 1127 2561 clavibus
1161 2539 1234 2561 eam
1256 2526 1446 2571 sigillisque
1468 2524 1598 2558 munie-

142 2571 232 2610 runt,
254 2576 415 2604 caventes
435 2571 568 2605 scilicet
588 2584 631 2605 ne
652 2572 688 2605 id
712 2572 911 2606 Arseniatae
932 2573 1039 2606 furari
1061 2577 1282 2607 attentarent.
1312 2572 1471 2615 deinceps
1494 2581 1596 2615 porro

140 2613 243 2648 tertia
264 2626 400 2661 quaque
431 2617 518 2651 feria
539 2618 686 2652 cuiusvis
706 2619 955 2659 hebdomadae,
987 2619 1031 2652 ad
1062 2619 1312 2653 venerationem
1343 2618 1537 2660 angelorum
1558 2614 1594 2647 in

141 2658 199 2692 via
218 2660 337 2696 salutis
358 2662 639 2708 ducumvpopulo
661 2664 705 2697 de
726 2676 819 2698 more
841 2670 1083 2706 concurrente,
1116 2665 1333 2698 reserabatur
1358 2674 1440 2696 arcu
1461 2659 1597 2704 deposi-

140 2708 213 2737 tum
234 2706 369 2741 Arsenii
390 2708 582 2750 continens,
613 2709 717 2754 idque
749 2710 894 2744 omnium
915 2710 1027 2744 visere
1046 2710 1251 2744 studentium
1275 2708 1392 2741 liberis
1419 2705 1596 2740 obtutibus

142 2751 384 2794 exponebatur.
426 2754 599 2799 aliquanto
628 2761 710 2800 post
737 2759 888 2800 tempore
910 2756 1086 2789 Raulaena
1106 2753 1404 2800 protovestiarissa
1426 2752 1461 2784 in
1484 2749 1597 2784 sancti

141 2795 300 2832 Andreae
320 2800 525 2834 monasterio
546 2811 568 2834 a
597 2800 719 2835 iudicio
748 2801 982 2846 cognominato
1010 2811 1142 2835 sacram
1171 2799 1287 2833 aedem
1315 2796 1481 2842 exquisito
1510 2800 1596 2830 arti-
