1806 3126
170 185 268 231 292
593 181 829 227 GEORGII
862 181 1216 226 PACHYMERIS

122 304 149 338 B
173 296 327 350 νότων,
360 294 465 349 πλὴν
483 293 531 337 οὗ
567 298 732 349 γυμνῶν
752 296 818 338 καὶ
848 291 985 350 μόνων
1008 295 1189 348 ἐκείνων,
1225 294 1331 338 ἀλλὰ
1347 296 1420 339 καί
1433 295 1504 340 τιν’
1533 294 1641 339 ἄλλα

172 363 497 421 συμπλέκοντος,
533 362 603 419 ἔφ’
640 361 703 413 οἷς
728 368 972 420 προσελθεῖν
1002 364 1076 418 μὲν
1096 363 1270 418 βασιλέα
1289 364 1430 420 ἠξίου,
1464 369 1641 422 προσελ-

171 441 262 479 θεῖν
295 433 340 476 δὲ
369 433 438 474 καί
471 448 584 481 τινας
613 436 695 475 τῶν
721 437 795 476 τοῦ
828 430 1008 490 κλήρου,
1057 434 1125 476 καὶ
1156 432 1374 491 ἀρχιερέων
1402 430 1547 477 ὅπόσοι
1572 434 1641 476 καὶ

173 501 332 554 δόξειαν
355 497 630 557 ἀποχρώντως
648 500 770 556 ἔχειν,
809 503 875 544 καὶ
894 499 1041 558 λόγους
1059 505 1302 557 κινηθῆναι,
1341 502 1409 545 καὶ
1429 499 1538 545 οὕτω
1555 517 1642 551 πως

173 569 491 628 θεραπευθέντα
524 569 596 612 τὸν
622 569 905 628 πατριάρχην,
954 572 988 613 εἷ
1015 571 1212 626 ἐγχωροίη
1221 603 1234 624 ,
1272 570 1347 626 τὴν
1379 570 1530 614 οῗκείαν
1550 571 1676 614 δια-5

124 647 154 681 C
180 641 318 683 κονίαν
334 636 663 692 ἀναλαμβάνειν,
701 638 757 690 ὥς
776 639 928 695 ἔλεγεν,
969 641 1002 682 εἲ
1022 639 1066 682 δ’
1090 635 1184 688 οὖν,
1223 638 1330 682 ἀλλὰ
1349 642 1645 694 παραιτεῖσθαι

124 716 156 750 Ι)
181 710 248 752 καὶ
279 707 385 751 καθ’
419 705 592 761 ἡσυχίαν
623 707 670 751 τὸ
702 708 844 752 λοιπὸν
875 708 1079 765 διαφέρειν
1099 713 1174 751 τοῦ
1193 709 1305 763 βίου.
1373 706 1467 767 (9)
1500 705 1646 766 πρώτῃ

171 781 272 835 γοῦν
291 780 543 831 Ληναιῶνος
564 775 644 830 ὀψὲ
662 781 736 830 τῆς
755 777 900 827 νυκτὸς
916 778 1065 832 γίνεται
1082 781 1205 820 τοῦτο
1220 791 1231 802 ·
1267 776 1335 820 διὰ
1363 779 1547 832 σπουδῆς
1565 775 1644 833 γὰρ

174 842 226 901 ἦν
257 849 423 899 βασιλεῖ
450 845 526 900 τῆς
554 846 746 901 μεγίστης
778 847 842 888 ἐπὶ
868 850 928 905 τῷ
959 846 1018 901 μὴ
1046 844 1236 901 τηνικάδε
1260 850 1554 903 παραιτεῖσθαι
1571 844 1644 888 τὸν

176 911 457 970 πατριάρχην,
494 915 562 955 καὶ
590 918 759 965 πολλοῖς
793 913 910 966 δόξαι
946 913 1002 964 ὥς
1036 915 1202 966 οὐδενὸς
1224 913 1347 972 χάριν
1377 914 1506 959 ἄλλον
1524 913 1645 970 ἢτοῦ
1658 921 1702 955 m

175 983 281 1027 κατὰ
302 982 374 1026 τὸν
400 978 556 1038 κράλην
576 981 915 1040 συναλλάγματος
933 981 1227 1041 παρῃτήσατο,
1277 983 1500 1028 κάντεῦθεν
1519 980 1647 1028 σκάν-

177 1054 304 1095 δαλον
340 1054 549 1106 συμβῆναι
583 1051 777 1108 γενέσθαι
810 1059 895 1102 τοῖς
925 1053 1244 1115 τῆςνὲκκλησίας
1274 1050 1499 1109 πράγμασι.
1578 1045 1648 1096 διὰ

123 1128 155 1163 Ε
181 1124 302 1164 τοῦτο
337 1121 404 1162 καὶ
436 1121 552 1162 δυοῖν
583 1119 762 1175 μεταξύ,
808 1126 883 1176 τῆς
909 1138 953 1164 τε
985 1121 1088 1178 πρὸς
1115 1126 1264 1165 τοῦτον
1285 1123 1471 1172 θωπείας
1485 1122 1552 1164 καὶ
1573 1125 1650 1176 τῆς

176 1186 380 1244 δοκούσης
418 1187 531 1247 αὐτῷ
563 1190 861 1246 δικαιολογίας,
910 1191 1214 1248 ἒναποληφθεὶς
1255 1195 1433 1241 συνετῶς
1470 1187 1645 1246 ὑπήγετο

175 1257 281 1315 πρὸς
310 1256 331 1300 ὅ
363 1274 402 1299 τι
434 1259 501 1299 καὶ
529 1255 642 1309 δόξοι
672 1257 919 1316 πατριάρχῃ.
990 1260 1254 1316 παραγίνεται
1283 1263 1501 1316 τοιγαροῦν
1521 1263 1644 1313 βασι-
1659 1259 1700 1296 15

174 1324 289 1378 λεῦς,
349 1326 416 1368 καὶ
447 1332 534 1376 τοῖς
564 1329 654 1384 περὶ
687 1327 759 1371 τὸν
788 1325 1045 1384 πατριάρχην
1083 1329 1332 1384 συγγίνεται·
1376 1324 1479 1384 ἦμεν
1505 1328 1550 1370 δὲ
1580 1328 1650 1370 καὶ

173 1394 291 1451 ἡμεῖς
322 1394 397 1437 σὺν
425 1393 567 1445 ἄλλοις
595 1397 684 1439 ἐκεῖ.
754 1393 846 1439 τότε
875 1398 1128 1447 καθίσαντος
1157 1397 1232 1451 μὲν
1259 1398 1489 1452 βασιλέως,
1530 1413 1649 1441 συνε-

36 1475 64 1509 Ρ
90 1472 157 1508 202
180 1460 442 1523 δριασάντων
472 1464 518 1506 δὲ
542 1465 610 1507 καὶ
635 1469 719 1508 τῶν
748 1465 868 1523 ἱερῶν
897 1464 1083 1524 ἀνδρῶν,
1121 1466 1236 1510 ε’κίνει
1261 1463 1517 1525 πατριάρχης
1546 1464 1649 1523 πρὸς

268 1620 323 1655 10.
347 1615 398 1659 ὥς
419 1618 551 1654 deerat.

176 1748 237 1784 per
268 1735 377 1779 actis,
406 1735 467 1771 sed
497 1745 561 1768 nec
593 1733 694 1768 meris
717 1746 759 1769 ac
789 1735 893 1778 solis,
920 1746 1038 1770 verum
1064 1739 1101 1771 et
1123 1735 1217 1779 aliis,
1252 1747 1342 1783 quae
1364 1737 1473 1782 magis
1494 1735 1651 1770 innueret

175 1795 276 1830 quam
308 1783 400 1817 clare
432 1781 642 1825 designaret.
688 1782 732 1815 ob
764 1793 853 1827 quae
884 1782 1034 1816 addebat
1064 1794 1164 1817 orare
1195 1794 1235 1818 se
1255 1786 1446 1828 Augustum
1476 1793 1519 1816 ne
1542 1781 1589 1816 ad
1611 1791 1650 1815 se

174 1830 293 1864 venire
314 1833 535 1874 gravaretur,
567 1827 761 1862 convocatis
785 1828 901 1862 eodem
925 1828 1124 1874 quibusdam
1148 1841 1168 1862 e
1201 1829 1292 1864 clero
1316 1841 1357 1863 ac
1379 1827 1572 1875 episcopis,
1606 1838 1649 1862 eo

174 1886 314 1910 numero
347 1874 406 1920 qui
428 1873 589 1909 sufficere
618 1873 661 1907 ad
683 1874 807 1907 iustum
831 1873 875 1907 de
899 1876 1001 1908 rebus
1025 1875 1186 1920 gravibus
1208 1885 1427 1920 congressum
1460 1874 1649 1909 videretur.

175 1922 210 1956 in
234 1933 275 1956 eo
299 1927 399 1956 coetu
423 1931 461 1954 se
483 1919 735 1964 propositurum
757 1920 837 1965 quid
862 1920 1006 1954 animum
1029 1925 1147 1955 ureret
1173 1921 1436 1968 prohiberetque
1459 1932 1481 1955 a
1503 1919 1652 1956 functio-

176 1967 275 2002 nibus
299 1979 382 2001 suae
405 1965 603 2010 dignitatum
629 1966 749 2011 quibus
774 1977 813 2000 ex
842 1966 936 2000 ositis
968 1966 998 2000 si
1024 1972 1142 2013 patres
1166 1971 1346 2002 censerent
1369 1966 1590 2002 ministerium
1613 1975 1652 2000 se

176 2013 352 2058 proprium
376 2023 546 2047 resumere
568 2011 707 2054 debere,
725 2012 818 2046 consi
833 2012 875 2046 iis
895 2012 1046 2058 ipsorum
1069 2014 1397 2059 obtemperaturum:
1422 2013 1458 2047 ni
1478 2012 1514 2046 id
1537 2012 1652 2054 fieret,

176 2059 242 2092 iam
266 2070 354 2092 nunc
378 2058 538 2092 abdicare
569 2059 724 2092 thronum
757 2063 794 2092 et
827 2057 863 2092 in
896 2058 1013 2104 quiete
1037 2060 1130 2094 vitae
1151 2059 1318 2106 reliquum
1340 2059 1428 2094 velle
1449 2058 1651 2103 transigere.

178 2105 232 2148 (9)
268 2115 310 2137 ne
333 2104 424 2138 istuc
447 2103 582 2148 quidem
604 2103 811 2138 descendere
842 2104 878 2138 in
911 2115 1005 2149 spem
1035 2106 1192 2151 placandi
1225 2105 1444 2152 patriarchae
1465 2105 1653 2151 imperator

177 2149 370 2192 recusavit;
394 2153 498 2194 atque
521 2150 604 2184 adeo
629 2150 812 2184 Februarii
834 2150 988 2184 kalendis
1010 2152 1115 2186 multa
1136 2156 1237 2187 nocte
1260 2163 1335 2186 cum
1357 2164 1398 2186 eo
1421 2162 1521 2198 quem
1543 2160 1652 2195 popo-

179 2199 295 2230 scerat
318 2195 476 2229 comitatu
500 2199 637 2240 praesto
661 2196 770 2230 adfuit
791 2195 850 2231 ubi
874 2196 903 2230 is
924 2196 1172 2233 diversabatur.
1221 2209 1326 2232 causa
1347 2201 1417 2232 tam
1440 2195 1571 2231 solicite
1589 2195 1653 2228 ob-

179 2240 387 2275 secundandi
421 2241 597 2275 desideriis
631 2242 704 2276 eius
729 2242 916 2276 Andronico
949 2243 1036 2285 fuit,
1070 2244 1161 2290 quod
1193 2243 1325 2278 minime
1346 2242 1491 2278 omnium
1513 2240 1653 2275 volebat

181 2286 425 2320 abdicationem
449 2297 548 2331 quam
573 2287 767 2331 patriarcha
790 2289 1002 2332 minabatur,
1023 2289 1182 2335 imputari
1204 2289 1280 2323 odio
1302 2287 1452 2323 foederis
1472 2298 1495 2322 ι
1516 2297 1555 2321 se
1575 2285 1653 2320 initi

181 2343 256 2366 cum
279 2331 381 2365 orale.
429 2331 620 2366 credituros
642 2333 676 2366 id
701 2334 788 2367 enim
810 2334 910 2368 facile
932 2335 1114 2379 plurimos;
1138 2338 1174 2369 et
1195 2334 1311 2369 statim
1333 2334 1370 2369 in
1391 2334 1514 2368 famam
1537 2333 1653 2367 ahitu-

181 2389 254 2412 rum
292 2381 423 2411 tantam
462 2377 569 2410 fuisse
597 2378 835 2422 indignitatem
869 2380 1049 2415 affinitatis
1079 2382 1121 2415 ab
1153 2380 1359 2426 imperatore
1401 2390 1476 2413 cum
1507 2377 1652 2413 Serbiae

182 2422 337 2470 principe
360 2425 566 2462 contractae,
590 2429 627 2456 ut
649 2435 715 2457 non
738 2425 838 2458 aliam
860 2426 1004 2460 Ioannes
1026 2425 1222 2472 patriarcba
1244 2424 1421 2470 dignitatis
1442 2423 1653 2459 abdicandae

184 2479 321 2504 causam
345 2468 503 2502 babuerit
523 2479 625 2513 quam
648 2474 773 2502 metum
796 2481 839 2503 ne
859 2471 894 2504 in
916 2483 958 2505 ea
979 2471 1230 2516 perseverando
1251 2471 1361 2504 videri
1382 2474 1500 2515 posset
1521 2469 1556 2504 id
1581 2481 1654 2504 ma-

183 2513 374 2549 trimonium
398 2514 562 2559 probasse
585 2517 645 2547 aut
665 2514 845 2549 tolerabile
867 2528 1024 2558 censere;
1053 2528 1096 2551 ex
1118 2527 1186 2562 qua
1208 2515 1365 2562 opinione
1385 2517 1558 2561 ingentem
1581 2515 1653 2550 ori-

185 2563 296 2594 turam
325 2570 438 2594 rerum
472 2559 637 2594 ecclesiae
668 2561 959 2604 perturbationem
983 2562 1197 2607 providebat.
1236 2562 1308 2596 eius
1328 2561 1530 2597 incommodi
1550 2573 1654 2608 prae-

183 2604 342 2640 vertendi
363 2604 474 2640 studio
498 2604 594 2639 adire
621 2605 849 2650 patriarcham
872 2610 1046 2651 Augustus
1075 2606 1218 2648 statuit'‚
1250 2619 1363 2642 coram
1388 2619 1432 2643 ue
1463 2620 1507 2643 ex
1530 2620 1571 2643 eo
1593 2619 1654 2643 ω-

185 2662 351 2697 gnoscere
373 2650 453 2696 quid
474 2650 508 2684 in
532 2662 570 2684 se
593 2650 768 2696 culparet3
799 2651 905 2697 idque
935 2652 1018 2686 fecit
1050 2653 1279 2687 moderatione
1297 2665 1365 2699 qua
1389 2666 1442 2689 am
1465 2653 1578 2689 media
1599 2653 1654 2688 in-

185 2702 242 2732 ter
272 2696 427 2731 humilem
456 2695 689 2731 demissionem
716 2696 918 2732 adulationis
950 2709 1035 2742 erga
1067 2710 1142 2733 eum
1172 2699 1340 2734 obnoxiae
1370 2704 1408 2734 et
1437 2700 1550 2735 iustae
1570 2711 1654 2735 suae

187 2743 393 2778 defensionis
414 2742 571 2776 fiduciam
593 2753 759 2777 securam.
805 2754 919 2778 coram
940 2743 1136 2789 patriarcha
1161 2743 1265 2789 igitur
1295 2749 1395 2780 coetu
1424 2757 1562 2781 suorum
1585 2745 1656 2781 cir-

187 2789 345 2823 cumdato
367 2788 477 2823 adfuit
493 2787 698 2833 imperator:
721 2788 888 2823 adfuimus
911 2794 947 2824 et
969 2801 1030 2824 nos
1052 2790 1174 2824 ibidem
1198 2802 1272 2826 cum
1295 2791 1384 2827 aliis.
1430 2803 1574 2838 moxque
1594 2792 1654 2829 ubi

185 2834 399 2870 consedisset
420 2835 613 2879 Augustus,
633 2834 955 2872 circumsedentibus
976 2835 1066 2871 sacri
1089 2836 1216 2872 ordinis
1237 2836 1346 2882 viris,
1370 2837 1528 2884 exposuit
1545 2837 1654 2884 impe·
