1858 3126
296 147 394 192 588
712 149 946 194 GEORGII
979 152 1326 200 PACHYMERIS

290 258 534 312 χειρίσαιτο“
571 257 592 301 ὃ
626 258 670 302 δ’
700 259 852 317 ἔφασκέ
879 263 919 306 οἱ
950 265 1048 314 τούς
1074 262 1241 319 ἡμίσεας
1260 264 1340 316 ἕξω
1361 283 1440 309 που
1459 271 1637 318 στεῖλαι,
1671 268 1739 309 καὶ

295 326 394 374 τοὺς
420 326 787 383 ἐναποληφθέντας
820 329 972 386 ἐρήμην
1003 331 1328 386 ἅποκτειννύναι,
1360 332 1564 384 κάκείνους
1587 336 1630 377 ἔκ
1649 337 1739 377 δια-

245 398 277 433 D
301 396 435 448 δοχῆς.
504 392 524 437 ὅ
552 396 597 438 δὲ
625 399 767 452 δεῖγμα
799 403 873 441 τοῦ
898 398 1084 443 τοιούτου
1112 399 1254 457 ἀπῄτει
1275 401 1377 456 πρὸς
1398 402 1603 445 πίστωσιν.
1671 403 1739 444 καὶ

294 463 451 515 δέχεται
468 463 518 517 δὴ
540 465 719 520 κεφαλὰς
745 465 903 522 ἀνδρῶν
925 467 1220 519 ἀποσταλείσας
1239 469 1342 525 παρ’
1366 470 1514 512 ἐκείνου
1534 467 1590 518 ὥς
1611 470 1737 523 δῆθεν

294 533 483 584 Περσῶν.
551 534 618 574 καὶ
646 531 851 588 ἠπάτησεν
887 534 961 589 ἄν,
995 538 1029 578 εἷ
1049 534 1106 591 μή
1138 553 1199 586 τις
1216 537 1315 592 γυνὴ
1336 538 1434 591 μίαν
1451 541 1533 579 τῶν
1554 540 1772 593 κεφαλῶνὸ

157 600 185 634 P
208 601 273 638 411
300 597 501 652 ἀριδήλως
518 598 727 654 ἐγνώρισεν
748 608 820 645 τοῦ
840 605 944 646 ἰδίου
958 602 1118 660 ἀνδρός,
1155 606 1196 655 ἐξ
1215 599 1262 659 ἧς
1280 605 1355 655 τὰς
1374 604 1520 654 λοιπὰς
1533 602 1744 658 Ῥωμαίων

292 665 391 709 εἶναι
412 667 516 709 κατὰ
537 667 583 710 τὸ
609 669 712 720 εἰκὸς
728 669 1058 726 ὑποτοπήσαντες
1077 674 1215 726 πείρας
1233 672 1382 728 ἐκείνης
1401 671 1638 727 ἀπέσχοντο.

247 750 275 784 Α
442 736 516 780 13.
581 734 627 779 Ὁ
660 738 798 791 μέντοι
833 757 875 795 γε
898 741 1091 792 βασιλεὺς
1132 745 1235 798 λιμῷ
1267 742 1334 783 καὶ
1360 741 1569 800 πολιορκία
1596 739 1741 782 καὶτὰ

294 801 388 845 κατ’
410 802 612 859 ἀνατολὴν
639 804 816 861 φρούρια
839 813 1187 864 ταλαιπωρεῖσθαι
1215 806 1545 863 πυνθανόμενος,
1579 806 1649 851 τὸν
1667 807 1741 862 μέν

295 871 413 925 λιμὸν
435 872 478 914 ἐκ
493 877 575 915 τῶν
595 873 698 916 κατὰ
719 873 836 918 πόλιν
858 877 1055 931 μεγίστων
1081 876 1215 929 μονῶν
1245 877 1291 919 τὸ
1313 876 1497 932 περιττὸν
1516 880 1598 919 τῶν
1619 876 1742 918 σίτων
1755 887 1799 920 10

296 939 485 996 ἐκλέγων,
523 941 698 985 στέλλων
730 943 826 993 τούς
854 945 1166 998 ὸίακομίσοντας
1191 945 1294 987 κατὰ
1320 943 1563 996 θάλασσαν,
1605 942 1661 994 ὥς
1692 939 1742 998 ἦν

296 1006 536 1063 θεραπεύειν
554 1009 747 1066 ἠπείγετο,
783 1012 855 1065 τὴν
875 1014 918 1054 δὲ
940 1018 1020 1055 τῶν
1042 1012 1236 1067 Tui-ymno
1254 1011 1531 1067 καταδρομήν,
1565 1011 1617 1054 τὰ
1637 1011 1742 1054 αὐτοὶ

297 1081 357 1134 τῷ
385 1075 493 1119 Κάνι
526 1082 608 1120 τῶν
646 1077 845 1135 Τοχάρων
880 1084 1145 1140 Χαρμπαντᾷ
1178 1080 1204 1122 ἃ
1232 1081 1282 1133 δὴ
1302 1083 1367 1122 καὶ
1389 1085 1445 1139 τῷ
1464 1077 1633 1136 Καζάνῃ
1651 1081 1744 1121 δια-

297 1143 636 1199 πρεσβευόμενος,
668 1147 783 1202 ἠξίου
813 1148 919 1190 κατὰ
948 1147 1182 1203 συμμαχίαν
1210 1149 1419 1203 πέμποντα
1442 1147 1620 1203 στρατὸν
1640 1145 1743 1190 ἀνα-

246 1221 277 1254 Β
300 1213 491 1258 στέλλειν.
558 1215 701 1271 μικρὸν
733 1215 855 1268 ὅσον,
909 1218 975 1259 καὶ
1008 1217 1194 1273 πρέσβεις
1224 1217 1376 1260 ἐκεῖθεν
1412 1215 1605 1272 ἀφίκοντο
1615 1247 1629 1267 ,
1674 1215 1742 1258 καὶ
1754 1225 1797 1261 15

300 1280 479 1337 ἀγγελίαι
502 1279 557 1331 ὥς
575 1285 664 1338 περὶ
681 1282 733 1338 μ’
765 1282 953 1339 χιλιάδας
979 1284 1139 1339 ἀνδρῶν
1169 1286 1357 1340 μαχίμων
1383 1284 1462 1340 ἤδη
1485 1280 1744 1338 aea-‘lmenta-

300 1354 491 1405 σθησαν,
528 1344 583 1394 ὧν
603 1352 677 1402 τὰς
706 1350 741 1395 κ’
768 1351 941 1410 φθάσας
962 1351 982 1397 ὁ
1006 1358 1078 1397 τοῦ
1106 1357 1370 1411 Χαρμπαντᾶ
1392 1351 1640 1407 αὐτανέψιος
1661 1349 1745 1407 ἄγει

291 1535 531 1570 persuasurum
562 1538 600 1561 se
632 1527 747 1562 aiebat
778 1528 868 1574 parti
899 1528 1055 1563 dimidiae
1086 1529 1266 1563 Persarum
1291 1532 1330 1563 ut
1351 1527 1417 1563 alio
1439 1527 1594 1568 abirent,
1614 1524 1743 1571 praeda

293 1581 394 1615 quam
417 1571 486 1605 illic
509 1571 694 1617 diriperent
717 1579 872 1616 ostensa,
900 1575 994 1608 cuius
1018 1586 1075 1609 eos
1099 1575 1205 1609 sciret
1228 1573 1456 1609 avidissimum
1478 1573 1518 1607 iis
1539 1573 1590 1607 sic
1612 1572 1744 1615 digres-

294 1616 342 1650 sis
365 1616 398 1650 in
425 1617 578 1651 residuos
606 1630 679 1652 cum
711 1619 782 1652 suis
816 1620 945 1654 cunctis
968 1631 1033 1653 una
1056 1620 1178 1654 iunctis
1200 1619 1334 1654 Latinis
1363 1624 1400 1653 et
1421 1617 1544 1652 Turcis
1563 1617 1744 1671 improviso

296 1662 472 1704 ruiturum,
494 1663 816 1709 interfecturumque
831 1666 920 1699 haud
937 1665 1038 1699 dubie
1051 1665 1243 1706 universos;
1266 1670 1336 1698 turn
1354 1663 1389 1698 in
1401 1663 1485 1698 alios
1498 1663 1574 1697 illos
1588 1662 1744 1696 similiter

297 1712 463 1743 moturum
477 1734 488 1752 ‚
511 1709 653 1754 parique
675 1710 778 1744 exitio
803 1722 931 1755 paucos
952 1722 1015 1744 nec
1036 1711 1211 1756 opinantes
1234 1710 1444 1744 affectorum.
1490 1709 1540 1743 his
1571 1708 1660 1742 ultro
1683 1707 1745 1742 ad-

295 1754 403 1791 debat
424 1765 518 1796 sese,
541 1754 571 1790 si
593 1755 743 1789 Marules
763 1757 885 1798 vellet,
908 1756 943 1791 in
966 1757 1096 1791 arrham
1119 1756 1303 1802 promissae
1323 1766 1447 1802 operae
1468 1753 1534 1788 iam
1555 1765 1643 1788 nnnc
1666 1752 1744 1786 mis—

296 1811 411 1836 surum
435 1800 564 1845 aliquot
586 1800 698 1846 capita
720 1801 898 1836 Persarum
920 1802 1004 1837 clam
1028 1814 1048 1836 a
1070 1814 1108 1836 se
1129 1802 1324 1836 occisorum.
1369 1801 1413 1835 ad
1433 1799 1522 1846 quod
1539 1799 1617 1834 huic
1626 1809 1743 1832 assen-

297 1845 394 1879 tienti
416 1847 518 1892 paulo
547 1850 625 1892 post
656 1847 836 1881 adsuerunt
865 1859 886 1882 a
910 1848 1105 1882 Romoforto
1135 1848 1248 1891 capita
1280 1857 1397 1881 recens
1418 1851 1513 1880 secta
1535 1843 1743 1890 quorundam

299 1891 480 1932 hominum,
501 1903 586 1937 quos
608 1892 674 1938 ipsi
696 1892 802 1927 fuisse
820 1894 943 1928 Persas
955 1894 1176 1936 affirmarent,
1201 1893 1405 1933 afferentem
1430 1902 1497 1936 qua
1515 1889 1628 1936 specie
1645 1889 1744 1925 indu-

298 1943 373 1971 ctus
389 1938 420 1971 iu
436 1939 586 1972 fraudem
603 1938 814 1973 esset'minus
829 1944 947 1974 cautus
960 1940 1028 1973 dux
1050 1944 1174 1980 noster,
1196 1938 1423 1984 pecuniaeque
1438 1937 1601 1972 iacturam
1622 1935 1742 1973 dunno

297 1982 434 2027 insuper
459 1983 575 2018 maiori
598 1995 674 2018 mox
697 1985 739 2018 ab
762 1984 894 2019 insidiis
915 1985 1139 2030 perfidorum,
1171 1984 1350 2028 transfugii
1371 1985 1510 2017 obtentu
1532 1981 1662 2016 cladem
1682 1991 1744 2014 no-

299 2028 353 2061 bis
378 2040 497 2063 novam
521 2029 737 2072 molientium,
761 2030 981 2073 cumulasset,
1010 2031 1072 2065 nisi
1095 2032 1184 2065 forte
1207 2035 1343 2075 reperta
1364 2029 1435 2063 illic
1454 2028 1606 2062 Romana
1627 2026 1747 2060 mulier

299 2083 399 2107 unum
430 2087 450 2108 e
481 2075 649 2119 capitibus
671 2076 782 2110 allatis
814 2076 865 2110 sui
896 2077 961 2111 viri
982 2088 1002 2110 a
1026 2077 1198 2111 Catelanis
1230 2087 1336 2120 nuper
1358 2073 1449 2120 capti
1472 2071 1655 2107 certissimo
1678 2068 1747 2106 sibi

299 2119 472 2163 agnitum,
497 2121 675 2156 eiulatibus
699 2126 818 2156 cuncta
841 2121 1003 2164 miscens,
1034 2134 1110 2156 esse
1132 2123 1319 2162 deieraret3
1345 2121 1432 2154 unde
1455 2118 1646 2163 suspicione
1667 2121 1746 2151 orta

296 2165 427 2209 reliqua
458 2178 591 2211 quoque
623 2167 736 2212 capita
758 2168 981 2202 Romanorum
1010 2179 1086 2202 esse
1108 2169 1261 2214 malaque
1289 2166 1359 2200 fide
1381 2165 1611 2200 Romofortum
1632 2171 1748 2206 agere,

299 2210 477 2245 damnosus
501 2223 574 2245 cum
590 2212 798 2258 deprehenso
821 2214 885 2248 iam
908 2214 1082 2261 proditore
1101 2219 1270 2248 tractatus
1292 2213 1457 2257 abruptus
1478 2212 1543 2244 est.

391 2279 445 2313 13.
493 2281 539 2314 At
558 2279 741 2325 imperator
761 2283 851 2315 fame
883 2286 919 2316 et
947 2281 1120 2316 obsidione
1152 2292 1250 2316 arces
1281 2291 1342 2325 per
1372 2275 1579 2312 Orientalem
1598 2275 1744 2308 metun-

297 2322 454 2357 laborare
475 2325 635 2367 audiens,
659 2327 739 2360 sami
760 2327 892 2372 quidem
915 2339 1112 2362 succurrere
1134 2331 1273 2360 conatus
1287 2328 1340 2359 est
1353 2325 1520 2374 frumento
1530 2330 1634 2365 supra
1647 2329 1745 2352 usum

298 2368 489 2403 abundante
523 2373 745 2405 necessarium
770 2385 789 2405 e
812 2373 960 2407 maximis
982 2373 1169 2417 quibusque
1191 2370 1286 2405 urbis
1309 2366 1525 2403 Monasterils
1553 2367 1745 2408 corrogat),

297 2413 523 2458 ministrisque
547 2417 670 2449 tradito
693 2417 830 2456 idoneis,
855 2418 913 2463 qui
935 2418 1017 2452 illud
1041 2419 1124 2452 mari
1147 2428 1212 2462 quo
1237 2418 1311 2449 erat
1329 2423 1414 2458 opus
1436 2412 1618 2445 deferrent.
1651 2410 1743 2462 Tur·

297 2470 411 2493 corum
444 2471 524 2493 vero
555 2460 776 2495 incursionem
808 2466 966 2497 cofircere
988 2463 1116 2497 studuit
1147 2461 1257 2496 missis
1279 2458 1400 2503 legatis
1422 2457 1465 2491 ad
1488 2466 1612 2490 novum
1635 2454 1743 2507 Canni

296 2504 527 2539 Tocharorum
560 2506 882 2551 Charmpantanem,
913 2508 971 2552 qui
1003 2508 1118 2541 eadem
1150 2518 1171 2541 a
1201 2517 1239 2539 se
1267 2505 1356 2538 illum
1387 2506 1547 2546 rogarent
1567 2511 1655 2546 quae
1677 2510 1743 2534 lam

296 2549 511 2595 impetrasset
533 2551 575 2584 ab
598 2551 715 2597 ⁸ipsius
747 2552 924 2586 decessore
955 2554 1112 2595 Cazane,
1146 2561 1264 2594 nempe
1282 2554 1320 2582 ut
1341 2548 1406 2582 sibi
1428 2547 1582 2582 subditos
1603 2544 1745 2598 populo!

298 2607 341 2630 ac
362 2601 517 2642 satrapas
539 2601 669 2630 vetaret
690 2600 800 2630 terras
822 2597 1037 2642 imperatoris
1060 2598 1284 2631 Romanorum
1306 2594 1372 2628 sibi
1394 2593 1491 2627 amici
1514 2603 1556 2626 ac
1576 2591 1746 2626 foederata

295 2641 465 2676 hostiliter
485 2641 658 2676 infestare.
706 2653 748 2676 ac
767 2642 955 2676 retulerant
977 2642 1075 2687 paulo
1099 2646 1178 2676 ante
1200 2640 1341 2674 reduces
1364 2638 1465 2683 legati
1479 2649 1619 2684 pronum
1639 2647 1678 2671 se
1699 2633 1745 2670 ad

298 2688 507 2722 annuendum
538 2687 714 2733 postulatis
744 2688 910 2733 reperisse
942 2689 1258 2732 Charmpantanem.
1303 2685 1438 2730 iamque
1467 2684 1498 2718 is
1521 2683 1606 2736 adeo
1628 2681 1746 2734 andie-

300 2733 402 2767 batur
423 2733 457 2767 in
479 2744 551 2767 eam
573 2745 644 2768 rem
666 2733 849 2768 exercitum
872 2733 1113 2779 conscripsisse
1134 2744 1201 2766 non
1224 2731 1382 2765 minorem
1404 2730 1629 2776 quadraginta
1649 2725 1746 2760 milli-

299 2778 364 2813 bus
386 2780 646 2815 exercitatorum
677 2779 764 2815 bello
794 2779 955 2822 militum
984 2789 1125 2826 quorum
1155 2777 1277 2824 viginti
1297 2776 1401 2811 millia
1433 2774 1581 2810 eiusdem
1604 2773 1748 2808 Charm-
1774 2809 1780 2816 „
