1820 3112
372 158 448 202 DE
484 156 813 201 ANDRONICO
846 153 1222 199 PALAEOLOGO
1256 154 1304 197 L.
1323 152 1377 198 II.
1521 151 1615 197 155

155 271 327 329 σῦζυγος
346 269 559 328 ἁβροσύνῃ
591 272 658 314 καὶ
683 272 804 328 χλιδῇ
825 266 1035 326 πρεπούσῃ
1054 266 1136 311 ὖπό
1165 273 1423 323 προπομποΐς
1441 283 1486 309 τε
1504 267 1618 309 πλεί-

156 358 270 392 στοις
291 344 358 384 καὶ
378 341 561 390 ὀπαδοῖς.
606 341 688 382 ἐπεὶ
707 340 754 382 δὲ
772 343 824 396 τῇ
843 330 936 398 θείᾳ
957 337 982 393 ἢ
1003 342 1162 391 μᾶλλον
1181 338 1246 379 καὶ
1266 334 1416 393 μάμμῃ
1435 334 1620 391 προσήγ-

156 413 260 467 γιζεν
277 409 331 469 (ἦ
353 411 432 466 γὰρ
462 409 565 465 πρὸς
593 408 751 463 πατρὸς
776 409 925 462 ἐκείνης
950 405 1100 461 μα’μμη
1120 406 1350 459 αὐτανεψία
1368 403 1524 459 ταύτης
1549 399 1615 459 ἦν,

158 479 269 534 εἴπερ
290 479 394 534 αὕτη
423 479 498 533 μὲν
518 479 562 519 ἐκ
596 482 670 519 τοῦ
691 477 871 533 ἀδελφοῦ
899 479 974 518 τοῦ
999 475 1202 528 βασιλέως
1225 475 1292 517 καὶ
1311 474 1386 529 τὴν
1404 471 1522 524 ἀξίαν
1545 490 1613 516 σε-
1636 483 1667 518 Β

125 546 495 604 δβαστοκράτορος
516 547 740 602 ἔγεγέννητο
751 578 765 598 ,
802 543 828 600 ἡ
858 543 902 587 δ’
924 545 1075 598 ἐκείνης
1094 542 1244 597 μάμμη
1269 543 1312 584 ἐκ
1336 543 1518 597 θατέρου
1538 547 1620 585 τῶν

159 617 374 673 ἀδελφῶν,
409 616 435 671 ἢ
457 616 509 670 δὴ
538 617 604 658 καὶ
623 619 683 672 τῷ
703 615 1062 670 πρωτοβεστιαρίῳ
1084 610 1251 670 συνῴκει
1272 617 1331 670 τῷ
1347 610 1492 654 ‘Poma-7.
1509 611 1622 654 Ἀλε-

160 684 260 743 ξίῳ)
272 718 285 738 ,
317 686 399 728 ἐπεὶ
423 689 521 740 γοῦν
548 680 865 739 προσεγγιζούσῃ
893 681 972 724 ἔδει
994 682 1070 737 τὴν
1091 686 1221 737 γραῦν
1240 681 1451 735 καθέδρας
1470 678 1622 730 ὖπεξα-

158 755 383 797 νίστασθαι
411 753 517 795 κατὰ
544 752 590 795 τὸ
611 756 818 808 προσῆκον
847 751 898 793 τὰ
922 754 1125 806 δευτερεῖα
1154 749 1256 805 πρὸς
1272 749 1348 804 τὴν
1368 749 1622 804 Αὐγοῦσταν

161 820 367 880 φερούσῃ,
405 823 531 876 ε’κείνη
561 825 684 863 τοῦτο
716 822 791 874 μέν
815 818 921 879 γήρᾳ
949 825 1073 862 τοῦτο
1096 820 1141 862 δὲ
1158 821 1224 861 καὶ
1247 817 1303 868 ὦς
1335 821 1465 872 δῆθεν
1487 818 1619 869 παιδί,

105 896 150 931 10
161 893 228 934 καὶ
257 890 421 947 ἶκγόνης
438 887 812 946 καταφρονήσασα,
846 889 940 931 οὐδ’
963 889 1081 944 ἴκταρ
1110 887 1409 938 ὑπεξανίστατο
1422 920 1435 940 ,
1468 903 1623 941 παραι-

159 961 368 1015 τησαμένη
388 960 492 1014 πρὸς
521 960 672 1014 ἐκείνην
701 956 830 1013 μόνον
859 960 927 1000 καὶ
954 963 1083 1012 γῆρας
1114 958 1426 1012 προβαλλομένη
1458 957 1525 998 καὶ
1543 954 1621 1010 τὴν

159 1033 235 1071 τοῦ
263 1026 398 1084 γήρως
427 1027 658 1071 ἀσθένειαν.
725 1025 1042 1082 ὖβριοπαπαθεῖ
1070 1043 1114 1069 τε
1151 1025 1365 1079 παρευθῦς
1395 1026 1521 1078 ε’κείνη
1551 1025 1618 1066 καὶ
1642 1028 1672 1062 C

161 1095 392 1146 ἀκάθεκτος
421 1091 472 1150 ἦν
499 1096 574 1150 τὴν
603 1094 752 1152 ὀργήν,
800 1097 836 1138 εῗ
859 1097 1062 1148 βασιλέως
1088 1090 1193 1138 σι’-σα
1219 1092 1359 1151 νύμφη
1387 1096 1453 1136 καὶ
1474 1092 1627 1147 ἀνδρὸς

160 1163 262 1220 ὗπὲρ
281 1163 482 1215 δεσπότας
500 1163 672 1220 σῦζυγος
698 1165 816 1207 οὐδὲν
835 1169 917 1206 τῶν
939 1164 1062 1214 ἀξίων
1080 1163 1331 1219 ἐπιτυγχάνει
1359 1163 1471 1218 παρὰ
1494 1177 1626 1217 προσ-

108 1238 152 1273 15
163 1238 304 1290 γενοῦς
333 1236 406 1288 μὲν
435 1235 658 1288 βασιλέως,
696 1232 801 1275 ἄλλά
830 1250 872 1288 γε
892 1235 959 1275 καὶ
982 1230 1185 1283 ἰδιώτιδος
1207 1231 1471 1287 νομιζομένης
1488 1232 1532 1273 ἐκ
1551 1234 1627 1272 τοῦ

159 1302 232 1345 τὸν
256 1304 406 1358 ἐκείνης
421 1301 591 1357 σύζυγον
618 1305 747 1354 ζῶντα
768 1301 943 1356 μηδενὸς
971 1303 1157 1355 ἐπιβῆναι
1178 1300 1424 1355 ἀξιώματος.
1493 1299 1629 1354 τρέπει

159 1388 204 1414 τε
238 1371 314 1426 τὴν
346 1371 469 1428 ὀργὴν
503 1373 558 1420 εἷς
585 1369 736 1425 λύπην,
785 1372 851 1413 καὶ
885 1375 1116 1423 κλαυθμοῖς
1142 1388 1186 1413 τε
1206 1372 1272 1412 καὶ
1295 1370 1490 1422 ὀδυρμοῖς
1508 1368 1630 1423 ἀφω-

161 1444 302 1482 σιοῦτο
337 1440 412 1496 τὴν
441 1437 740 1482 δεινοπάθειαν.
809 1443 932 1481 τοῦτο
958 1439 1118 1495 γεγονὸς
1137 1440 1209 1482 τόν
1227 1440 1378 1493 ἐκείνης
1397 1437 1471 1480 οὐκ
1500 1436 1630 1479 ἔλαθε

163 1506 348 1565 σύζυγον.
418 1506 440 1552 ὅ
461 1510 505 1551 δὲ
536 1507 751 1565 φιλότιμος
783 1507 839 1550 ὢν
866 1509 933 1550 καὶ
960 1507 1087 1559 αὐτός
1094 1541 1108 1562 ,
1147 1507 1206 1551 ἔτι
1222 1509 1279 1570 ,δὲ
1303 1509 1372 1550 καὶ
1395 1506 1492 1557 τούς
1515 1509 1627 1562 λογι-
1649 1505 1682 1540 D

254 1663 310 1700 15.
333 1664 528 1710 ἰδιότητος
549 1665 590 1699 Ρ.

163 1800 292 1847 geniti,
325 1805 459 1847 comptu
496 1805 734 1848 apparatuque
770 1802 964 1840 deliciarum
996 1815 1040 1837 ac
1073 1813 1198 1848 pompa
1228 1805 1366 1836 caetera
1395 1801 1626 1846 praestantem

164 1848 238 1882 eius
261 1848 402 1883 decente
424 1849 632 1892 dignitatem,
656 1850 760 1883 inuito
783 1849 1083 1889 anteambulonnm‚
1107 1849 1210 1882 multo
1233 1848 1387 1882 comitum
1411 1857 1474 1879 nec
1496 1843 1626 1877 minore

164 1893 368 1929 asseclarum
391 1894 528 1929 ambitu.
573 1896 631 1929 ubi
652 1907 735 1929 vero
759 1907 802 1929 ea
822 1907 930 1940 prope
953 1895 995 1929 ad
1019 1899 1236 1928 materteram
1261 1899 1320 1927 aut
1341 1891 1454 1938 potius
1477 1890 1520 1924 ad
1545 1900 1625 1934 ρω-

164 1942 274 1973 aviam
297 1941 442 1974 accessit
474 1941 570 1983 (nam
599 1941 697 1975 huius
729 1942 806 1975 avia
828 1947 973 1987 paterna
995 1940 1294 1985 Strategopulinae
1315 1937 1429 1983 neptis
1451 1948 1494 1971 ex
1516 1937 1627 1970 fratre

163 1985 300 2026 fuerat,
333 1997 531 2032 quamquam
562 1986 648 2021 haec
677 1988 809 2032 quidem
839 1998 882 2021 ex
903 1989 1012 2021 fratre
1042 1986 1259 2031 imperatoris
1281 1985 1448 2029 dignitate
1470 1982 1628 2016 sebasto-

165 2035 301 2065 cratore
323 2036 398 2065 erat
419 2033 554 2074 genita,
579 2033 651 2066 eius
673 2045 754 2066 vero
777 2034 872 2074 avia,
894 2044 982 2076 quae
1005 2033 1069 2065 fuit
1092 2032 1212 2065 coniux
1235 2027 1487 2077 protovestiarii
1509 2026 1629 2062 Baulis

164 2076 289 2118 alexii,
312 2088 354 2110 ex
376 2077 480 2122 ipsius
503 2078 612 2111 altero
634 2079 809 2122 germano)
830 2100 878 2105 —-
899 2077 1031 2123 quando
1054 2077 1160 2121 igitur
1183 2076 1373 2111 admoventi
1398 2076 1464 2110 iam
1488 2086 1526 2108 se
1547 2085 1629 2119 pro—

165 2123 255 2157 xime
287 2122 430 2157 fratriae
458 2123 671 2167 imperatoris
694 2125 839 2158 vetulam
863 2136 883 2158 e
906 2124 988 2157 sella
1011 2124 1191 2166 oportebat
1213 2134 1415 2167 assurgere,
1446 2121 1562 2155 debito
1596 2118 1631 2153 ei

163 2168 291 2204 honore
317 2180 405 2214 quae
428 2169 610 2202 secundum
635 2170 678 2203 ab
703 2171 855 2214 Augusta
887 2169 1058 2203 obtineret
1091 2168 1266 2212 dignitatis
1300 2169 1426 2211 locum,
1457 2167 1516 2201 illa
1547 2176 1631 2200 suae

165 2215 375 2250 auctoritate
398 2215 540 2248 subnixa
563 2215 758 2256 senectutis,
781 2221 816 2249 et
839 2226 950 2248 coram
974 2216 1097 2248 femina
1120 2219 1358 2260 praeterquam
1379 2218 1477 2248 tanto
1499 2210 1632 2253 iuniori,

165 2261 265 2295 etiam
289 2261 386 2306 quasi
410 2266 560 2294 materno
586 2260 650 2294 sibi
673 2260 747 2294 iure
769 2260 935 2303 obnoxia,
967 2261 1095 2306 quippe
1117 2261 1228 2306 neptis
1258 2272 1341 2295 suae
1363 2260 1454 2302 filia,
1485 2259 1570 2293 adeo
1595 2268 1633 2290 se

165 2306 346 2341 demittere
368 2317 657 2351 supervacaneum
681 2317 744 2339 nec
766 2318 803 2340 se
826 2306 961 2350 dignum
984 2306 1130 2350 ducenS,
1161 2318 1204 2340 ne
1226 2307 1393 2342 minimum
1417 2305 1551 2352 quidem
1574 2313 1632 2336 as—

165 2353 331 2394 surrexit,
366 2353 615 2386 inverisimilem
648 2352 774 2396 frigide
806 2351 956 2395 allegans
986 2352 1236 2387 excusationem
1270 2352 1502 2392 infirmitatis,
1534 2348 1633 2396 quasi

166 2398 248 2432 eniti
279 2399 452 2444 paulisper
484 2399 526 2432 ad
559 2398 658 2432 istam
687 2398 914 2432 venerationis
945 2398 1183 2433 exhibitionem
1213 2411 1298 2445 prae
1331 2399 1511 2433 debilitate
1544 2393 1631 2429 senii

165 2444 335 2489 nequiret.
380 2445 458 2478 tulit
479 2443 767 2489 impatientissime
790 2444 879 2478 haud
903 2448 1040 2479 assueta
1063 2445 1268 2491 contemptui
1290 2445 1407 2479 mulier
1429 2455 1503 2478 eam
1525 2451 1633 2484 nega-

166 2489 293 2524 tionem
317 2490 445 2524 deferri
468 2491 534 2524 sibi
558 2490 677 2524 solitae
699 2490 930 2533 reverentiae,
954 2491 1095 2536 iraeque
1116 2502 1238 2536 magno
1260 2497 1357 2526 aestu
1380 2493 1544 2525 commota
1567 2490 1635 2527 est,

165 2534 347 2579 indignans
378 2547 416 2570 se
446 2548 562 2571 nurum
602 2536 836 2582 imperatoris,
876 2536 946 2569 viri
975 2547 1114 2571 uxorem
1151 2538 1312 2584 despotas
1344 2537 1436 2584 ipsos
1466 2531 1633 2579 dignitate

166 2581 424 2626 praecellentis,
457 2582 536 2616 nihil
562 2594 704 2626 aequum
725 2582 908 2627 impetrare
931 2593 953 2616 a
974 2586 1130 2618 matrona
1157 2590 1302 2628 cognata
1324 2583 1459 2630 quidem
1482 2581 1634 2625 impera·—

165 2626 274 2667 toris,
298 2633 468 2662 caeterum
492 2629 573 2662 nihii
597 2639 700 2672 supra
724 2629 891 2672 privatam
916 2628 1134 2664 conditionem
1158 2629 1345 2671 eminente,
1368 2629 1458 2675 quod
1480 2626 1536 2659 vir
1560 2624 1633 2658 eius

166 2671 245 2706 dum
268 2672 404 2707 viveret
426 2674 469 2708 ad
492 2675 614 2708 nullius
637 2674 809 2718 fastigium
833 2674 1007 2718 dignitatis
1033 2675 1244 2710 ascenderat.
1288 2687 1365 2710 mox
1397 2671 1573 2708 iracundia
1596 2669 1633 2703 in

166 2717 414 2762 aegritudinem
439 2724 658 2761 transeunte,
682 2719 829 2764 querelis
864 2724 900 2754 et
921 2720 1111 2766 pianotibus
1143 2722 1291 2756 dolorem
1314 2733 1409 2756 suum
1432 2715 1632 2752 declaravit.

166 2773 235 2817 non
255 2762 356 2798 latuit
376 2764 414 2798 id
445 2765 534 2811 quod
565 2765 737 2800 acciderat
767 2765 877 2799 virum
908 2765 1038 2812 ipsius,
1069 2767 1130 2813 qui
1151 2770 1291 2813 praeter
1313 2766 1527 2801 ambitionem
1550 2773 1632 2808 pro·

166 2818 276 2854 ιιι-ιω
297 2808 453 2846 lamentis
472 2811 575 2847 etiam
595 2810 716 2847 uxoris
736 2810 963 2849 inflammatus
981 2812 1019 2849 in
1037 2812 1242 2851 desiderium
1262 2811 1414 2854 ultionis,
1436 2809 1554 2846 modos
1575 2819 1632 2845 se-
