1858 3126
475 151 578 196 LIB.
604 150 680 198 ΠΙ.
746 151 1226 197 CHRONOLOGICUS.
1482 155 1580 201 819

141 259 265 299 Baiae
285 259 327 298 in
354 272 457 298 anno
489 256 653 310 Hegirae
677 260 760 302 680
784 258 1052 310 clauderetur,
1081 261 1266 311 quonism
1283 258 1317 298 is
1334 272 1460 300 annus
1476 275 1498 299 a
1520 266 1575 305 22

140 313 288 367 Aprilis
321 315 413 353 anni
441 311 533 353 Chr.
565 318 666 357 1281
695 313 898 354 inchoatus
912 329 1035 367 nsque
1052 316 1102 354 ad
1128 319 1179 359 10
1197 315 1345 368 Aprilis
1366 317 1460 356 anni
1479 317 1571 359 chr.

143 374 252 414 1282
273 370 543 422 protenditur:
574 369 815 410 Dhul-Hais
833 384 926 410 vero
948 372 1111 410 ultimus
1134 371 1277 411 mensis
1307 373 1399 411 anni
1418 373 1573 413 Arabici

138 426 280 476 viginti
307 439 447 464 novem
469 432 687 477 postremos
712 427 794 464 eius
813 427 905 465 anni
924 426 1007 466 dies
1029 427 1227 473 continet,
1265 428 1331 479 qui
1351 442 1442 467 cum
1460 435 1570 468 retro

142 481 333 519 numerati
353 495 374 518 a
393 484 447 522 10
466 480 611 532 Aprilis
629 481 679 520 ad
702 484 752 525 18
773 482 902 521 Martii
919 482 1171 534 perveniant,
1199 483 1253 522 ibi
1284 483 1462 535 defigunt
1479 498 1574 524 neo-

138 537 304 575 meniam
325 535 594 576 obul-Hane.
650 536 760 587 prior
788 537 908 589 igitur
932 537 1135 577 character
1161 539 1365 578 manifeste
1385 541 1574 592 competit

58 582 61 585 ”
138 605 242 630 anno
263 590 423 642 Hegirae
442 594 538 635 680.
595 604 668 630 nec
690 592 817 632 minus
835 593 1035 632 evidenter
1051 594 1243 645 posterior
1263 594 1385 634 eidem
1404 596 1573 648 adapta-

138 654 218 686 tur.
263 661 354 685 nam
373 647 578 686 vicesimus
594 661 719 686 nonus
739 648 821 687 dies
839 649 983 699 Martii,
1010 663 1123 700 quem
1142 650 1261 689 fuisse
1279 651 1382 689 diem
1401 650 1574 690 Paschae

136 703 377 741 ostendimus
392 702 435 741 in
456 716 558 741 anno
569 702 711 741 Christi
728 706 846 751 1282,
865 704 942 743 suit
959 705 1176 744 necessario
1194 705 1365 745 decimus
1380 707 1572 759 septimun

138 756 399 796 Dhul-Haiae
424 758 565 796 mensis
592 759 764 808 Arabici,
794 760 983 811 siquidem
1010 761 1044 798 is
1062 761 1233 813 incepit,
1260 768 1306 800 ut
1323 767 1381 800 est
1401 762 1565 814 dictum,
1587 769 1616 802 P
1638 769 1702 804 594

138 827 159 851 a
175 813 238 852 die
263 816 312 855 13
336 813 479 854 Martii.
533 827 653 865 porro
681 814 730 852 ad
746 815 846 852 diem
874 818 928 858 29
947 815 1098 863 Martii,
1127 829 1227 867 quae
1251 817 1422 856 Paschae
1438 818 1566 857 domi-

135 868 225 907 nica
246 869 344 916 fuit,
372 869 406 906 si
423 874 501 907 tres
520 869 634 908 serias
658 870 867 920 adiungas,
894 871 1104 909 secundam
1126 872 1280 911 tertiam
1306 879 1346 911 et
1372 881 1567 926 quartam,

134 924 239 962 hanc
266 924 441 976 profecto
469 924 646 963 ultimam
671 925 843 965 residere
872 925 1137 977 deprehendes
1155 927 1197 964 in
1216 927 1393 967 kalendis
1417 930 1568 982 Aprilis

136 979 298 1028 Iuliani,
326 980 367 1018 in
389 993 484 1030 quas
507 980 650 1018 incidit
665 981 872 1019 vicesimus
890 981 971 1019 dies
993 981 1149 1020 Arabici
1170 981 1428 1023 Dhul-Haiae.
1468 999 1563 1036 ergo

135 1034 346 1073 vicesimus
370 1033 636 1074 Dhul-Haiae
661 1050 763 1074 anno
784 1036 950 1087 Hegirae
968 1038 1049 1078 680
1079 1037 1155 1075 suit
1178 1037 1259 1076 dies
1281 1039 1464 1078 Mercurii
1482 1042 1567 1078 sive

135 1096 274 1143 quarta
293 1089 411 1140 feria5
440 1090 508 1140 qui
528 1097 610 1129 erat
635 1091 832 1130 secundus
856 1091 1157 1142 chronologicus
1186 1092 1388 1133 character
1406 1109 1565 1144 annum,

135 1159 215 1197 quo
242 1151 300 1184 est
328 1145 461 1184 Abaka
486 1152 689 1197 mortuus,
725 1146 948 1198 insigniens.
1004 1160 1126 1198 quare
1152 1146 1260 1187 hunc
1287 1148 1567 1201 imperatorem

132 1201 417 1252 Megulensium
439 1215 518 1238 non
537 1215 639 1240 anno
656 1202 819 1253 Hegirae
838 1205 933 1250 681,
963 1209 1008 1240 ut
1028 1216 1233 1255 perperam
1251 1203 1295 1242 in
1314 1204 1565 1257 Abulphara-

132 1256 186 1307 gii
217 1255 410 1296 Chronico
438 1257 641 1305 scribitur,
686 1258 756 1297 sed
782 1257 1029 1309 praecedenti
1059 1258 1222 1309 Hegirae
1250 1261 1333 1302 680
1355 1260 1493 1300 vivere
1516 1275 1564 1298 ac

130 1325 292 1362 regnare
322 1310 478 1350 desiisse
508 1312 719 1351 tenendum
744 1326 819 1364 pro
855 1319 962 1350 certo
989 1319 1061 1355 est.
1116 1314 1220 1352 unde
1250 1328 1348 1366 quae
1377 1316 1562 1367 proxime

132 1366 382 1406 antecessisse
396 1367 480 1404 illic
500 1367 688 1407 dicuntur
714 1369 796 1406 eius
825 1368 975 1406 obitum
995 1368 1262 1419 expeditiones
1281 1370 1564 1421 Mogulensium

130 1421 173 1460 in
191 1422 344 1474 Syriam
362 1421 480 1471 duae,
509 1423 566 1461 sic
587 1423 855 1463 verisimiliter
873 1423 1111 1462 ordinandae
1132 1431 1237 1474 sunt,
1266 1432 1312 1464 ut
1334 1426 1445 1477 prior
1464 1426 1564 1464 duce

130 1476 350 1528 Kungortai
377 1483 513 1529 coepta
545 1492 666 1517 verno
690 1485 864 1531 tempore
890 1479 983 1517 anni
1006 1478 1170 1529 Hegirae
1199 1481 1281 1522 679
1314 1479 1443 1520 hieme
1466 1482 1561 1519 anni

129 1532 300 1572 eiusdem
315 1533 558 1573 terminetur.
581 1540 719 1586 postea
737 1547 829 1573 vere
847 1533 940 1572 anni
959 1535 1154 1585 sequentis
1175 1534 1338 1586 Hegirae
1350 1538 1445 1585 680,
1458 1549 1560 1574 nun-

129 1589 225 1627 tiata
239 1601 341 1628 nova
356 1590 548 1640 Syrorum
567 1589 795 1640 defectione,
810 1603 856 1628 eo
867 1590 1011 1640 Munga
1020 1589 1201 1629 Timui-us
1213 1590 1395 1629 minimus
1404 1591 1561 1630 Abakae

128 1644 252 1683 frater
271 1657 359 1683 cum
379 1645 554 1683 exercitu
575 1645 859 1696 Mogulensium
883 1645 1170 1696 quinquaginta
1186 1645 1353 1684 millium
1374 1647 1559 1695 moverit,

127 1699 273 1738 habens
305 1705 503 1751 praeterea
525 1714 657 1740 secum
686 1700 845 1740 sociales
875 1702 1131 1739 Armenorum
1161 1700 1292 1753 copias
1306 1728 1320 1749 ,
1360 1712 1451 1751 rege
1470 1700 1559 1752 ipso

127 1754 332 1793 Armeniae
345 1754 540 1794 ductante.
595 1755 639 1795 hi
665 1756 782 1795 simul
810 1770 942 1795 omnes
963 1769 1052 1794 cum
1072 1756 1181 1807 Syris
1208 1762 1247 1795 et
1266 1756 1464 1806 Aegyptiis
1483 1756 1560 1793 du-

126 1809 193 1848 bio
226 1810 348 1847 Marte
374 1810 478 1848 inter
505 1811 666 1849 Hamam
692 1819 733 1850 et
746 1811 947 1850 Hemesam
970 1811 1246 1849 conflixerunt.
1300 1809 1392 1847 inde
1411 1809 1556 1860 Munga

127 1863 311 1902 Timui-us
332 1877 372 1902 se
391 1864 442 1902 ad
468 1865 641 1904 Abakam
670 1867 861 1917 recipiens
891 1879 982 1903 cum
1006 1866 1049 1903 in
1080 1863 1396 1916 Mesopotamiam
1413 1877 1555 1916 perve-

127 1919 274 1967 nisset,
299 1918 355 1956 ibi
378 1932 427 1956 ex
454 1932 605 1958 veneno
634 1933 706 1971 per
731 1921 908 1958 fraudem
939 1921 1149 1971 propinato
1180 1920 1224 1956 in
1249 1918 1388 1956 itinere
1415 1932 1555 1958 versus

126 1974 278 2012 Nisibin
295 1974 490 2012 extinctus
507 1981 586 2023 est,
617 1975 838 2013 eorumdem
855 1974 1038 2012 videlicet
1063 1973 1217 2012 insidiis
1236 1973 1304 2024 qui
1324 1987 1406 2011 non
1425 1974 1554 2011 multo

126 2035 217 2082 post
249 2029 420 2067 Abakam
446 2029 575 2080 ipsum
603 2029 689 2080 pari
708 2030 854 2068 scelere
873 2042 920 2066 ac
938 2029 1030 2067 dolo
1051 2034 1319 2080 peremerunt:
1346 2041 1437 2067 nam
1455 2027 1551 2068 effe-

126 2091 213 2123 ctus
229 2090 308 2122 tam
322 2084 465 2135 gemini
483 2090 590 2122 recte
604 2084 672 2122 uni
692 2090 730 2122 et
748 2084 873 2123 eidem
895 2084 1136 2135 imputentur
1154 2097 1303 2132 causae,
1331 2083 1423 2123 odio
1448 2097 1551 2135 quo-

124 2139 305 2180 rumdam
329 2139 678 2178 coniuratorumin
695 2139 849 2177 Abakae
866 2139 1039 2179 domum.
1094 2145 1134 2177 at
1165 2139 1214 2177 de
1244 2138 1307 2177 his
1333 2152 1408 2191 pro
1430 2139 1552 2177 insti-

123 2202 210 2235 tuto
227 2196 319 2248 plus
337 2194 442 2234 satis.

234 2250 321 2289 XV.
376 2249 532 2288 Ahakae
565 2254 720 2287 mortuo
746 2247 933 2286 successit
955 2247 1037 2286 eius
1066 2248 1273 2288 insidiator
1296 2245 1488 2287 Ahmedes
1509 2253 1550 2286 et

123 2305 207 2358 ipse
231 2305 335 2344 filius
366 2305 544 2353 Hulacu,
580 2304 648 2342 sed
680 2303 753 2341 alia
782 2310 904 2341 matre
931 2309 1065 2351 natus,
1102 2317 1152 2343 ex
1177 2319 1253 2356 qua
1279 2311 1549 2356 praeterquam

123 2362 372 2400 novercalem
389 2361 431 2398 in
460 2359 629 2399 Abakam
649 2359 820 2397 animum
846 2356 999 2397 trahere
1019 2359 1171 2410 potuit,
1199 2360 1315 2398 etiam
1337 2356 1548 2398 instinctus

123 2417 279 2456 videtur
298 2417 348 2454 ad
363 2416 526 2454 eundem
545 2414 715 2453 Abakam
735 2413 978 2465 perdendum
997 2414 1088 2452 odio
1114 2413 1353 2453 Christianae
1377 2413 1547 2464 religio-

123 2471 206 2520 nis,
234 2472 344 2511 cuius
367 2473 558 2510 cultorem
576 2471 694 2509 fuisse
714 2469 885 2508 Abakam
914 2468 1017 2507 clare
1040 2469 1206 2508 affirmat
1223 2467 1546 2520 Abulpharagius,

125 2527 217 2565 dum
242 2541 326 2566 enm
348 2528 558 2565 celebrasse
574 2527 717 2565 festum
738 2524 904 2563 Paschae
927 2537 1007 2562 una
1034 2538 1122 2563 cum
1150 2523 1379 2564 Christianis
1396 2523 1545 2563 scribit.

122 2580 239 2620 huius
265 2582 448 2620 Ahmedis
476 2588 560 2620 acta
585 2581 827 2634 principatus
856 2578 984 2618 omnia
1010 2579 1238 2630 rediguntur
1251 2580 1294 2617 in
1311 2592 1428 2617 unam
1447 2591 1545 2629 pro-

123 2636 244 2674 lixam
270 2637 471 2688 epistolam
498 2637 542 2675 in
567 2636 943 2675 commendationem
971 2633 1157 2674 Alcorani
1181 2641 1220 2673 et
1255 2633 1544 2686 superstitionis

124 2690 398 2732 mahometicae
424 2692 475 2730 ad
499 2692 700 2731 Sultanem
724 2691 892 2743 Aegypti
917 2689 1123 2742 scriptam,
1159 2703 1275 2740 quam
1294 2687 1543 2740 Abulphara-

124 2745 209 2795 gius
234 2746 394 2797 recitat,
429 2747 618 2786 continuo
648 2748 818 2787 referens
854 2746 1119 2796 indulgentem
1154 2743 1364 2784 Ahmedem
1394 2743 1544 2785 dudum
