1858 3126
391 135 467 178 DE
494 131 828 177 ANDRONICO
862 128 1238 174 PALAEOLOGO
1272 131 1317 174 L.
1345 130 1423 174 IV.
1545 131 1643 176 317

166 260 283 306 ’ψἀς,
329 249 483 292 ἐκεῖθεν
522 246 566 290 δὲ
604 245 681 296 τὰς
712 249 795 288 τῶν
826 244 992 300 ἐχθρῶν
1021 242 1219 295 ὖπονοίας
1244 242 1636 302 παραλογισάμενος.

165 319 273 363 ’ὅθεν
305 320 373 361 καὶ
400 315 482 360 ὑπὸ
506 316 621 358 νυκτὶ
648 315 716 357 καὶ
743 317 910 369 χειμῶνι
939 313 1095 355 ἐκεῖθεν
1125 313 1341 371 ἀναχωρεῖ.
1411 314 1507 357 ἀλλ’
1541 315 1636 358 οὕτε

168 388 269 438 τούς
296 387 425 436 {along
451 384 589 439 ἔμελλε
613 381 750 439 λήσειν
777 385 835 433 εἷς
864 381 1002 437 τέλος,
1030 381 1124 425 οὔτε
1149 383 1233 437 μὴν
1264 383 1362 434 τούς
1392 383 1572 441 ε’χθροῦς
1597 385 1640 427 ἐν

170 460 363 499 παντελεῖ
377 457 632 507 καταστῆσαι
650 451 791 511 ἀγνοίᾳ
810 454 982 494 τοιαῦτα
1002 457 1130 494 ποιεῖν
1154 449 1421 507 βουλόμενος.
1484 458 1639 509 χρᾶται

137 530 272 582 ὄγοῦν
304 518 373 567 διὰ
402 523 477 578 μὲν
508 521 606 572 τοὺς
632 521 762 570 ι’δΙους
787 521 924 572 νυκτί,
959 519 1028 562 διὰ
1056 521 1102 562 δὲ
1128 520 1226 571 τοὺς
1251 522 1430 578 ἕχθροῧς
1450 527 1633 577 χειμῶνι,
1658 527 1691 563 D

171 593 281 638 οὕτω
309 588 527 645 ξυμπεσόν.
597 589 687 634 ὅσοι
716 593 932 645 τοιγαροῦν
954 587 1124 641 εἶ”ζωνοί
1137 607 1180 633 τε
1202 591 1270 632 καὶ
1292 590 1395 646 πρὸς
1413 591 1461 634 τὸ
1479 590 1639 648 φεῦγειν

169 659 595 719 προητοιμάσθησαν,
630 656 723 702 τότε
754 655 1054 712 συνειλούμενοι
1074 662 1134 718 τῷ
1153 663 1320 718 στρατῷ
1348 662 1448 717 πεζῇ
1468 662 1533 702 καὶ
1554 659 1637 714 βά-

168 734 267 788 δην,
302 729 450 786 ἄνδρες
473 726 638 783 συνάμα
659 729 814 783 γυναιξὶ
837 728 904 769 καὶ
926 727 1105 782 νηπίοις,
1141 727 1247 785 παρ’
1271 728 1404 780 ἱππεῖς
1430 730 1636 773 ἐσπουδα-

168 800 326 855 σμένως
343 796 566 856 φεύγοντας
585 795 747 853 ἴτρεχον
759 830 772 849 ,
809 798 875 839 καὶ
896 795 994 839 ὅσον
1014 796 1089 850 μὲν
1110 797 1159 840 τὸ
1182 797 1376 841 εὖτονοῧν
1398 794 1470 854 ἦν,
1506 797 1564 849 ὦς
1580 797 1637 842 εἶ·-

115 876 160 909 10
166 886 243 924 χον
251 901 264 922 ,
302 865 444 927 δρόμῳ
463 868 530 909 καὶ
546 863 659 925 πόνῳ
676 865 752 920 τὴν
768 865 969 922 σφετέραν
989 864 1169 909 ὠνοῦντο
1192 864 1297 921 ζωή-ν
1307 900 1321 920 ,
1361 867 1401 910 οἱ
1429 868 1475 911 δὲ
1501 870 1635 922 λοιποὶ

170 938 209 981 οἱ
235 938 310 992 μὲν
343 932 658 992 ἐξαπορούμενοι
687 935 948 991 καθυφιέσαν
970 936 1039 976 καὶ
1060 932 1189 979 πόνου
1209 938 1275 979 καὶ
1301 933 1483 992 δρόμου,
1523 939 1564 981 οἱ
1589 939 1635 982 δὲ
1656 942 1685 978 P
1711 943 1778 978 219

168 1006 282 1063 παρὰ
312 1003 486 1059 δύναμιν
513 1001 822 1062 συνωθούμενοι
850 1002 1017 1046 ἔπιπτον
1043 1004 1087 1046 ἓν
1115 1008 1173 1065 τῷ
1199 1004 1377 1059 μεταξύ,
1414 1008 1481 1049 καὶ
1506 1007 1544 1049 οἷ
1559 1008 1635 1061 μὲν

167 1079 228 1134 τῷ
245 1078 413 1130 χειμῶνι
432 1072 714 1127 ἒναπέψυχον,
753 1073 792 1116 οἳ
812 1073 857 1116 δὲ
877 1074 943 1115 καὶ
971 1078 1287 1118 συνεπατοῦντο.
1357 1076 1425 1118 καὶ
1457 1071 1510 1131 ἦν
1540 1074 1633 1120 τότε

166 1142 292 1194 πόνος
320 1139 539 1199 ἄλεγεινός,
577 1146 661 1185 τῶν
685 1142 760 1196 μὲν
788 1143 954 1198 ε’χθριῦν
984 1140 1153 1198 ἐγγύθεν
1182 1144 1540 1200 προσκαθημένων
1565 1148 1633 1188 καὶ

114 1219 157 1255 15
167 1211 366 1269 ἡμμέναις
396 1218 489 1261 ταῖς
521 1210 626 1268 παρ’
652 1210 794 1261 αὐτοῖς
815 1218 964 1267 πυραῖς
985 1209 1120 1266 δήλων
1143 1211 1274 1256 ὄντων
1295 1214 1363 1255 καὶ
1382 1213 1636 1270 ἑπιδραμου-

166 1282 322 1335 μένων,
362 1282 397 1323 εἲ
417 1280 577 1324 θέλοιεν
591 1312 605 1332 ,
641 1279 776 1323 ἄλλων
800 1281 845 1323 δὲ
866 1284 949 1323 τῶν
964 1281 1039 1334 μὲν
1061 1280 1214 1340 ἀπορίᾳ
1236 1282 1302 1324 καὶ
1324 1280 1465 1336 ἰσχύος
1485 1284 1632 1344 ἐνδείᾳ,

167 1354 252 1394 τῶν
269 1351 516 1404 δὲχειμῶνι,
550 1353 633 1392 τῶν
657 1350 701 1391 δὲ
720 1351 786 1390 καὶ
809 1346 954 1407 φόβῳ,
985 1348 1070 1391 ἔστι
1089 1349 1131 1392 δ’
1158 1345 1209 1393 οὗ
1230 1353 1297 1393 καὶ
1318 1358 1410 1401 ταῖς
1428 1352 1534 1409 παρ’
1557 1353 1634 1396 ἆλ-
1657 1355 1686 1390 Β

166 1417 302 1474 λη’λων
322 1415 607 1473 συμπατῆσεσι
623 1415 953 1471 κινδυνευόντων,
991 1423 1155 1463 πολλῶν
1176 1420 1221 1462 δὲ
1237 1421 1303 1462 καὶ
1322 1421 1365 1471 ἐξ
1384 1419 1538 1479 ε’φόδου
1559 1439 1634 1478 με-

254 1563 288 1598 5.
310 1560 420 1598 νυκτί
439 1563 569 1597 deerat.

164 1689 246 1724 time
274 1689 530 1723 observantium
560 1689 697 1732 oculos,
728 1689 938 1736 suspiciones
961 1691 1062 1725 etiam
1085 1690 1230 1725 hostium
1253 1690 1399 1726 falleret.
1446 1695 1546 1725 nocte
1567 1692 1635 1738 igi-

165 1740 243 1775 tur,
267 1739 305 1770 et
325 1735 462 1780 quidem
487 1735 652 1769 imbribus
673 1735 794 1778 foeda,
817 1736 934 1770 itineri
955 1738 1089 1783 fugiens
1112 1749 1150 1771 se
1171 1737 1285 1780 dedit,
1310 1749 1452 1782 sperans
1469 1739 1633 1772 beneficio

163 1781 381 1815 tenebrarum
409 1782 501 1823 suis,
533 1781 748 1815 inclementia
780 1784 996 1828 tempestatis
1029 1783 1183 1817 hostibus
1215 1795 1344 1817 omnem
1378 1783 1430 1816 sui
1461 1783 1631 1818 discessus

165 1826 403 1871 cogitationem
424 1827 680 1872 adempturum3
709 1839 798 1873 quae
821 1834 933 1864 tamen
957 1841 1037 1875 spes
1058 1830 1151 1863 illum
1177 1830 1312 1863 fefellit.
1359 1840 1424 1862 nec
1447 1829 1534 1863 enim
1558 1831 1632 1863 Ro-

165 1882 281 1906 manos
304 1873 347 1906 ad
370 1878 574 1915 extremum,
605 1885 648 1907 ac
670 1886 714 1908 ne
736 1874 852 1909 hostes
874 1875 1031 1920 quidem,
1055 1881 1125 1909 tam
1149 1876 1354 1920 intempesta
1377 1875 1456 1908 licet
1478 1875 1562 1910 hora
1586 1887 1630 1910 ac

165 1922 235 1951 tam
257 1917 485 1962 insuspicabili
506 1923 671 1964 tempore,
694 1931 771 1954 sese
793 1921 973 1966 proripere
994 1932 1120 1967 parans
1142 1921 1251 1955 latuit.
1292 1921 1402 1964 igitur
1424 1932 1467 1954 ex
1490 1921 1543 1955 his
1566 1923 1626 1968 qui

165 1967 264 1996 erant
286 1963 485 2007 Magnesiae
500 1965 678 2006 Romanis,
700 1966 836 2010 cognita
859 1967 1077 2013 imperatoris
1099 1968 1199 2011 fuga,
1223 1970 1393 2011 quotquot
1414 1967 1565 2012 expediti
1587 1973 1625 2002 et

165 2008 209 2042 ad
230 2008 423 2051 fugiendum
445 2010 556 2054 parati
578 2011 706 2055 reperti
729 2017 819 2054 sunt,
841 2012 1068 2047 immiscentes
1091 2023 1129 2046 se
1147 2016 1307 2057 quantum
1323 2015 1483 2056 poterant
1496 2014 1624 2059 agmini

165 2053 326 2095 militum,
356 2054 421 2088 viri
443 2056 572 2099 pariter
594 2061 630 2090 et
651 2055 809 2091 mulieres
831 2070 905 2092 cum
928 2058 1097 2104 parvulis,
1130 2058 1266 2102 pedites
1287 2069 1425 2102 omnes,
1447 2070 1548 2105 quam
1572 2060 1626 2094 in-

163 2099 363 2134 citatissimo
385 2105 545 2145 poterant
565 2113 703 2145 gressu,
726 2110 988 2148 praecurrentes
1011 2104 1146 2149 equites
1167 2105 1436 2140 assectabantur.
1481 2117 1523 2139 ac
1546 2106 1625 2152 qui-

164 2146 229 2180 bus
249 2145 347 2188 vigor
369 2153 406 2180 et
427 2146 596 2181 anhelitus
617 2148 662 2182 ad
684 2159 817 2182 cursum
839 2150 1067 2194 peragendum
1098 2150 1306 2192 abundavit,
1337 2150 1361 2184 ii
1393 2161 1475 2185 sane
1507 2163 1624 2186 omnes

163 2191 381 2226 contentione
402 2203 444 2226 ac
466 2193 590 2227 sudore
611 2193 715 2228 vitam
738 2199 903 2229 emerunt.
947 2195 1154 2240 reliquorum
1186 2206 1268 2240 pars
1297 2195 1423 2231 defecti
1445 2197 1565 2232 animis
1588 2203 1624 2233 et

162 2237 292 2272 viribus
314 2238 517 2273 remiserunt
537 2250 692 2281 cursum,
720 2251 802 2285 pars
824 2245 985 2275 conantes
1006 2252 1112 2286 supra
1133 2252 1234 2287 quam
1256 2247 1396 2287 possent
1414 2243 1527 2278 medio
1547 2244 1623 2278 nisu

163 2284 395 2319 conciderunt.
440 2285 616 2319 nonnullos
646 2285 697 2320 vis
729 2287 943 2332 tempestatis
965 2290 1000 2321 et
1021 2287 1132 2332 frigus
1154 2287 1308 2322 extinxit.
1354 2289 1517 2334 quosdam
1540 2291 1624 2325 sub-

162 2334 343 2375 sequentes
365 2331 614 2366 conculcarunt.
661 2337 698 2365 et
722 2338 799 2366 erat
821 2344 1019 2367 aerumnose
1041 2333 1162 2367 anxius
1182 2333 1216 2367 in
1239 2333 1295 2368 illo
1316 2334 1508 2371 discrimine
1529 2341 1626 2371 sata-

162 2375 312 2420 gentium
342 2377 455 2420 labor,
487 2378 521 2412 in
553 2378 745 2422 urgentium
780 2379 928 2425 undique
949 2379 1074 2413 vicinia
1095 2379 1257 2414 malorum
1278 2380 1462 2416 vitabunde
1485 2393 1528 2416 ae
1550 2384 1624 2417 for-

161 2421 323 2456 midolose
338 2434 379 2456 se
401 2423 709 2468 circumagentium.
754 2436 840 2471 quos
862 2426 1003 2460 miseros
1026 2425 1124 2459 simul
1145 2437 1270 2460 cavere
1291 2428 1473 2472 oportebat
1495 2439 1539 2462 ne
1562 2440 1622 2463 no-

163 2469 283 2502 omma
302 2469 530 2514 trepidatione
550 2471 654 2514 fugae
676 2471 929 2506 confusissimae
950 2471 1053 2505 turba
1076 2482 1210 2506 suorum
1233 2472 1343 2508 effuse
1362 2474 1530 2508 ruentium
1553 2475 1618 2508 de-

159 2511 360 2557 iicerentur,
384 2526 460 2550 mox
482 2527 644 2562 equorum
666 2518 800 2562 ungulis
823 2517 1039 2559 conterendi,
1062 2517 1159 2551 simul
1178 2519 1360 2563 providere
1379 2531 1424 2554 ne
1445 2519 1482 2554 in
1505 2531 1624 2554 manus

162 2557 350 2594 inciderent
377 2561 539 2606 hostium,
574 2574 716 2608 quornm
746 2563 905 2598 viciniam
926 2564 1025 2608 ignes
1047 2563 1158 2598 crebri
1181 2575 1225 2598 ex
1245 2570 1392 2611 utroque
1414 2565 1492 2600 viae
1513 2565 1624 2599 latere

162 2606 408 2650 monstrabant,
439 2607 538 2653 signa
558 2620 626 2643 non
648 2609 754 2644 dubia
774 2610 998 2644 barbarorum
1021 2621 1089 2643 non
1111 2614 1226 2645 castra
1247 2611 1354 2645 solum
1376 2611 1446 2645 illic
1468 2616 1528 2645 aut
1549 2615 1624 2645 sta-

162 2648 272 2684 tiones
300 2651 512 2694 habentium,
543 2655 605 2688 sed
634 2655 735 2690 etiam
756 2658 964 2690 attentorum
988 2655 1033 2689 ad
1055 2655 1091 2688 id
1112 2656 1202 2701 quod
1224 2658 1413 2702 agebatur,
1447 2660 1484 2690 et
1506 2657 1543 2691 in
1565 2658 1622 2691 fn-

162 2703 266 2748 gapep
284 2695 444 2742 impetum
467 2701 599 2742 facere,
623 2701 654 2735 si
669 2701 806 2743 vellent,
829 2701 1021 2736 valentium.
1068 2705 1200 2737 centum
1222 2703 1298 2737 fere
1318 2703 1447 2738 animas
1467 2702 1527 2736 illo
1549 2702 1621 2737 dis-

163 2749 300 2775 crnmne
320 2745 472 2779 nocturni
494 2757 613 2780 cursus
633 2747 775 2792 periisse
796 2747 963 2782 creditum
986 2751 1060 2789 est,
1091 2758 1182 2794 quas
1207 2754 1268 2783 aut
1297 2748 1476 2783 destitutio
1498 2748 1620 2783 virium

162 2789 222 2819 aut
242 2785 296 2820 vis
314 2798 419 2824 saeva
438 2793 653 2836 tempestatis
673 2797 735 2827 aut
755 2793 899 2828 terroris
921 2805 989 2839 quo
1011 2795 1315 2830 consternabantur
1331 2794 1542 2829 vehementia
1559 2800 1621 2830 aut
