1858 3126
289 200 385 246 822
690 198 1002 244 OBSERVAT.
1032 197 1339 243 PACHYMER.

148 308 174 342 P
198 308 265 343 596
286 313 381 358 ista,
410 307 471 347 uti
490 307 662 351 diximus
675 338 686 359 ,
715 308 961 360 praefectura
977 307 1193 349 Tuctainis.
1251 319 1372 360 quare
1388 306 1482 347 hinc
1501 309 1596 348 licet
1614 309 1733 349 intel-

284 368 426 416 ligere,
461 365 565 404 circa
594 371 780 416 quartum
808 370 875 402 aut
904 364 1089 416 quintum
1115 363 1365 417 principatus
1400 364 1563 403 Cazanis
1589 379 1733 404 aunum

287 421 522 460 Tuctainem
552 421 603 460 ad
630 421 766 460 fratris
786 419 1014 473 imperantis
1035 421 1266 459 comitatum
1295 434 1336 459 se
1353 421 1622 470 transtulisse,
1652 422 1734 460 for-

288 478 391 516 sitan
411 490 456 516 eo
477 483 663 527 vocante,
692 484 738 516 ut
761 490 891 515 mores
922 477 1005 516 eius
1032 477 1281 526 observaret,
1317 482 1582 528 statueretque
1601 489 1651 514 an
1669 475 1735 514 di-

289 547 390 585 gnus
409 533 442 571 is
463 533 566 572 soret
588 546 704 586 quem
722 533 879 586 imperii
899 546 1163 572 successorem
1184 532 1414 584 designaret.
1469 546 1568 584 quae
1594 531 1736 584 proba*-

288 591 346 629 tio
378 602 518 642 pamm
556 603 577 629 e
608 589 810 628 Tuctainis
843 595 940 628 voto
970 589 1184 628 succedens
1218 588 1328 627 hunc
1365 588 1530 628 exclusit
1557 587 1736 640 imperio.

288 646 429 685 scribit
456 645 558 684 enim
589 645 869 698 Pachymeres,
909 659 1023 697 saepe
1056 645 1232 684 indicato
1258 659 1293 686 c.
1318 648 1339 686 1
1364 645 1394 686 l.
1414 647 1440 687 6
1474 645 1663 682 Cazanem
1692 643 1737 682 in

293 702 412 741 dubia
439 715 510 740 sua
529 701 755 742 valetudine
783 702 1021 740 successioni
1049 703 1159 752 regni
1179 701 1469 749 consulentem,
1499 713 1586 738 cum
1609 712 1737 738 mores

288 757 518 811 Tuctainis,
556 771 672 809 quem
698 758 742 795 in
769 758 992 810 propinquo
1021 757 1208 807 haberet,
1252 756 1385 796 fratris
1418 756 1499 795 suis
1530 755 1737 794 dissimiles

289 820 483 864 notasset,
524 813 851 866 Carmpantanem
876 814 997 852 alium
1022 814 1183 852 fratrem
1217 825 1268 851 ex
1294 812 1428 862 India,
1457 811 1526 850 ubi
1547 811 1738 850 exercitui

289 875 491 923 praeerat,
520 883 699 909 evocasse
714 899 725 919 ‚
755 882 924 920 eumque
955 869 1006 908 ad
1034 870 1077 908 id
1098 875 1281 908 accurata
1305 868 1552 907 institutione
1567 880 1738 920 praepa-

289 933 423 966 ratum
441 925 596 978 imperii
614 925 821 964 haeredem
838 925 1071 976 designasse.
1127 925 1250 976 igitur
1268 924 1472 964 decedenti
1491 936 1542 962 ex
1558 923 1738 975 partibus

291 982 449 1021 Euxino
471 981 613 1020 vicinis
634 981 819 1020 Tuctaini
840 981 1050 1020 suffectum
1067 981 1110 1019 in
1129 982 1292 1020 istarum
1312 979 1611 1033 provinciarum
1625 978 1738 1030 regi—

291 1039 400 1078 mine
419 1037 764 1076 Chutluchaimum
782 1036 976 1087 arbitror,
1007 1051 1122 1089 quem
1149 1037 1235 1075 illic
1251 1037 1322 1075 tali
1349 1035 1482 1075 officio
1501 1035 1618 1075 fuisse
1639 1036 1738 1074 fun—

295 1100 404 1132 ctum
421 1094 580 1145 quando
603 1100 662 1132 est
677 1099 857 1133 mortuus
873 1094 1043 1133 Cazanes
1054 1123 1064 1143 ,
1096 1093 1267 1132 affirmat
1287 1091 1559 1144 Pachymeres.

403 1149 548 1189 XVIII.
614 1149 744 1201 Pergit
784 1150 1032 1189 continuator
1069 1148 1406 1201 Abulpharagiani
1432 1146 1618 1186 Chronici
1648 1151 1737 1185 acta

291 1205 457 1244 Cazanis
478 1205 640 1258 exequi,
677 1205 851 1244 scribens
879 1219 983 1244 anno
1016 1207 1097 1248 699
1125 1211 1345 1243 moventem
1370 1217 1462 1243 cum
1490 1202 1667 1243 exercitu
1694 1202 1739 1239 in

293 1262 449 1313 Syriam
466 1263 657 1300 Cazanem
676 1275 767 1300 cum
786 1268 1018 1301 occurrente
1042 1260 1118 1299 sibi
1138 1261 1299 1299 Sultane
1314 1259 1502 1313 Aegypti,
1532 1259 1600 1310 qui
1614 1270 1739 1298 voca-

292 1318 411 1357 b'ntur
429 1318 475 1355 Al
500 1318 624 1357 Malec
641 1317 690 1356 Al
707 1318 829 1357 Naser
846 1317 1147 1367 Mohammedes,
1178 1317 1403 1355 conflixisse
1421 1315 1595 1369 praelio,
1627 1326 1739 1352 eum-

294 1387 372 1425 que
405 1375 537 1412 susum
563 1374 606 1412 in
630 1375 760 1425 fugam
791 1374 975 1423 vertisse,
1011 1373 1102 1412 dein
1131 1374 1322 1411 Damasco
1356 1372 1555 1426 potitum3
1594 1369 1738 1422 quibus

293 1430 434 1479 gestis,
475 1430 615 1468 relicto
649 1430 692 1468 in
727 1429 841 1482 Syria
867 1431 1065 1483 praefecto
1096 1429 1257 1481 Kapiak·
1281 1435 1446 1477 vocato,
1476 1428 1535 1466 ‘in
1562 1426 1739 1478 regiones

295 1483 516 1523 Orientales
537 1485 709 1526 rediisse.
767 1486 903 1525 habuit
929 1499 1053 1525 annus
1073 1485 1239 1538 Hegirae
1263 1487 1346 1528 699
1371 1483 1527 1522 initium
1560 1497 1582 1521 a
1602 1482 1665 1521 die
1683 1483 1738 1523 28

297 1541 538 1591 Septembris
570 1541 663 1579 anni
690 1541 837 1580 Christi
869 1545 987 1585 1299.
1027 1542 1116 1593 quia
1147 1555 1243 1581 vero
1270 1541 1379 1589 dies,
1409 1553 1487 1591 quo
1507 1539 1591 1577 acie
1606 1537 1738 1577 victus

298 1603 356 1633 cst
380 1596 518 1635 Sultan
547 1596 717 1648 Aegypti
742 1597 887 1635 dicitur
913 1598 996 1635 illic
1018 1598 1137 1636 fuisse
1163 1597 1371 1636 vicesimus
1389 1595 1576 1647 septimus
1593 1592 1738 1631 Rabiae

294 1651 469 1703 prioris,
496 1651 646 1690 indicat
672 1659 766 1689 nota
794 1653 864 1690 illa
893 1653 995 1690 diem
1021 1652 1250 1690 vicesimum
1268 1651 1481 1690 secundum
1498 1648 1641 1688 mensis
1659 1648 1738 1686 De-

298 1707 466 1745 cembris
487 1707 662 1746 eiusdem
683 1707 828 1745 Christi
847 1708 940 1746 anni
968 1710 1084 1750 1299.
1122 1708 1227 1763 quod
1245 1713 1375 1744 autem
1399 1705 1509 1745 addit
1529 1704 1738 1744 continua-

296 1769 362 1803 tor
380 1762 659 1817 Abulpharagii
686 1763 788 1801 diem
813 1763 927 1801 illum
955 1763 1075 1801 fuisse
1095 1762 1304 1811 Mercurii,
1331 1761 1440 1801 haud
1460 1773 1739 1812 usquequaque

298 1819 489 1870 quadrat,
510 1819 702 1871 siquidem
719 1818 791 1857 illo
814 1818 961 1858 Christi
981 1832 1084 1859 anno
1106 1819 1242 1871 cyclus
1266 1817 1359 1855 solis
1378 1821 1433 1860 20
1454 1817 1609 1857 literam
1629 1822 1738 1854 attu-

297 1875 349 1913 lit
365 1875 483 1914 seriae
499 1875 648 1927 primae
665 1874 838 1914 indicem
852 1875 898 1924 1),
916 1888 1015 1926 quae
1033 1877 1089 1917 22
1109 1873 1327 1916 Decembris
1338 1873 1440 1912 diem
1460 1873 1598 1912 feriam
1615 1871 1736 1911 fuisse

297 1931 453 1969 tertiam
474 1931 726 1970 demonstrat.
782 1930 1014 1970 crediderim
1043 1929 1230 1968 mendum
1259 1929 1464 1985 irrepsisse
1479 1928 1523 1967 in
1543 1940 1738 1976 numeros,

302 1993 340 2025 et
359 2001 432 2039 pro
455 1990 509 2028 27
526 1987 670 2026 Rabiae
697 1986 842 2039 prioris
872 1986 990 2025 scribi
1009 1992 1190 2036 oportere
1213 1989 1281 2034 28,
1298 1985 1366 2036 qui
1385 1985 1468 2023 dies
1485 1983 1562 2023 fuit
1582 1986 1637 2026 23
1658 1983 1740 2021 De-

301 2043 466 2082 cembris
488 2043 583 2081 feria
601 2042 642 2084 4.
681 2043 981 2081 fundamentum
1000 2042 1096 2080 mihi
1112 2042 1170 2080 sic
1185 2041 1373 2094 opinandi
1393 2047 1454 2080 est
1472 2039 1739 2082 testimonium

302 2099 501 2136 oculatum
537 2098 743 2150 scriptoris
781 2098 943 2137 illorum
977 2105 1202 2151 temporum
1235 2096 1421 2149 Aythoni.
1482 2101 1591 2138 extat
1619 2093 1740 2132 huius

301 2167 402 2206 opus
422 2154 540 2195 titulo
560 2154 754 2194 Historiae
771 2153 981 2192 Orientalis
992 2183 1003 2203 ‚
1033 2154 1142 2192 cuius
1159 2167 1195 2192 c.
1214 2153 1264 2199 41
1287 2152 1457 2191 affirmat
1471 2164 1512 2190 se
1527 2151 1649 2190 fuisse
1673 2163 1739 2188 co-

299 2210 436 2251 mitem
455 2209 716 2261 expeditionis
740 2223 855 2262 quam
886 2210 1090 2251 Cas-mnus
1119 2209 1191 2259 (sic
1215 2209 1318 2246 enim
1343 2207 1479 2256 vocat)
1502 2221 1570 2247 rex
1594 2207 1739 2244 Tarta-

301 2279 441 2305 rorum
460 2265 725 2315 Christianus,
753 2279 834 2304 una
853 2279 941 2304 cum
968 2266 1121 2316 regibus
1139 2263 1344 2304 Armeniae
1364 2270 1402 2302 et
1427 2263 1613 2314 Georgiae
1629 2260 1739 2312 pari-

300 2325 364 2358 ter
386 2320 636 2370 Christianis,
665 2321 840 2373 suscepit
860 2322 902 2359 in
922 2321 1073 2373 Syriam
1095 2326 1231 2359 contra
1251 2319 1579 2359 Melechnaserum
1602 2315 1738 2354 Salta-

301 2388 394 2414 nem
409 2376 576 2429 Aegypti
595 2376 729 2427 Syriae
748 2371 1031 2426 dominantem,
1072 2389 1186 2428 quem
1208 2381 1248 2414 et
1269 2375 1406 2413 habuit
1425 2374 1586 2414 obvium
1611 2384 1737 2428 prope

301 2430 468 2470 Hamam
479 2460 491 2480 ‚
521 2431 691 2481 antiquis
709 2432 882 2470 Emesam
901 2432 1057 2476 dictam,
1113 2431 1282 2474 ducebat
1302 2430 1437 2472 Sultan
1463 2440 1598 2470 secum
1616 2427 1737 2479 equi-

303 2492 393 2525 tum
419 2492 577 2528 centum
602 2486 725 2529 millia
751 2500 840 2525 cum
860 2487 1012 2530 infinita
1022 2487 1216 2538 -peditum
1235 2483 1511 2531 multitudine,
1545 2480 1736 2521 Cassanus

305 2548 438 2582 autem
455 2541 672 2583 exereitum
691 2541 952 2584 ducentorum
972 2543 1138 2585 millium
1150 2570 1160 2588 ,
1198 2553 1374 2590 magnam
1388 2544 1538 2590 partem
1561 2539 1737 2588 equitum

303 2597 483 2638 habebat.
539 2596 790 2638 commissum
807 2597 925 2635 fuisse
941 2598 1131 2649 praelium
1154 2597 1259 2634 inter
1274 2595 1345 2632 hos
1366 2593 1562 2633 exercitus
1581 2593 1737 2648 Aytho-

305 2667 401 2703 nus,
431 2653 500 2707 qui
514 2665 697 2706 praesens
719 2652 918 2701 interfuit,
948 2652 1084 2691 asserit
1102 2650 1167 2694 die
1184 2652 1376 2691 Mercurii
1389 2657 1481 2688 ante
1488 2650 1648 2699 festum
1662 2662 1736 2686 na-

306 2711 497 2755 tivitatis,
554 2708 661 2749 cadit
677 2707 873 2760 aptissime
890 2713 984 2746 nota
999 2707 1097 2746 haec
1114 2707 1157 2744 in
1175 2706 1279 2744 diem
1297 2710 1349 2748 23
1367 2705 1586 2748 Decembris
1597 2733 1608 2754 ,
1637 2716 1737 2756 quae

303 2765 375 2803 illo
409 2778 534 2814 anno,
571 2771 618 2806 ut
644 2770 702 2803 est
737 2763 906 2819 dictum,
945 2762 1042 2803 feria
1072 2768 1209 2819 quarta
1237 2761 1323 2805 fuit.
1391 2761 1499 2800 addit
1529 2760 1736 2812 Aythonus

304 2821 455 2872 praelio
482 2821 631 2862 victum
657 2825 697 2860 et
723 2819 856 2872 fugere
884 2818 1128 2872 compulsum
1156 2819 1277 2858 fuisse
1309 2818 1530 2868 sultanem,
1562 2822 1649 2856 tum
1674 2815 1736 2854 die
