1858 3126
514 160 617 204 LIB.
644 159 679 205 1.
745 158 1106 203 GLOSSARIUM.
1445 157 1545 204 699

102 284 149 310 ac
174 269 414 322 reipublicae
439 268 624 308 cuiusvis.
681 269 815 320 quales
843 268 1096 306 collectiones
1124 265 1333 305 universae
1362 280 1452 306 cum
1471 280 1543 306 ne-

103 333 250 378 queant
269 326 386 365 simul
405 325 642 364 intervenire
674 324 958 373 conventibus,
999 330 1125 361 certos
1145 322 1325 361 homines
1346 323 1546 363 destinant

102 383 171 434 qui
189 383 278 421 loco
299 382 471 433 ipsarum
489 381 630 420 adsint.
685 387 724 420 et
741 381 783 419 hi
808 386 999 419 vocantur
1023 379 1068 433 in
1086 379 1182 416 actis
1196 379 1372 418 Florent.
1400 380 1543 431 synodi

101 437 362 491 τοποτηρηταὶ
378 441 460 477 τῶν
477 437 738 489 κουμουνίων.
778 436 857 474 hoc
875 437 966 481 loco
989 448 1030 472 ea
1051 448 1131 473 vox
1149 435 1307 473 videtur
1325 436 1543 486 significare

102 501 256 532 certum
279 506 485 532 numerum
513 494 704 532 lectorum
725 492 918 542 suffragiis
950 491 1089 544 populi
1110 491 1444 540 consiliariorum,
1474 493 1543 543 qui

101 549 343 602 praescripto
364 551 489 600 spatio
510 549 699 601 temporis
714 561 891 601 praeesse
908 547 1089 597 regimini
1108 547 1345 598 reipublicae
1364 549 1542 586 debeant.
1562 554 1565 557 '

35 634 38 636 -
102 606 159 643 ait
174 606 275 644 enim
292 611 426 643 noster
442 606 709 644 Andronicum
731 605 922 643 offensum
942 603 1212 641 Genuensibus
1235 603 1338 653 quod
1355 604 1384 642 ii
1400 618 1540 655 quem-

101 661 191 700 dam
210 662 311 699 male
333 662 578 699 multandum
605 667 827 709 curassent,
858 660 1069 698 exclusisse
1089 660 1197 711 ipsos
1223 659 1340 707 urbe,
1366 660 1540 698 versari-

100 730 178 768 que
203 717 363 755 solitum
389 717 431 755 in
458 718 541 755 eius
577 718 765 756 comitatu
790 716 957 766 legatum
978 716 1173 767 quendam
1190 722 1256 753 aut
1273 716 1542 765 magistratum

101 786 236 812 eorum
256 786 278 810 a
302 780 518 824 conspectu
544 773 754 822 amovisse,
791 773 839 810 de
862 773 965 810 facto
985 779 1114 810 tamen
1136 772 1222 823 ipso
1243 772 1417 809 nondum
1435 773 1541 810 iudi-

101 829 227 867 cando
258 835 326 867 aut
360 829 529 867 iudicari
547 843 617 881 per
646 829 870 867 Genuenses
899 827 1154 879 postulando,
1198 827 1304 879 quod
1328 828 1411 866 eius
1432 828 1541 866 iudi-

100 884 206 923 cium
237 892 454 923 reservaret
479 899 580 924 novo
609 887 854 933 communio,
883 884 960 922 hoc
981 890 1039 922 est
1060 884 1223 933 collegio
1246 884 1541 934 magistratuum

100 940 252 979 delecto
271 940 321 978 ad
338 941 538 991 regiminis
556 941 943 979 administrationem.
978 939 1201 978 istiusmodi
1225 940 1369 991 quippe
1389 954 1541 979 novum

101 996 312 1034 concilium
344 1003 410 1035 aut
439 997 644 1048 collegium
677 998 961 1049 praefectorum
985 996 1165 1047 regimini
1195 996 1271 1034 iam
1300 996 1543 1047 designatum

99 1065 197 1091 mox
215 1051 405 1090 initurum
426 1054 709 1104 possessionem
727 1053 1020 1103 gubernationis
1043 1065 1175 1090 rerum
1206 1052 1395 1090 audiebat.

209 1106 518 1160 κτητορικὸν
547 1110 752 1150 δίκαιον
784 1123 823 1161 p.
842 1111 920 1151 193
939 1122 976 1149 V.
1000 1108 1039 1149 4.
1096 1108 1175 1158 agit
1193 1108 1241 1146 de
1262 1120 1427 1160 corpore
1449 1122 1543 1160 pro-

100 1163 318 1202 tevestiarii
346 1165 686 1217 Constantinopoli
715 1165 882 1213 mortui,
920 1165 1025 1216 quod
1047 1163 1101 1201 ait
1127 1170 1326 1214 portatum
1342 1164 1540 1214 Nicaeam,

104 1219 196 1270 quia
217 1219 280 1257 ius
304 1219 359 1257 ibi
379 1221 602 1272 sepulturae
636 1221 671 1259 is
697 1220 858 1259 haberet
883 1221 1006 1258 dotali
1034 1220 1182 1257 ratione
1202 1226 1381 1271 partum,
1411 1233 1540 1258 uxore

100 1274 226 1326 ipsius
249 1280 499 1326 patronatum
536 1277 579 1314 in
609 1276 651 1314 id
678 1276 958 1314 monasterium
983 1276 1205 1324 obtinente,
1240 1275 1350 1326 quod
1374 1276 1539 1314 maiores

100 1330 254 1368 scilicet
276 1330 359 1369 eius
379 1338 446 1370 aut
462 1333 546 1383 ipsa
565 1338 692 1369 totum
711 1333 774 1370 vel
793 1346 842 1370 ex
862 1338 971 1383 parte
987 1331 1225 1371 fundassent.
1282 1331 1360 1369 hoc
1379 1332 1539 1370 videtur

99 1384 167 1424 hie
184 1385 264 1425 dici
277 1385 504 1439 κτητορικόν
530 1388 686 1428 δίκαιον
713 1383 791 1429 ἀπὸ
810 1390 882 1439 τῆς
903 1384 1084 1440 συζύγου.
1138 1382 1324 1440 κτήτορες
1342 1387 1539 1439 Hesychio

99 1447 193 1480 sunt
218 1443 369 1483 κτισταί
392 1442 633 1492 conditores,
663 1457 753 1491 seu,
792 1450 838 1482 ut
867 1443 986 1493 vulgo
1019 1442 1239 1494 loquimur,
1267 1442 1540 1495 fundatores3

99 1498 207 1536 unde
224 1497 306 1546 ius,
338 1499 442 1549 quod
459 1512 508 1537 ex
525 1498 691 1537 conditu
711 1500 793 1538 sive
806 1498 1056 1550 fundatione
1081 1499 1352 1537 fundatoribus
1374 1513 1540 1551 compe-

98 1553 172 1602 tit,
199 1559 306 1592 recte
322 1553 552 1606 κτητορικόν
573 1556 729 1595 δίκαιον
753 1556 830 1594 dici
859 1555 1002 1608 potuit.
1058 1568 1174 1606 saepe
1193 1560 1323 1593 autem
1346 1555 1541 1594 ecclesia—

98 1609 198 1647 stico
217 1622 294 1648 usu
310 1610 413 1648 inter
433 1611 507 1649 alia
523 1611 730 1650 honoraria
742 1642 753 1662 ‚
780 1625 879 1663 quae
900 1611 1176 1650 fundatoribus
1196 1611 1380 1649 ecclesiae
1399 1625 1542 1649 mona-

99 1663 209 1703 sterii
233 1671 300 1703 aut
323 1667 426 1705 sacri
455 1667 629 1708 cuiusvis
652 1667 734 1706 loci
771 1673 1024 1720 competunt,
1061 1673 1120 1706 est
1147 1667 1211 1705 ius
1242 1668 1468 1720 sepulturae
1497 1667 1542 1705 in

98 1720 149 1759 iis
172 1721 284 1761 locis.

207 1773 364 1824 λεπάς
399 1791 440 1829 p.
467 1778 520 1820 53
553 1791 592 1817 v.
624 1777 690 1820 14.
752 1778 830 1817 hoc
871 1778 1125 1830 proverbium
1155 1784 1262 1816 tomo
1290 1776 1415 1829 priori
1443 1790 1466 1813 a
1499 1787 1542 1814 se

98 1837 346 1882 usurpatum,
372 1839 411 1870 et
429 1834 512 1871 illic
531 1847 552 1870 a
575 1834 688 1871 nobis
711 1834 955 1872 declaratum
971 1834 1013 1871 in
1035 1834 1248 1881 Glossario‚
1285 1847 1329 1870 eo
1353 1831 1482 1883 aptius
1502 1837 1543 1869 et

100 1886 313 1936 elegantius
331 1886 397 1924 hic
427 1888 584 1927 adhibet
605 1890 880 1940 Pachymeres‚
920 1889 1024 1940 quod
1048 1889 1153 1927 istud
1178 1888 1382 1926 Prodromi
1401 1901 1542 1925 mona-

100 1942 279 1990 sterium,
303 1955 325 1978 a
346 1956 424 1992 quo
443 1957 484 1981 se
505 1944 641 1981 divelli
659 1958 769 1994 aegre
787 1945 935 1983 sinebat
957 1944 1191 1982 Theodorus
1208 1944 1437 1994 Cyzicenus,
1459 1944 1541 1982 for-
1563 1951 1593 1986 P
1615 1952 1682 1988 493

99 1997 195 2035 titer
221 1997 414 2035 abducere
436 1999 667 2037 conantibus
694 2000 922 2047 obluctans,
963 2000 1097 2037 Petrae
1126 2013 1340 2049 cognomen
1363 1999 1542 2039 babebat.

100 2051 206 2090 idem
235 2052 358 2101 enim,
394 2059 442 2091 ut
467 2054 648 2103 videtur,
679 2061 736 2093 est
765 2068 853 2093 cum
871 2055 941 2092 illo
962 2056 1067 2105 quod
1089 2055 1270 2106 superius
1287 2069 1327 2106 p.
1347 2055 1400 2095 44
1416 2068 1455 2094 v.
1475 2055 1540 2096 15.

100 2106 205 2160 μονή
225 2111 298 2149 τοῦ
318 2107 553 2163 Προδρόμου
570 2112 640 2162 τῆς
659 2109 824 2163 Πέτρας,
838 2113 1135 2155 ,monasterium
1152 2109 1369 2149 Prodromi
1382 2113 1537 2162 Petrae,

98 2164 332 2216 appellatur.

210 2220 384 2267 λίκνος
413 2233 453 2271 p.
477 2222 527 2262 19
544 2233 584 2259 v.
609 2223 670 2261 13.
726 2220 879 2270 λίκνος,
907 2221 1025 2272 vulgo
1047 2234 1160 2270 cuna,
1191 2221 1350 2260 videtur
1366 2221 1432 2260 hic
1454 2221 1537 2260 dici

99 2288 221 2326 genus
236 2277 397 2314 lecticae
418 2281 484 2312 aut
501 2276 650 2324 ferculi,
670 2289 748 2326 quo
767 2284 983 2326 gestaretur
997 2291 1116 2315 senex
1136 2278 1372 2330 decrepitus,
1393 2290 1535 2330 nempe

96 2334 387 2382 gestatorium,
414 2344 496 2369 vox
522 2338 715 2384 usurpata
742 2333 928 2372 Suetonio
954 2333 996 2371 in
1016 2333 1200 2372 Claudioe
1229 2334 1374 2372 solitus
1396 2336 1439 2372 in
1459 2349 1534 2386 ge-

97 2389 266 2425 statorio
287 2386 432 2427 ludere.

210 2447 353 2494 Ληνα
366 2458 380 2482 ι
393 2439 460 2483 τόν
486 2457 528 2496 p.
547 2446 629 2486 306
643 2447 811 2495 v.3sqq.
865 2446 938 2484 τοῦ
956 2439 1000 2485 δ’
1022 2439 1146 2485 αὐτοῦ
1163 2442 1532 2498 ἔτους-Ἑκατομ-

99 2497 254 2549 βαιῶνα
270 2498 435 2552 λέγουσι.
492 2505 532 2537 et
547 2500 651 2538 infra

315 2557 422 2606 μῆνα
451 2552 495 2594 δὲ
522 2555 690 2607 Ληναιῶ
716 2551 852 2608 πρώτη
881 2552 995 2608 βάσις
1023 2555 1155 2596 ’ἵστατο
1183 2552 1325 2609 μήνης.

101 2605 222 2646 habes
241 2608 283 2646 in
298 2608 362 2648 his
380 2610 657 2662 Pachymerem
675 2617 853 2650 secutum
875 2611 1148 2650 auctoritatem
1165 2611 1424 2665 interpretum
1445 2610 1534 2650 He-

103 2661 225 2711 siodi,
254 2664 349 2703 dum
367 2679 522 2704 carmen
542 2668 648 2720 apud
668 2667 775 2719 ipsos
803 2674 1009 2719 pangeret,
1032 2667 1251 2706 Ianuarium
1268 2681 1428 2707 vocasse
1441 2671 1535 2718 Λη-

101 2717 257 2757 ναιῶνα
277 2721 387 2770 quasi
407 2721 462 2760 sic
480 2722 549 2760 ille
566 2723 709 2762 mensis
727 2724 775 2762 ab
801 2723 1105 2762 Atheniensibus
1123 2724 1412 2772 nominaretur,
1445 2735 1536 2760 cum

102 2784 147 2811 re
168 2785 262 2812 vera
288 2775 400 2814 iuxta
427 2778 686 2829 exactiorem,
714 2785 762 2818 ut
777 2785 913 2832 putat,
942 2779 1174 2819 seutentiam
1193 2780 1457 2819 Romanorum
1471 2778 1537 2818 Ia·-
