1858 3126
276 167 375 216 688
667 165 980 214 OBSERVAT.
1016 167 1320 215 PAGHYMER.

275 277 453 330 regiones
481 277 621 327 suerit,
649 282 691 316 et
717 289 789 315 cur
815 274 1057 341 μαινομένου
1075 274 1428 342 κᾶμποςῙιινεηιὶε
1444 293 1612 332 campus
1634 292 1715 332 ap-

274 335 465 397 pellatus,
495 333 671 372 nondum
697 333 850 386 reperi,
879 333 952 372 etsi
975 334 1186 384 repeierim
1201 334 1243 372 in
1261 333 1358 372 actis
1377 335 1416 376 S.
1435 335 1607 374 Platonis
1630 336 1715 374 An-

275 389 414 443 cyrani
439 390 624 442 martyris
645 388 925 440 elegantissime
948 389 1095 428 Graece
1117 389 1288 442 scriptis,
1319 403 1420 442 quae
1435 392 1715 444 manuscripta

272 452 480 486 servantur
507 445 551 484 in
576 444 813 484 bibliotheca
840 445 1048 494 Vaticana,
1077 446 1198 484 fuisse
1216 459 1343 510 piope
1358 447 1556 498 Ancyram
1571 447 1714 496 locum,

272 501 342 554 qui
367 497 524 554 κάματος
549 502 785 547 vocabatur,
827 501 870 539 in
895 515 972 553 quo
1002 508 1180 540 sanctum
1207 503 1287 541 01113
1317 503 1504 554 maityris
1528 515 1671 554 corpus
1694 517 1718 542 a

272 557 508 597 Christianis
527 558 727 610 sepultum
742 563 819 607 est,
850 558 915 596 ubi
937 564 975 596 et
994 558 1097 596 idem
1118 564 1319 610 amputato
1338 558 1464 611 capite
1487 559 1718 610 martyrium

273 621 633 656 consummaverat.
672 613 770 652 haec
786 614 888 652 enim
908 613 990 652 illic
1007 615 1211 666 leguntur:
1241 611 1286 656 τό
1305 611 1348 654 δὲ
1363 615 1495 667 τίμιον
1514 613 1582 655 καὶ
1604 629 1720 668 αγιον

272 672 467 722 λείψανον
489 674 562 712 τοῦ
581 671 777 739 μακαρίου
798 666 1034 718 Πλατωνος,
1064 668 1251 737 λαβόντες
1269 670 1311 711 οἷ
1331 670 1575 724 Χριστιανοί,
1604 669 1720 712 κατέ-

273 731 397 768 θεντο
417 726 461 767 ἐν
479 729 532 782 τῷ
551 723 660 782 αὐτῷ
680 723 813 782 τόπω,
843 729 899 781 τῷ
918 726 1176 780 ἐπιλεγομένῳ
1200 738 1356 782 καμπῳ.
1574 757 1578 760 -

387 785 680 824 κανικλεῖον
709 785 850 835 Ρ.193
868 795 907 821 v.
926 786 965 825 7.
1022 782 1119 834 quid
1137 785 1495 829 03301κανικλεῒον,
1523 795 1718 834 nusquam

276 838 371 879 satis
391 839 632 891 explicatum
655 839 840 878 occurrit.
895 851 1038 877 vereor
1057 845 1185 877 autem
1205 845 1250 877 ut
1270 839 1414 890 possim
1437 838 1594 878 credere
1611 839 1720 877 Pon-

274 902 370 934 tano
392 908 520 933 arcem
537 894 579 934 id
597 901 636 934 et
653 894 929 933 monasterium
951 895 1070 933 fuisse
1087 894 1429 948 Constantinopoli
1450 894 1582 944 aienti,
1614 893 1720 932 notis

277 951 329 990 ad
353 965 389 989 c.
414 950 514 992 141.
538 954 562 994 1
586 950 773 989 historiae
798 951 1080 999 Cantacuzeni,
1110 951 1178 989 ubi
1204 951 1252 990 de
1282 950 1359 989 hoc
1385 951 1471 1003 ipso
1497 949 1720 1002 Nicephoro

277 1007 480 1056 ehumno,
512 1020 625 1059 quem
655 1006 910 1059 pachymeres
938 1006 1004 1045 hic
1035 1008 1090 1045 ait
1119 1007 1292 1047 canicleo
1320 1007 1585 1060 praepositum
1604 1007 1721 1044 fuisse

277 1063 328 1102 ab
359 1062 565 1114 Augusto,
595 1076 788 1114 quemque
817 1063 926 1114 prius
953 1077 994 1115 p.
1017 1062 1095 1104 164
1119 1077 1159 1102 v.
1181 1067 1233 1106 17
1265 1063 1417 1102 dixerat
1442 1074 1491 1100 ex
1517 1067 1721 1113 quaestore

276 1125 452 1158 creatum
477 1119 526 1157 ab
558 1119 694 1158 eodem
721 1133 788 1171 m)
789 1119 953 1166 sticum,
984 1119 1278 1158 Cantacuzenus
1304 1125 1562 1158 consentanee
1584 1123 1720 1156 nostro

276 1175 377 1215 haec
395 1175 551 1214 scribit:
579 1175 647 1216 καὶ
667 1174 689 1217 ὅ
708 1175 773 1216 ἐπὶ
792 1178 865 1217 τοῦ
883 1176 1107 1216 κανικλείου
1125 1171 1359 1228 Νικηφόρος
1377 1191 1398 1215 ο
1424 1177 1622 1226 Χοῦμνος,
1651 1179 1722 1214 σο-’

276 1229 359 1282 φὰς
385 1227 486 1299 ἀνὴρ
503 1230 571 1272 καὶ
590 1227 818 1284 θαυμάσιος
835 1231 878 1272 ἐν
899 1228 1118 1284 φρονήσει,
1150 1234 1301 1283 πολλῆς
1315 1246 1356 1271 τε
1375 1226 1590 1271 cinnanum
1607 1230 1723 1282 βασι-

276 1286 376 1335 λέως
406 1284 567 1336 ευνοίας
592 1303 632 1328 τε
658 1287 726 1328 καὶ
751 1289 881 1340 τιμῆς.
940 1294 977 1324 et
993 1289 1063 1339 qui
1077 1288 1251 1325 canis-leo
1265 1294 1453 1340 praeerat
1471 1285 1725 1338 Nicephorus

282 1343 509 1395 Clzumnus,
533 1346 693 1396 sapiens·
715 1351 751 1382 et
762 1346 894 1382 minae
902 1343 1144 1395 prudentiae
1167 1346 1248 1395 vir,
1278 1345 1321 1381 in
1333 1345 1485 1395 primis*
1502 1355 1622 1381 carus
1644 1343 1726 1380 im-

272 1402 456 1453 peratori
478 1403 692 1452 magnique
713 1400 762 1438 ab
785 1414 827 1438 eo
848 1399 1026 1438 liabitas.
1084 1413 1212 1439 arcem
1243 1399 1359 1438 fuisse
1386 1398 1725 1450 Constantinopoli

278 1457 497 1494 canicleum
529 1463 707 1495 vocatam
739 1470 820 1495 non
846 1456 1002 1495 memini
1022 1456 1171 1507 legere,
1201 1455 1427 1494 monasterii
1446 1456 1529 1494 eius
1549 1453 1723 1494 nominis

275 1511 458 1551 meminit
482 1512 609 1551 obiter
638 1514 807 1551 Zonaias
835 1513 876 1549 in
901 1512 1037 1550 Alexio
1063 1513 1283 1560 Comneno,
1316 1513 1411 1550 dum
1428 1512 1482 1550 ait
1503 1511 1724 1550 Comnenos

277 1569 420 1606 fimaties
440 1567 536 1605 111110
550 1574 662 1618 capta
682 1569 758 1606 iam
778 1581 893 1606 secui
895 1582 937 1607 os
954 1582 1136 1607 evocasse
1154 1574 1316 1606 matrem
1339 1573 1377 1605 et
1393 1566 1575 1615 coniuges
1595 1579 1616 1604 e
1633 1579 1723 1605 mo-

276 1622 450 1663 nasterio
477 1623 639 1661 caniclei
670 1624 711 1662 in
739 1623 1118 1662 Palatium.ve1ba
1147 1624 1320 1661 Zonarae
1347 1629 1459 1661 sunt:
1485 1620 1582 1689 „2'1'5’2
1607 1617 1651 1661 δ’
1678 1619 1724 1662 ἓν

278 1674 456 1729 ἀσφαλεῖ
485 1694 524 1731 γ
513 1675 688 1733 γονότες
721 1679 763 1719 οἵ
796 1677 1006 1731 Κομνηνοὶ
1041 1678 1110 1719 καὶ
1141 1694 1215 1730 την
1243 1677 1400 1747 μητέρα
1415 1680 1528 1728 σφῶν
1558 1675 1625 1718 καὶ
1651 1692 1725 1726 τας

279 1732 534 1787 ομευνέτιδας
560 1733 603 1775 ἐκ
626 1738 697 1787 τῆς
726 1737 854 1787 μονῆς
882 1738 954 1774 τοῦ
979 1735 1218 1774 Κανικλείου
1239 1732 1338 1787 πρός
1356 1750 1403 1774 τα
1421 1734 1598 1786 βασίλεια
1615 1747 1725 1785 μετε·

281 1790 494 1832 στείλαντο.
519 1796 650 1829 tamen
674 1791 715 1830 id
740 1790 1027 1840 monasterium,
1058 1805 1134 1842 quo
1156 1791 1368 1828 abstractas
1386 1803 1406 1828 e
1425 1789 1572 1842 templo
1593 1790 1632 1828 S.
1652 1790 1725 1828 So·-

278 1846 416 1899 phiae,
444 1847 486 1884 in
521 1847 624 1898 quod
654 1847 752 1898 asyli
778 1847 864 1886 iure
891 1847 1167 1897 confugerant,
1210 1845 1725 1885 matronascomnenornm

279 1902 506 1944 Botaniates
535 1904 810 1952 transtulerat,
854 1909 899 1941 ut
927 1902 1030 1940 idem
1060 1903 1232 1941 Zonaras
1256 1916 1351 1941 mox
1383 1901 1463 1952 ait,
1499 1902 1613 1940 Anna
1635 1901 1726 1940 Co-

281 1971 423 1998 mnena
450 1972 533 1997 rem
566 1959 725 1998 eandem
753 1933 926 1998 rel'erens
953 1959 981 1999 l.
1000 1962 1020 2001 1
1051 1973 1092 2010 p.
1114 1959 1168 2001 54
1195 1964 1314 1998 vocat
1340 1957 1570 2012 γυναικείαν
1596 1953 1726 2010 μονήν

282 2018 362 2055 τῶν
381 2016 580 2067 Πετρίων,
610 2016 799 2054 muliebre
825 2022 1022 2052 monaster
1023 2016 1109 2052 ium
1132 2017 1381 2064 Petriorum,
1412 2013 1518 2066 quod
1538 2019 1578 2053 et
1598 2013 1652 2051 ait
1670 2011 1727 2051 si-

282 2076 368 2108 tum
400 2071 518 2110 fuisse
541 2086 667 2123 prope
700 2074 884 2110 Fet-ream
912 2069 985 2123 τήν
1016 2068 1140 2124 αγχοῦ
1166 2087 1237 2123 της
1260 2072 1439 2122 Σιδηρᾶς
1465 2068 1726 2121 διακειμένην-

283 2126 462 2177 suspicor
487 2131 709 2168 κανικλεῖον
734 2129 848 2166 aedes
869 2127 1021 2166 fuisse
1009 2141 1050 2165 111
1071 2126 1214 2178 quibus
1236 2126 1535 2166 asseivabantur
1556 2124 1727 2177 scriptu-

281 2195 348 2220 rae
373 2182 553 2232 publicae
582 2190 619 2222 et
642 2184 711 2221 ubi
737 2184 1050 2236 expediebantur
1070 2183 1321 2235 imperatmia
1347 2182 1580 2234 diplomata,
1609 2179 1726 2231 quale

282 2237 427 2275 Romae
452 2239 594 2277 visitur
619 2241 811 2291 palatium
837 2240 1113 2288 cancellariae,
1142 2238 1501 2288 monasteriumque
1521 2235 1621 2274 illud
1643 2235 1725 2273 Pe·-

282 2293 448 2331 triorum
482 2295 640 2346 proprie
674 2303 854 2334 vocatum
884 2309 933 2334 ex
960 2296 1040 2333 eius
1069 2295 1208 2333 domus
1238 2294 1415 2346 publicae
1436 2307 1482 2331 ac
1501 2290 1726 2329 notissimae

281 2347 429 2386 vicinia
460 2349 676 2389 indicatum
709 2359 747 2389 et
774 2351 1068 2390 denominatum
1096 2365 1118 2388 a
1145 2352 1295 2389 Zonara
1316 2349 1455 2396 fuisse,
1483 2347 1724 2399 praefectum

279 2409 410 2441 autem
444 2406 608 2443 caniclei
637 2414 842 2456 vocatum,
873 2421 989 2458 quem
1020 2407 1296 2444 cancellarium
1319 2405 1505 2451 dicimus,
1534 2401 1597 2440 cui
1623 2406 1726 2440 esset

277 2459 463 2497 tabularii
491 2461 587 2511 regii
623 2463 798 2499 custodia
828 2468 866 2500 et
898 2462 1054 2500 char-tm
1059 2475 1122 2499 um
1151 2459 1489 2513 imperatoriarum
1525 2457 1724 2509 expeditio

281 2515 505 2566 commissa,
535 2517 705 2567 amplum
736 2518 812 2556 iam
847 2523 885 2555 et
916 2517 1079 2555 celebris
1107 2517 1150 2554 in
1179 2516 1278 2554 aulis
1301 2515 1479 2552 omnibus
1501 2513 1726 2565 splendoris

281 2559 468 2610 officium.
511 2578 709 2610 auctorem
730 2571 854 2610 habeo
875 2572 1116 2610 Radevicum
1134 2573 1163 2612 l.
1185 2575 1206 2613 1
1228 2571 1275 2608 de
1297 2570 1422 2608 Gestis
1440 2569 1660 2608 Friderici
1647 2576 1731 2608 lin-i

284 2627 476 2680 paratoria
499 2640 531 2668 c.
551 2628 619 2670 47.
679 2642 803 2676 unus,
834 2628 907 2677 ait,
937 2627 985 2664 de
1008 2629 1131 2665 servis
1154 2626 1329 2677 palatii,
1358 2625 1585 2664 caniclinus
1611 2623 1732 2664 vide-2

285 2683 378 2720 licet
389 2712 400 2732 ,
431 2697 543 2735 quem
561 2697 632 2721 nos
651 2684 936 2721 cancellarium
954 2682 1081 2719 dicere
1095 2696 1324 2732 possumus.
1379 2681 1436 2719 sic
1456 2681 1544 2730 ille,
1571 2681 1734 2730 melius,-

287 2739 455 2790 opinor,
483 2753 598 2791 quam
622 2739 866 2787 Guntherus,
895 2738 963 2789 qui
982 2737 1097 2775 metri
1116 2739 1218 2777 forte
1239 2737 1554 2777 commoditatem
1570 2742 1728 2777 secutus

288 2793 543 2834 caniclinum'
557 2796 841 2849 interpretatur
859 2796 1136 2834 camerarium.
