1820 3112
182 156 279 202 100
598 152 838 198 GEORGII
871 151 1227 197 PACHYMERIS

126 273 159 308 D
181 263 448 324 γραφόμεθα.
494 264 586 308 ι’δού
609 269 706 321 γοῦν
727 263 907 322 σήμερον
924 261 1087 323 πάρεισι
1104 265 1179 320 μέν
1199 260 1464 322 πατριάρχαι,
1494 261 1660 323 πάρεισι

176 336 222 379 δ’
247 336 444 392 ἀρχιερεῖς
468 335 535 376 καὶ
555 338 706 390 κλῆρος
727 333 837 384 ἅπας
859 336 926 377 καὶ
948 335 1122 389 μοναχοὶ
1150 333 1335 388 εὐλαβεῖς
1356 336 1423 377 καὶ
1451 338 1534 378 τῶν
1564 338 1659 377 λαϊ-

177 409 259 448 κῶν
281 405 319 446 οἱ
343 401 560 458 ἐλλόγιμοι.
629 403 742 446 θέλω
769 405 836 446 καὶ
869 403 1171 460 ὃρθοδοξοῦσιν
1198 401 1297 456 ὖμΐν
1325 410 1551 456 κοινωνεῖν,
1587 403 1657 446 καὶ

177 476 323 522 κοινῶς
342 469 612 525 ὁπωσδήποτε
634 476 708 514 τοῦ
739 471 874 528 ὀρθοῦ
899 477 1090 526 σφαλεῖσι
1114 471 1189 526 τὴν
1209 470 1315 526 μεθ’
1342 469 1458 524 ὖμῶν
1484 471 1656 514 καταδί-

177 560 251 597 κην
270 542 465 598 αἱροῦμαι
485 541 599 597 παρὰ
616 545 703 599 θεῷ
724 542 901 597 κρίνοντι
923 540 948 596 ἢ
964 539 1092 594 μόνος
1113 540 1188 594 τὴν
1203 538 1401 596 ἡμετέραν
1413 538 1654 596 ἀσφάλειαν.
1667 549 1689 586 5

176 610 224 654 τὸ
257 614 356 667 γοῦν
383 608 494 664 ὑμᾶς
524 609 593 663 ἐμὲ
618 612 749 664 ζητεῖν
777 627 820 652 τε
851 611 918 652 καὶ
951 607 1186 665 ἀναγκάζειν
1204 610 1272 652 καὶ
1301 608 1399 659 τοὺς
1427 603 1521 663 μετ’
1555 609 1656 663 ἐμοῦ

177 678 468 732 ἀποβαλέσθαι
489 675 622 734 δόγμα
642 677 843 734 πατέρων,
874 676 984 721 οὕτω
1006 678 1055 734 δὴ
1076 677 1252 721 παλαιὸν
1273 679 1341 720 καὶ
1358 677 1473 732 παρὰ
1494 681 1658 721 πολλῶν

176 746 412 803 λεγόμενον,
451 745 561 801 ὑμᾶς
585 747 629 789 δὲ
647 748 777 802 μηδὲν
800 749 890 803 περὶ
915 745 1074 790 τούτων
1094 748 1345 804 φροντίζειν,
1384 745 1434 789 οὗ
1453 763 1526 800 μοι
1548 748 1661 789 δοκεῖ

125 827 157 861 Ε
185 816 286 871 ἔχειν
304 816 351 859 τὸ
374 815 552 871 εὔλογον.
594 815 768 872 ἴστιγὰρ
787 817 854 858 καὶ
877 816 964 870 ἐμοὶ
988 813 1178 870 εὐλάβεια
1199 813 1258 871 μή
1278 832 1367 865 πως
1391 818 1657 870 παρασφαλῶ

173 890 249 928 τοῦ
276 885 425 940 ὀρθοῦ.
463 883 558 926 ἀλλ’
591 883 682 927 ι’δοῦ
714 886 781 926 καὶ
809 885 884 939 τὴν
912 884 1007 927 κατ’
1032 885 1214 938 ἐμαυτοῦ
1241 888 1388 940 γνῶσιν
1411 883 1527 940 ἀφεὶς
1548 882 1655 934 ὅλως
1667 894 1712 930 10

174 952 292 1008 ὗμῶν
313 954 491 1009 γίνομαι,
517 954 582 995 καὶ
606 950 868 1003 διδασκάλοις
888 952 1040 996 ὡσανεί
1056 970 1136 996 τισι
1151 957 1331 1009 χρῶμαι.
1387 950 1503 1007 ὑμεῖς
1523 969 1657 1008 προη-

173 1027 336 1079 γεῖσθε,
372 1021 484 1078 κάγὼ
515 1021 671 1076 ἕψομαι
699 1019 962 1078 πράττουσιν.
1015 1021 1249 1065 ἐκτιθέσθω
1275 1019 1417 1075 τόμος,
1455 1022 1523 1063 καὶ
1549 1020 1657 1064 ἀπο-

173 1089 417 1147 πεποιήσθω
434 1090 482 1133 τὸ
503 1088 651 1146 δόγμα,
675 1092 742 1133 καὶ
764 1088 1075 1145 ἀποβεβλήσθω
1093 1091 1141 1134 τὸ
1159 1090 1218 1133 δι’
1238 1090 1346 1143 υἱοῦ,
1377 1091 1412 1132 εἶ
1431 1087 1653 1143 βούλεσθε.

174 1159 251 1203 κᾶν
271 1160 329 1215 μὴ
351 1160 506 1214 ἕψομαι
527 1161 595 1201 καὶ
614 1157 754 1212 αὐτός,
776 1160 908 1203 καίτοι
932 1159 978 1216 γ’
1002 1159 1119 1210 εῗδώς
1138 1159 1326 1216 πατέρων
1346 1157 1472 1215 ῥητὸν
1493 1159 1560 1200 καὶ
1579 1157 1655 1210 μὲ-

55 1234 84 1267 Ρ
110 1232 156 1269 64
178 1245 255 1285 γαν
278 1228 557 1285 ἐπηρτημένον
593 1232 668 1283 τῆς
703 1226 972 1285 παροράσεως
994 1230 1204 1281 κίνδυνον,
1256 1227 1384 1276 αὐτὸς
1403 1227 1538 1270 αἰτίαν
1561 1227 1653 1279 ἕξω,
1666 1233 1710 1273 15

175 1298 252 1341 εἴτε
273 1297 356 1353 μὴν
378 1301 601 1352 πεισμονῆς
633 1297 710 1340 εἴτε
740 1298 823 1352 μὴν
853 1299 921 1340 καὶ
949 1298 1161 1353 αἱρέσεως·
1212 1296 1327 1340 θέλω
1355 1295 1435 1352 γὰρ
1461 1295 1537 1339 σὺν
1556 1293 1654 1350 ὑμῖν

173 1371 275 1409 πᾶσι
293 1367 360 1409 καὶ
380 1368 654 1420 δικαιωθῆναι
673 1367 738 1408 καὶ
759 1371 1075 1421 κατακριθῆναι.
1143 1367 1178 1408 εἶ
1196 1365 1238 1408 δ’
1262 1363 1377 1420 ὑμεῖς
1395 1364 1470 1418 μὲν
1491 1366 1655 1407 διευλα-

175 1439 321 1489 βεῖσθε
339 1434 414 1489 τὴν
436 1438 583 1491 πρᾶξιν
596 1467 608 1487 ,
645 1433 742 1490 ἡμῖν
762 1435 806 1477 δ’
834 1434 1106 1492 ἔπιφορτίζετε
1126 1434 1200 1490 τὴν
1221 1430 1449 1488 ἀποβολήν,
1487 1432 1655 1489 εὔλογον

171 1503 275 1547 εἶναι
294 1501 480 1556 πάντως,
508 1504 578 1546 ἵνα
594 1503 652 1559 μὴ
675 1504 742 1546 καὶ
767 1503 986 1560 ἀναγκαῖον
1006 1504 1128 1557 εἴπω,
1163 1502 1280 1559 ὑμῶν
1302 1501 1654 1556 διευλαβουμένων

173 1667 278 1713 igitur
300 1666 355 1701 hic
379 1666 479 1701 hodie
504 1667 628 1702 adsunt
650 1668 892 1713 patriarchae,
923 1668 1050 1703 adsunt
1072 1667 1244 1713 episcopi,
1275 1678 1343 1702 una
1367 1670 1421 1702 est
1443 1666 1556 1701 clerus
1577 1665 1654 1701 uni-

171 1725 306 1754 versus,
332 1725 395 1747 nec
419 1725 484 1747 non
508 1714 662 1748 monachi
692 1715 860 1760 religiosi,
895 1720 932 1748 et
962 1726 982 1748 e
1017 1715 1113 1748 laicis
1134 1715 1262 1759 quique
1282 1713 1467 1750 lectissimi.
1512 1712 1591 1747 volo
1617 1716 1655 1747 et

171 1759 269 1794 vobis
292 1760 480 1794 orthodoxe
503 1760 728 1794 sentientibus
752 1760 1016 1798 communicare.
1051 1766 1087 1794 et
1109 1772 1186 1794 cum
1213 1759 1330 1793 iisdem
1354 1759 1474 1802 vobis,
1509 1759 1539 1792 si
1560 1759 1654 1793 forte

171 1806 391 1840 communiter
414 1817 626 1852 quacumque
648 1806 780 1840 ratione
804 1818 825 1840 a
848 1812 943 1840 recto
966 1806 1166 1848 deflexistis,
1196 1817 1326 1851 poenae
1349 1805 1456 1841 omnis
1479 1816 1521 1840 ac
1544 1815 1654 1840 noxae

172 1864 242 1897 qua
271 1852 335 1886 hoc
358 1852 491 1886 nomine
522 1864 543 1887 a
573 1853 637 1887 deo
671 1853 844 1886 iudicante
878 1852 1090 1896 afficiamini,
1126 1856 1330 1886 consortium
1363 1851 1479 1886 subire
1509 1854 1654 1896 paratus

172 1910 259 1934 suin.
307 1903 481 1932 caeterum
504 1910 671 1944 quaerere
693 1910 754 1933 vos
778 1911 798 1932 a
822 1910 887 1941 me,
910 1903 947 1933 et
970 1910 1031 1932 nos
1054 1898 1186 1932 omnino
1211 1898 1255 1932 ad
1281 1898 1346 1932 hoc
1369 1908 1505 1942 cogere,
1528 1900 1568 1931 ut
1590 1897 1654 1932 ab·

173 1943 330 1979 iiciamus
354 1945 477 1989 dogma
498 1949 634 1990 patrum
657 1945 742 1979 adeo
767 1944 956 1990 antiquum,
986 1945 1029 1978 ab
1053 1945 1139 1979 adeo
1163 1944 1277 1978 multis
1301 1949 1481 1986 assertum,
1503 1953 1567 1977 vos
1591 1953 1656 1977 au-

171 1994 241 2024 tem
265 1991 389 2024 nullum
412 1991 540 2025 babere
573 1991 661 2025 velie
692 1996 883 2036 respectum
917 1990 1083 2025 rationum
1117 1990 1426 2036 allegationumque
1449 1994 1655 2031 nostrarum,

172 2047 238 2070 uec
261 2037 393 2070 omnino
415 2042 579 2082 reputare
602 2049 704 2083 quam
727 2037 854 2071 validis
885 2036 1139 2071 defensionibus
1171 2036 1305 2070 obiecta
1327 2035 1541 2081 repellimus,
1564 2034 1656 2070 haud

172 2082 254 2116 mihi
275 2082 413 2116 videtur
437 2094 580 2127 aequum
605 2095 682 2117 esse
705 2088 766 2117 aut
789 2088 1049 2117 consentaneum
1070 2082 1295 2117 moderationi
1318 2082 1352 2116 in
1375 2082 1420 2117 iis
1440 2080 1656 2116 necessariae

173 2127 234 2173 qui
256 2128 346 2162 bona
368 2128 438 2161 fide
461 2129 656 2163 dirimendis
682 2129 923 2163 controversiis
956 2130 1101 2174 pacique
1133 2128 1364 2163 conciliandae
1393 2128 1479 2162 dant
1500 2139 1520 2162 o
1547 2138 1654 2163 eram-

174 2185 294 2219 nempe
321 2173 365 2208 ad
397 2174 461 2208 hoc
495 2175 665 2220 utrimque
698 2175 822 2210 cedere
844 2175 1019 2221 quidpiam
1043 2179 1234 2210 tractantes
1256 2173 1428 2209 convenit.
1537 2184 1558 2207 o
1591 2183 1656 2207 an-

173 2225 243 2253 tem
271 2230 356 2263 ego,
391 2220 492 2254 etiam
516 2221 558 2254 ad
590 2221 708 2255 vivum
743 2233 922 2265 resecans,
959 2222 1061 2256 etiam
1095 2221 1163 2255 vim
1192 2221 1324 2255 faciens
1354 2218 1496 2265 proprio
1527 2217 1653 2253 sensui.

174 2265 266 2299 inest
289 2276 392 2310 porro
425 2270 461 2299 et
495 2267 577 2300 mihi
607 2268 788 2311 religiosus
815 2274 924 2302 metus
957 2267 1140 2303 aberrandi
1163 2279 1184 2302 a
1205 2270 1300 2301 recto
1323 2266 1493 2309 dogmate.
1538 2266 1654 2297 tamen

175 2322 258 2345 ecce
280 2310 456 2356 proprium
487 2313 651 2346 abdicans
675 2314 834 2348 iudicium
857 2314 956 2359 plane
977 2317 1093 2348 vester
1124 2313 1191 2355 fio,
1225 2311 1492 2356 disciplinaeque
1513 2320 1567 2343 me
1593 2320 1655 2343 ve-

174 2362 270 2391 strae
293 2357 448 2391 subiicio.
495 2358 636 2392 docilem
661 2371 702 2393 en
726 2371 780 2393 me
801 2360 938 2394 habetis
961 2360 1171 2401 auditorem;
1194 2358 1307 2392 ducite
1329 2355 1486 2401 magistri
1507 2366 1575 2400 quo
1598 2354 1654 2389 lu-

175 2405 236 2437 bet
260 2403 472 2437 credulitatis
496 2409 639 2449 paratae
659 2405 868 2450 discipulum.
916 2407 1038 2439 edatur
1060 2409 1182 2448 tomus,
1211 2403 1415 2448 reprobetur
1436 2402 1571 2445 dogma,
1593 2411 1654 2435 re-

173 2449 325 2490 ficiatur,
349 2449 377 2482 si
400 2449 452 2483 ita
475 2449 588 2488 vultis,
614 2462 656 2484 ex
680 2451 911 2485 declaratione
939 2451 1126 2485 divinarum
1150 2449 1396 2484 emanationum
1419 2446 1545 2486 mentio
1567 2457 1653 2492 pro-

176 2495 336 2529 cessionis
359 2494 511 2539 Spiritus
534 2495 654 2530 Sancti
679 2508 720 2530 ex
744 2502 844 2541 patre
868 2508 929 2540 per
951 2497 1069 2530 filium.
1115 2495 1182 2530 uisi
1204 2506 1330 2539 sequar
1350 2498 1387 2528 et
1407 2492 1483 2538 ipse
1501 2493 1652 2537 (utcum-

173 2553 242 2588 que
265 2540 420 2575 conscius
444 2542 606 2575 contrarii
628 2548 764 2587 patrum
789 2542 906 2584 effati,
938 2553 1002 2576 nec
1032 2542 1191 2586 ignorans
1223 2551 1324 2586 quam
1348 2550 1471 2584 magno
1495 2538 1650 2584 periculo

174 2587 364 2623 auctoritas
385 2592 486 2621 tanta
508 2587 744 2631 negligatur),
777 2588 853 2631 ipse
876 2588 1007 2641 culpam
1032 2587 1163 2622 habebo
1187 2585 1260 2621 sive
1282 2585 1484 2620 temerariae
1506 2595 1653 2629 persua-

173 2633 277 2668 sionis
307 2644 368 2667 seu
402 2632 504 2668 etiam
538 2635 729 2668 haereseos.
777 2635 855 2667 volo
888 2645 976 2667 emm
998 2632 1173 2667 vobiscum
1194 2631 1414 2667 communiter
1436 2630 1591 2665 omnihus
1613 2632 1653 2665 et

172 2679 353 2714 iustificari
382 2683 418 2713 et
450 2679 676 2714 condemnari.
721 2679 774 2714 sin
805 2690 867 2713 vos
897 2682 996 2713 tenet
1026 2678 1234 2713 verecundia
1265 2689 1309 2712 ne
1338 2677 1526 2723 reprobare
1558 2675 1653 2711 dicta

173 2730 309 2771 patrum
331 2725 506 2768 audeatis,
540 2731 577 2760 et
607 2725 643 2760 in
677 2737 738 2760 nos
760 2725 954 2760 deoneratis
983 2724 1067 2759 facti
1091 2724 1165 2759 eius
1185 2724 1368 2766 invidiam,
1398 2723 1450 2758 ita
1479 2726 1518 2757 ut
1549 2732 1652 2768 qua-

173 2783 237 2816 per
267 2782 329 2806 vos
362 2771 520 2816 refugitis
542 2772 728 2807 decernere
750 2771 1007 2816 abrogationem
1029 2771 1209 2806 doctrinae
1232 2782 1254 2805 a
1276 2769 1406 2804 sanctis
1429 2769 1522 2803 clare
1544 2768 1654 2803 tradi·-

172 2822 244 2861 tae,
267 2817 365 2853 nobis
387 2818 620 2854 attentandam
642 2818 842 2864 iniungatis,
857 2817 913 2854 aio
935 2828 1011 2853 meo
1033 2817 1109 2853 iure
1130 2828 1173 2852 ac
1197 2816 1366 2852 contendo
1390 2818 1654 2851 consentaneum
