1858 3126
253 181 348 226 808
642 178 950 223 OBSERVAT.
983 178 1291 226 PACHYMER.
1362 202 1366 206 ·

253 291 407 331 rissime
435 287 714 341 deprehendit,
748 288 787 327 in
811 288 948 327 urbem
978 288 1153 327 Sinensis
1171 288 1282 339 regni
1299 289 1468 328 Suceum
1484 290 1556 330 snb
1574 289 1701 328 finem*

254 348 347 386 anni
375 345 521 384 Christi
547 343 654 386 1605
687 344 932 396 perveniens.
988 345 1157 396 denique
1182 344 1226 383 id
1253 344 1384 397 ipsum
1408 345 1552 384 diserte
1566 346 1696 384 Abul-

255 401 466 455 pharagius
494 400 588 439 alibi
616 406 793 450 testatur,
823 413 963 452 nempe
983 415 1020 452 p.
1041 401 1120 443 351
1143 400 1260 439 huius
1280 400 1405 453 ipsius
1422 401 1484 439 sui
1498 401 1695 441 Chronici.

367 457 434 496 VI.
490 456 567 494 Hic
589 462 739 495 caetera
766 456 940 496 breviter
965 456 1127 495 secundi
1148 457 1430 507 Mogulensium
1451 456 1699 509 imperatoris

123 522 150 555 P
173 520 239 555 586
263 519 348 552 acta
376 512 607 561 reddemus,
638 526 683 550 eo
710 513 899 551 libentius
925 513 1034 564 quod
1061 526 1159 564 quae
1183 512 1326 551 horum
1354 513 1535 565 proxime
1551 525 1700 552 occur-

257 576 352 609 runt
365 599 375 619 ‚
404 568 662 607 illustrandae
676 568 770 607 huic
790 575 948 607 nostrae
967 569 1294 621 Pachymerianae
1321 568 1509 607 historiae
1527 582 1609 607 non
1629 582 1700 621 pa-

257 640 349 665 rum
369 625 661 663 accommodata
683 625 1048 677 deprehenduntur.
1104 638 1307 664 reversum
1324 638 1344 662 e
1363 625 1516 663 Sinensi
1535 624 1702 676 expedi-

258 683 367 720 tione
391 683 562 719 Kaanem
589 681 901 733 Abulpharagius
931 687 1121 720 memorat
1146 684 1263 718 Bata
1292 681 1375 719 sive
1401 681 1550 731 Batuo‚
1576 681 1609 718 Τ
1612 680 1700 718 usbi

256 737 390 777 fratris
411 737 472 775 sui
492 743 589 775 natu
610 737 773 776 maximi
800 751 928 789 nuper
953 737 1099 776 mortui
1120 736 1201 775 filio
1216 766 1227 786 ,
1253 749 1480 775 numerosas
1494 743 1533 775 et
1550 736 1701 775 validas

258 793 411 833 dedisse
435 793 582 845 copias,
610 807 701 831 cum
724 793 908 832 mandato
926 793 1219 846 expeditionem
1235 793 1475 845 suscipiendi
1490 793 1534 831 in
1551 798 1702 831 tractus

259 849 587 902 septentrionales
619 855 658 887 et
695 849 926 900 subiugandi
950 849 1219 898 Sclavoniam,
1268 848 1469 899 Alaniam,
1506 848 1699 894 nussiam,

258 905 492 956 Bulgariam.
548 904 657 943 hisce
677 905 952 957 obtemperans
972 905 1166 944 mandatis
1185 906 1335 943 Batuus
1361 905 1536 956 ingentes
1552 910 1704 943 morta-

256 963 357 1000 lium
382 967 527 1012 strages
559 961 702 1001 ediditz
739 975 854 1011 nam,
891 967 938 999 ut
956 961 1009 1000 ibi
1031 961 1085 1000 ait
1115 961 1447 1013 Abulpharagius,
1482 974 1571 999 cum
1591 961 1703 998 Kaan

256 1016 601 1070 proficiscentibus
632 1017 683 1056 ad
709 1016 788 1056 hoc
817 1017 964 1056 bellum
998 1017 1187 1056 militibus
1214 1017 1401 1056 edixisset
1430 1022 1477 1055 ut
1499 1016 1710 1055 hominuml

261 1086 360 1124 quos
389 1073 556 1124 quisque
587 1073 783 1113 occideret
808 1087 941 1112 aurem
967 1073 1194 1122 dexteram,
1235 1074 1284 1111 ad
1309 1073 1502 1111 indicium
1532 1072 1693 1111 numeris

260 1129 426 1168 recisam
458 1142 479 1166 e
507 1129 696 1168 cadavere
725 1143 858 1169 secum
892 1129 1084 1179 auferret,
1114 1129 1184 1180 qui
1216 1129 1327 1167 ferali
1356 1128 1450 1167 huic
1469 1129 1606 1167 censui
1623 1127 1696 1166 han

261 1185 391 1223 bendo
406 1184 595 1236 praefecti
616 1191 748 1235 erant,
778 1186 946 1223 ducenta
963 1185 1211 1237 septuaginta
1239 1183 1443 1223 hominum
1463 1184 1588 1222 millia
1604 1189 1697 1222 tota-

263 1241 353 1279 dem
374 1240 634 1279 exhibitarum
655 1241 882 1280 dextrarum
901 1241 1166 1279 auricularum
1187 1247 1412 1292 argumento
1429 1243 1699 1293 compererunt

262 1298 354 1335 neci
371 1297 517 1335 tradita
536 1297 669 1338 fuisse.
726 1297 837 1336 addit
853 1297 974 1335 Arabs
991 1297 1255 1347 chronologus
1266 1325 1278 1346 ,
1306 1310 1349 1336 re
1365 1297 1464 1336 bene
1480 1296 1524 1335 in
1543 1297 1699 1336 Sclave-

262 1354 330 1391 nia
356 1359 486 1403 gesta,
530 1353 752 1392 decrevisse
781 1354 950 1391 Batuum
976 1353 1125 1392 adoriri
1154 1352 1559 1405 Constantinopolim,
1598 1363 1629 1397 et
1649 1362 1697 1389 eo

264 1410 395 1447 animo
422 1409 464 1446 in
493 1409 711 1460 Bulgariam
732 1409 912 1448 movisse.
969 1410 1038 1448 sed
1065 1409 1149 1448 illic
1174 1409 1356 1447 habuisse
1375 1409 1512 1447 obvios
1530 1409 1700 1447 Franco·-

263 1479 353 1503 rum
375 1478 504 1514 reges,
533 1465 610 1503 hoc
625 1472 684 1504 est
704 1466 824 1503 duces
855 1465 1081 1504 Latinorum
1107 1466 1177 1516 qui
1211 1471 1308 1503 tunc
1327 1461 1700 1515 Constantinopolim

265 1521 472 1569 tenebant,
502 1521 567 1570 qui
586 1522 854 1571 frequentibus
872 1522 1028 1572 praeliis
1050 1521 1178 1560 victos
1197 1521 1441 1571 Mogulenses
1470 1516 1701 1572 tet-gadars

266 1576 475 1626 co'e'gerzcnt
493 1576 629 1624 (verba
647 1583 740 1614 sunt
758 1577 1057 1627 Abulpharagii)
1075 1576 1173 1615 adeo
1192 1584 1238 1614 ut
1258 1577 1309 1614 ab
1325 1577 1392 1614 hie
1411 1574 1701 1614 incursionibus

265 1632 414 1667 reversi
448 1630 709 1681 Mogulenses·
737 1631 856 1668 haud
885 1634 1027 1670 iterum
1054 1631 1113 1669 ad
1130 1633 1239 1670 hunc
1266 1647 1390 1684 usque
1408 1631 1510 1670 diem
1530 1631 1701 1669 Graeco-

265 1700 358 1723 rum
391 1687 684 1725 Francorumve
716 1690 895 1738 regiones
930 1690 1113 1739 aggressi
1132 1690 1310 1738 fuerint.
1372 1688 1443 1726 tali
1481 1686 1700 1725 narratione

264 1742 481 1780 multorum
502 1756 694 1781 annorum
711 1743 812 1780 bella
834 1749 873 1780 et
889 1743 1135 1781 incursiones
1153 1743 1196 1780 in
1220 1743 1348 1781 varias
1362 1742 1518 1795 imperii
1538 1741 1699 1780 Romani

266 1798 476 1836 Orientalis
500 1805 653 1850 partes,
682 1798 836 1836 diverso
864 1812 1049 1836 successu
1075 1813 1097 1836 a
1114 1799 1399 1849 Megalensibus
1427 1805 1611 1848 tentatas,
1637 1797 1700 1835 in-

265 1853 334 1891 nui
353 1854 446 1892 satis
471 1860 658 1906 apparet3
687 1854 791 1893 unde
816 1868 897 1892 non
917 1868 1019 1892 vana
1040 1854 1267 1893 coniectura
1285 1856 1338 1894 sit
1354 1854 1462 1893 hunc
1482 1853 1702 1892 circummi-

265 1915 425 1947 nantem
444 1910 870 1962 Romanis-provinciis
890 1909 1150 1948 Tocharicum
1169 1911 1405 1960 tumultum,
1435 1911 1483 1949 ab
1501 1924 1598 1948 anno
1617 1909 1707 1948 cir·-

267 1964 366 2003 citer
386 1965 552 2016 Hegirae
572 1968 654 2008 628
675 1967 726 2004 ad
744 1969 838 2015 638,
859 1966 936 2004 hoc
956 1973 1014 2005 est
1034 1966 1080 2004 ab
1101 1980 1204 2004 anno
1225 1966 1370 2005 Christi
1392 1969 1499 2009 1230
1517 1967 1567 2004 ad
1583 1965 1702 2014 1240,

267 2020 523 2071 inquietasse,
559 2022 703 2073 partim
728 2022 892 2060 Nicaeae
915 2022 1159 2061 dominantes
1189 2023 1347 2062 Graecis
1379 2022 1595 2071 Lascarim,
1635 2025 1705 2059 aut

266 2075 486 2128 Batatzam,
526 2078 671 2129 partim
701 2078 960 2130 imperantem
994 2079 1332 2131 Constantinopoli
1354 2078 1589 2116 Balduinum
1620 2077 1705 2116 eius

266 2132 437 2169 nominis
461 2135 687 2172 secundum.
745 2134 885 2173 fortius
913 2148 1033 2186 porro
1065 2148 1111 2172 ac
1137 2135 1289 2174 felicius
1311 2134 1500 2173 restitisse
1519 2131 1706 2172 Tochari·

266 2186 425 2226 Latinos
450 2202 567 2239 quam
597 2190 767 2228 Graecos
796 2204 841 2228 eo
867 2190 992 2239 bello,
1031 2190 1138 2241 quod
1166 2191 1268 2229 forte
1292 2203 1430 2242 patum
1447 2189 1613 2228 candide
1627 2190 1707 2228 Pa-

268 2241 469 2293 chymeres
495 2244 777 2294 dissimulavit,
817 2246 962 2285 diserte
990 2245 1056 2284 hic
1087 2246 1258 2285 affirmat
1277 2245 1600 2298 Abulpharagius.
1654 2256 1708 2282 ex

270 2311 349 2347 quo
368 2299 484 2336 etiam
501 2300 686 2340 discimus
706 2301 882 2340 debuisse
915 2303 1082 2340 Graecos
1108 2302 1338 2340 fortitudini
1362 2301 1609 2347 Latinorum,
1638 2299 1707 2338 vi-

271 2354 407 2391 ctoriis
437 2355 479 2392 in
505 2356 687 2406 Bulgaria
719 2357 767 2395 de
794 2358 1084 2407 Megalensibus
1113 2358 1246 2396 relatis
1278 2358 1482 2409 probatae,
1509 2367 1707 2394 recessum

270 2407 540 2452 Tocharorum
567 2412 614 2449 ab
647 2412 822 2464 ipsorum
852 2413 1016 2461 finibus;
1053 2427 1076 2451 a
1111 2414 1251 2464 quibus
1280 2413 1384 2451 bello
1413 2410 1609 2450 tentandis
1627 2410 1722 2448 nisi:

271 2470 421 2504 terrore
436 2465 664 2505 Latinorum
687 2467 846 2506 cohibiti
865 2475 1166 2522 temperassent,
1197 2475 1382 2520 quantum
1401 2465 1618 2518 profecturi
1637 2466 1707 2504 fo·-

271 2526 383 2570 rent,
415 2523 679 2560 consternatio
700 2523 939 2562 Graecorum
957 2525 1006 2562 ad
1025 2525 1147 2562 solam
1171 2524 1404 2562 mentionem
1430 2522 1519 2559 belli
1541 2521 1704 2559 Tocha-

271 2575 344 2614 rici
363 2589 477 2629 saepe
495 2590 539 2615 ac
561 2578 647 2616 fuse
665 2591 686 2614 a
707 2578 943 2630 Pachymere
963 2586 1173 2618 memorata
1192 2580 1285 2617 satis
1303 2577 1570 2628 augurandum
1588 2591 1705 2629 prae-

273 2630 350 2672 bet.
405 2631 486 2671 huc
506 2633 609 2671 enim
629 2633 715 2672 sine
736 2634 856 2672 dubio
876 2636 1075 2686 pertinent
1095 2648 1192 2685 quae
1210 2635 1279 2672 ille
1301 2635 1380 2674 vol.
1398 2633 1417 2671 Ι
1433 2647 1474 2686 p.
1497 2636 1576 2675 133
1597 2646 1636 2673 v-
1655 2635 1707 2675 10

272 2694 407 2726 narrat
428 2689 477 2727 de
499 2695 649 2728 terrore
675 2689 956 2741 imperatorum
985 2690 1272 2738 Nicaeensium,
1301 2690 1451 2741 quoties
1471 2702 1609 2728 rumor
1625 2689 1708 2726 To·-

274 2743 483 2783 charorum
504 2744 776 2796 increbuerat;
809 2751 895 2783 tum
915 2758 1013 2797 quae
1039 2760 1078 2796 p.
1100 2746 1179 2788 149
1207 2759 1246 2784 v.
1271 2749 1296 2787 6
1325 2746 1444 2784 refert
1463 2745 1511 2782 de
1529 2750 1708 2783 conster-

269 2799 426 2839 natione
448 2801 588 2843 Panica
606 2801 767 2843 Nicaeae
785 2801 894 2841 urbis
912 2801 962 2841 ad
983 2807 1113 2841 ortum
1130 2814 1179 2842 ex
1198 2815 1299 2842 vano
1320 2812 1498 2842 murmur
1514 2799 1708 2854 irruptio·-
