1858 3126
286 206 381 252 802
675 204 983 248 OBSERVAT.
1008 199 1322 250 PACHYMER.

280 315 458 367 guntione
479 313 656 363 avellere,
674 314 835 353 tandem
852 313 887 352 ei
904 313 1114 366 persuadet
1131 313 1336 353 traiectum
1351 313 1392 352 in
1412 314 1629 355 Occiduum
1640 322 1729 355 tra-

284 378 403 419 ctum,
432 375 477 408 ut
503 370 555 407 ibi
582 370 711 421 copias
743 384 831 408 cum
856 371 967 422 prius
996 383 1041 408 eo
1071 372 1246 422 profecto
1262 369 1450 408 Michaele
1466 370 1639 422 Augusto
1664 373 1729 411 iu-

282 427 394 465 niore
423 425 685 477 coniungeret.
741 440 831 478 ergo
861 426 926 464 ille
962 427 1113 465 cunctis
1144 426 1329 465 Romanis
1367 426 1586 478 regionibus
1626 441 1729 478 qua-

283 496 360 534 qua
395 482 552 520 transiit
579 483 763 532 vastatis,
783 483 931 535 'copias
961 483 1127 533 denique
1159 483 1333 521 traducit
1368 483 1512 534 partim
1536 482 1730 534 Mitylene

282 539 429 591 partim
461 539 671 589 Lampsaco
717 539 924 590 Madytum
969 545 1010 577 et
1046 539 1087 576 in
1132 540 1206 578 alia
1252 538 1488 577 continentis
1534 539 1730 578 Occiduae

283 596 390 646 loca,
426 595 494 632 ubi
525 596 720 634 Romanos
742 595 938 634 hostiliter
964 595 1137 634 Catelani
1170 594 1397 647 depraedati
1426 599 1532 633 suut.
1594 601 1732 634 narrat

284 651 382 689 haec
421 650 677 703 Pachymeres
710 652 736 690 l.
766 654 792 694 6
837 665 869 690 c.
899 655 937 694 8.
1012 664 1111 700 quae
1155 651 1236 689 sine
1275 651 1394 689 dubio
1437 650 1636 702 pertinent
1679 651 1733 689 ad

284 707 498 745 Octobrem
519 713 588 746 aut
604 707 863 746 Novembrem
880 707 972 745 anni
993 708 1088 745 Chr.
1108 711 1235 756 1306,
1264 707 1422 757 quando
1447 706 1625 744 nondum
1645 707 1732 745 An-

284 763 469 802 dronicus
489 763 543 805 24
557 792 567 812 ‚
597 763 762 802 Michael
787 767 836 805 13
856 763 1007 815 imperii
1026 777 1171 802 annum
1191 764 1456 815 expleverant.
1511 763 1618 801 unde
1636 763 1734 802 ulti-

284 833 391 858 mum
412 819 455 857 id
474 824 628 870 tempus
653 826 710 857 est
730 833 808 870 quo
834 833 972 858 verum
1000 832 1079 856 esse
1099 820 1231 871 potuit
1251 819 1351 858 illud
1370 818 1478 870 quod
1500 819 1635 858 scribit
1655 833 1732 857 no-

283 881 366 920 ster
383 876 425 913 in
443 876 574 913 fronte
590 875 680 914 libri
699 875 871 927 septimi:
899 876 1091 914 ambobus
1120 878 1206 913 iam
1232 875 1560 927 imperatoribus,
1586 876 1734 913 senior-1:

285 930 445 983 quidem
470 933 629 969 tertiam
658 939 694 969 et
717 933 971 982 vicesimum,
1008 933 1163 970 iuniori
1190 939 1324 970 autem
1352 930 1631 969 duodecimum
1654 945 1733 970 an·-

284 1002 380 1026 num
408 989 566 1038 imperii
595 989 725 1026 evolvi
763 990 947 1039 contigit.
1016 988 1207 1039 progressi
1239 989 1339 1026 enim
1371 993 1536 1037 uterque
1563 987 1733 1026 multum

284 1050 398 1082 erant
423 1043 463 1080 in
492 1057 594 1081 anno
613 1043 680 1082 ille
699 1043 766 1094 24,
795 1044 860 1082 hic
883 1047 947 1093 13,
970 1044 1038 1082 sed
1066 1051 1205 1082 neuter
1228 1045 1339 1082 illum
1367 1043 1600 1083 absolverat:
1630 1043 1734 1082 desi-

283 1105 388 1138 nunt
414 1099 517 1137 enim
547 1100 639 1138 anni
670 1113 791 1150 aeque
816 1100 1021 1138 amborum
1044 1106 1218 1138 extremo
1246 1099 1459 1138 Decembri.
1515 1112 1610 1137 usus
1640 1112 1735 1150 ergo

283 1156 516 1207 repetitione
535 1155 703 1207 quadam
722 1162 782 1194 est
803 1157 897 1195 dum
917 1156 992 1194 ista
1013 1157 1166 1206 scripsit
1184 1156 1456 1207 Pachymeres,
1483 1161 1523 1192 et
1545 1161 1654 1194 retro
1682 1168 1735 1193 ex

284 1224 329 1249 ea
351 1225 468 1262 quam
487 1218 573 1250 tum
595 1213 792 1251 tractabat
810 1212 995 1250 memoria
1014 1212 1161 1261 resiliit,
1189 1212 1391 1263 insignire,
1414 1217 1460 1249 ut
1481 1210 1632 1262 opinor,
1659 1220 1736 1250 vo-

283 1268 366 1306 lens
382 1280 518 1306 verum
537 1269 694 1307 initium
709 1267 800 1306 belli
822 1268 1053 1316 Catelanici,
1081 1268 1189 1319 quod
1215 1269 1247 1306 si
1268 1268 1354 1318 quis
1377 1273 1480 1305 recte
1503 1268 1735 1315 consideret,

284 1336 335 1361 ex
353 1323 429 1361 hoc
445 1330 620 1376 tempore
638 1324 835 1376 processit.
892 1325 963 1362 etsi
985 1325 1086 1362 enim
1106 1324 1234 1362 adhuc
1250 1323 1482 1362 Rontzerius
1500 1329 1541 1361 et
1561 1324 1640 1362 eius
1658 1324 1736 1361 mi·-

283 1381 372 1418 lites
392 1393 432 1417 se
451 1380 722 1432 stipendiarios
745 1379 897 1432 imperii
922 1381 1118 1429 serebant,
1155 1387 1287 1418 tamen
1311 1393 1390 1418 non
1420 1379 1536 1417 dubie
1563 1384 1737 1431 apertam

284 1436 538 1482 desectionem
557 1435 905 1485 machinabantur,
934 1436 1043 1475 cuius
1066 1443 1173 1475 certa
1189 1436 1334 1474 iudicia
1356 1436 1578 1473 Genuenses
1591 1435 1738 1486 degen-

284 1498 341 1529 tes
362 1492 520 1529 Galatae
541 1493 767 1531 Andronico
790 1493 1036 1541 detulerunt,
1064 1499 1112 1531 ut
1140 1498 1274 1531 noster
1300 1493 1421 1531 refert
1439 1492 1466 1533 l.
1486 1494 1512 1533 6
1538 1505 1570 1530 c.
1590 1495 1616 1534 6
1639 1497 1678 1529 et
1697 1493 1737 1532 9.

286 1553 325 1584 et
343 1559 434 1583 sane
456 1560 516 1584 res
532 1548 573 1585 id
594 1549 699 1599 ipsae
717 1548 1001 1598 loquebantur:
1029 1562 1120 1587 nam
1143 1562 1194 1587 ex
1211 1546 1289 1587 hoc
1311 1547 1539 1600 praesertim
1562 1553 1739 1598 tempore

286 1603 446 1641 relictae
475 1604 771 1654 oppugnationis
791 1605 1003 1655 Magnesiae
1030 1599 1129 1643 nihil
1153 1604 1280 1643 minus
1304 1603 1568 1642 contumaciae
1596 1602 1638 1640 in
1661 1603 1738 1639 im-

287 1663 530 1710 peratorem,
580 1659 761 1696 saevitiae
796 1660 839 1698 in
871 1661 1067 1699 Romanos
1101 1673 1233 1697 omnes
1264 1659 1434 1697 Catelani
1467 1663 1739 1696 monstrarunt

289 1727 407 1764 quam
428 1713 502 1764 ipsi
526 1713 658 1751 hostes
676 1715 812 1752 Persae
841 1715 1010 1754 barbari.
1069 1729 1115 1752 ac
1145 1728 1378 1765 quamquam
1408 1726 1473 1752 eos
1490 1714 1739 1754 Andronicus

289 1776 459 1808 tractare
477 1769 607 1807 adhuc
622 1774 669 1808 ut
690 1770 814 1808 socios
831 1771 1027 1822 pergebat,
1047 1771 1188 1822 ignavo
1208 1770 1444 1809 constrictus
1461 1776 1581 1818 metu,
1609 1775 1739 1807 tamen

291 1827 391 1863 alter
411 1826 623 1876 imperator
633 1825 803 1873 ¹Michatil
825 1840 897 1877 pro
916 1827 1020 1865 veris
1044 1840 1120 1875 eos,
1149 1825 1281 1878 quales
1299 1832 1423 1874 erant,
1452 1826 1578 1877 palam
1598 1825 1741 1863 habuit
1797 1847 1801 1852 ‹

290 1881 480 1930 hostibus,
499 1881 709 1932 adiungere
723 1882 810 1920 illos
829 1882 902 1920 sibi
916 1895 1084 1920 renuens
1100 1883 1259 1921 iubente
1279 1882 1370 1920 licet
1387 1888 1512 1932 patre,
1531 1887 1571 1921 et
1588 1881 1741 1920 irruere

290 1939 331 1975 in
352 1938 455 1989 ipsos
472 1950 511 1975 se
528 1944 710 1988 paratum
726 1939 865 1987 serens,
893 1944 941 1976 ut
958 1938 1074 1976 docet
1092 1945 1226 1977 noster
1243 1939 1269 1976 1.
1288 1941 1313 1979 6
1334 1951 1366 1975 c.
1383 1941 1409 1979 3
1430 1943 1470 1975 et
1490 1941 1555 1978 13.

404 1993 501 2031 VIII.
559 1993 704 2032 verum
724 1994 882 2044 quidem
902 2000 961 2032 est
980 1995 1061 2045 geri
1081 2001 1259 2047 coeptum
1286 2007 1305 2030 a
1327 1993 1517 2030 Catelanis
1533 1993 1575 2030 in
1592 1993 1741 2031 Romu-

291 2063 363 2088 nos
382 2049 505 2088 multo
524 2050 691 2100 apertius
707 2055 745 2086 et
757 2050 963 2088 immanius
980 2050 1124 2089 bellum
1144 2057 1233 2102 post
1251 2062 1383 2088 necem
1402 2049 1613 2096 Rontzerii,
1641 2060 1741 2099 quae

294 2118 397 2144 anno
426 2105 601 2155 sequenti
627 2106 800 2156 contigit.
857 2106 925 2144 sed
952 2106 1045 2144 inde
1077 2107 1183 2146 aliud
1212 2119 1293 2144 non
1321 2105 1528 2143 conficitur
1555 2104 1628 2142 nisi
1658 2105 1739 2142 duo

295 2160 406 2211 quasi
421 2161 536 2198 fuisse
558 2161 668 2199 initia
689 2162 896 2199 Catelanici
920 2162 1032 2210 belli,
1062 2176 1228 2213 quorum
1253 2162 1419 2199 alterum
1437 2161 1486 2198 ad
1507 2166 1740 2198 autumnum

296 2216 390 2254 anni
409 2216 554 2254 Christi
575 2219 695 2268 1306,
725 2217 890 2255 alterum
909 2218 959 2254 ad
975 2231 1046 2256 ver
1063 2220 1155 2257 anni
1174 2221 1280 2260 1307
1295 2217 1475 2268 pertinet.
1529 2215 1635 2254 unde
1652 2227 1742 2253 cre-

298 2272 424 2309 dimus
442 2272 718 2323 Pachymerem
738 2287 827 2311 cum
852 2274 1022 2312 secundo
1042 2274 1246 2313 referendo
1266 2286 1306 2310 se
1327 2273 1561 2323 accingeret,
1589 2271 1630 2308 in
1654 2271 1740 2321 ipso

297 2327 431 2364 limine
445 2328 534 2365 libri
550 2332 576 2369 7
591 2328 731 2379 prioris
748 2329 934 2380 epocham
952 2342 1001 2367 ex
1020 2335 1126 2368 retro
1144 2330 1241 2368 actis
1256 2329 1474 2375 retraxisse,
1501 2327 1612 2376 eique
1628 2339 1740 2363 men-s

297 2382 404 2419 tione
422 2383 667 2421 coniunxisse
684 2391 825 2422 eventa
841 2385 977 2433 multa,
997 2398 1166 2435 quorum
1184 2385 1372 2436 quaedam
1390 2381 1613 2434 posterioris
1630 2387 1741 2419 erant

299 2438 528 2486 memoriae,
554 2444 594 2476 et
611 2452 690 2476 non
711 2440 762 2478 ad
781 2454 928 2478 annum
950 2441 1162 2480 Andronici
1182 2444 1236 2483 23
1256 2440 1473 2491 expletum,
1502 2436 1556 2477 24
1575 2450 1741 2475 curren-

300 2499 394 2542 tem,
423 2493 619 2532 Michaelis
638 2498 688 2535 12
704 2496 913 2546 expletum,
945 2501 995 2538 13
1016 2504 1250 2546 currentem,
1279 2495 1345 2544 qui
1364 2493 1437 2531 fuit
1455 2491 1596 2529 Christi
1619 2496 1740 2542 1306,

299 2550 569 2600 pertinebant,
598 2549 666 2587 sed
692 2550 743 2587 ad
770 2557 990 2600 sequentem
1023 2553 1112 2593 Chr.
1139 2554 1264 2599 1307,
1293 2562 1371 2599 quo
1398 2547 1642 2585 Andronicus
1673 2549 1740 2597 25,

297 2604 464 2644 Michaffl
486 2604 535 2648 14
555 2605 766 2647 iniverant.
812 2605 909 2644 haec
934 2607 1052 2657 igitur
1069 2607 1211 2646 solutio
1235 2611 1294 2642 est
1321 2603 1547 2642 obiectionis
1565 2603 1741 2654 superius

301 2673 341 2700 n.
360 2663 386 2703 5
404 2661 633 2714 propositae.
689 2661 860 2699 concedo
879 2668 1118 2711 secuturum,
1146 2661 1252 2711 quod
1271 2660 1495 2712 opponitur,
1523 2659 1741 2697 incommo-

300 2717 397 2755 dum
419 2717 674 2756 submotionis
703 2716 895 2754 adventus
919 2717 961 2754 in
980 2717 1118 2756 urbem
1140 2717 1338 2755 Rontzerii
1356 2722 1464 2754 retro
1489 2715 1530 2753 in
1554 2715 1741 2753 indictio-

301 2785 390 2811 nem
416 2774 600 2825 primam,
628 2773 660 2811 si
685 2771 882 2810 Michaelis
904 2771 1064 2823 Augusti
1099 2774 1244 2824 duplex
1278 2786 1300 2809 a
1329 2771 1520 2810 Catelanis
1545 2770 1672 2808 clades
1700 2775 1741 2808 et

302 2829 394 2866 inde
415 2835 543 2868 secuta
563 2829 645 2867 eius
670 2829 775 2866 intra
793 2828 1107 2880 Didymotichum
1126 2829 1288 2868 inclusio
1306 2829 1347 2866 in
1365 2840 1511 2866 annum
1527 2825 1738 2865 Andronici
