1858 3126
269 191 368 240 686
661 191 973 237 OBSERVAT.
1006 187 1316 237 PACHYMER.

266 308 347 342 tur.
402 299 563 339 memini
580 305 620 339 et
639 299 785 340 alicubi
804 300 929 353 legere
944 295 1167 356 ’δεξαμενήν
1186 307 1382 342 vocatum.
1433 303 1561 345 Latini
1573 307 1707 358 pisci-

266 371 362 398 nam
382 357 598 409 appellant.

376 413 525 465 ἰχνηλ
537 409 629 465 ἄτη
643 427 676 461 ς.
732 410 809 452 hoc
825 414 988 454 verbum
1006 415 1131 467 priori
1149 427 1170 453 a
1191 427 1254 453 me
1276 414 1477 454 Glossario
1495 421 1707 456 tractatum

264 483 443 522 repono,
471 483 520 508 ne
553 469 739 508 lectorem
765 470 913 509 lateant
942 485 1042 523 quae
1074 471 1257 510 Claudius
1284 471 1485 510 Maltretus
1503 471 1586 511 illic
1605 485 1709 512 ame

266 526 413 578 scripta
446 525 577 576 legens
607 526 656 564 (le
684 539 755 564 suo
786 528 957 565 contulit
983 528 1031 566 ad
1059 541 1143 566 rem
1163 528 1274 566 illam
1290 527 1585 576 illustrandam,
1612 540 1711 567 auro

265 589 407 621 contra
428 596 508 620 non
534 596 636 623 cara.
695 583 720 603 “
740 583 898 620 Texeira
928 583 1107 637 (inquit)
1138 584 1343 622 Lusitanus
1370 584 1412 622 in
1430 583 1595 624 historia
1616 585 1712 622 Per-

265 639 360 678 sidis
388 639 416 678 l.
441 642 460 680 1
491 651 526 677 c.
546 638 600 680 35
629 638 807 676 meminit
823 640 923 690 regis
944 641 1146 678 cuiusdam
1168 641 1310 678 Resere
1328 639 1545 678 Anax-iton
1565 639 1710 679 vocati.

267 695 301 733 is
333 693 523 733 nimirum
551 700 610 732 est
633 694 823 732 chosroes
842 697 1118 734 Anas-uranus·
1136 697 1197 734 tui
1217 696 1419 747 symeonis
1436 695 1544 737 Seth.
1585 695 1714 734 -addit

266 751 432 790 Texeira
459 750 544 788 eius
577 751 678 801 regis
703 757 880 803 tempore
908 753 1058 790 delatos
1091 766 1139 790 ex
1165 752 1279 790 India
1302 753 1345 790 in
1372 751 1570 791 Persidem
1588 752 1712 791 libros

267 807 367 846 duos
403 805 721 859 philosophicos,
761 821 931 858 quorum
971 809 1039 846 uni
1075 822 1218 847 nornen
1259 808 1335 846 fuit
1377 807 1558 857 Celilalz,
1599 806 1713 846 alteri

271 861 549 902 Vuademana.
606 876 730 901 unum
761 864 947 902 nimirum
973 864 1118 902 librum
1149 863 1284 902 divisit
1307 864 1350 902 in
1377 865 1496 913 duos,
1526 877 1600 916 pro
1633 863 1713 902 ‹lu-

293 919 362 957 lici
404 919 562 957 nomine
607 919 781 957 duorum
820 920 1182 972 interloquutorum
1225 920 1374 972 primae
1414 918 1714 959 dissertationis,

264 933 352 1016 {⁵¹72
384 975 528 1012 celilalb
556 975 662 1026 apud
687 975 958 1014 Schindlerum
989 990 1029 1028 p.
1050 979 1127 1018 861
1158 976 1352 1027 signifieat
1374 976 1526 1015 arabice
1549 989 1713 1024 corona,—

267 1033 310 1070 in
328 1043 425 1070 voce
442 1029 697 1070 vzcademana
715 1032 887 1083 primum
908 1046 936 1070 v
955 1033 1184 1071 coniunctio
1206 1039 1265 1071 est
1282 1044 1310 1071 ¹1.
1368 1032 1541 1071 secunda
1561 1030 1712 1084 syllaba

267 1101 320 1126 να
339 1093 397 1126 est
414 1087 579 1125 verbum
607 1098 659 1126 ΝΞ
685 1102 758 1139 να,
788 1090 1009 1140 ingres-sua,
1039 1089 1103 1126 vel
1121 1089 1214 1138 quid
1230 1102 1278 1126 ex
1297 1102 1342 1127 eo
1360 1088 1593 1127 derivatum.
1647 1100 1712 1126 re-

265 1145 398 1195 liquae
418 1149 497 1182 tres
518 1144 690 1197 syllabae
713 1143 884 1182 demana
904 1144 1091 1183 videntur
1108 1157 1189 1182 esse
1210 1158 1231 1182 a
1249 1154 1325 1200 ,ηοξ
1346 1143 1492 1194 dama,
1522 1143 1712 1182 observa-

266 1203 349 1249 vit,
377 1199 482 1238 unde
508 1214 600 1238 cum
627 1201 814 1239 adiuncto
843 1210 861 1238 2
895 1201 994 1238 Nun
1017 1201 1260 1239 heemantico
1285 1214 1430 1239 nomen
1447 1201 1640 1239 formatur
1658 1200 1712 1237 si-

267 1256 457 1308 gnificans
475 1256 763 1294 observatorem
778 1270 1014 1308 gressuum,
1044 1253 1255 1308 ἰχνηλάτην
1271 1256 1519 1304 videlicetac
1538 1257 1715 1308 vestiga--

267 1320 390 1351 torem
419 1317 546 1351 tuum.
605 1314 776 1365 Symeon
800 1312 894 1351 seth
920 1313 976 1351 ait
998 1312 1115 1351 initio
1143 1312 1261 1364 primi
1287 1311 1555 1363 Prolegomeni
1588 1311 1714 1351 Choe-

267 1383 361 1407 roen
381 1368 680 1407 Anasuranum
700 1369 820 1407 fuisse
841 1369 968 1407 filium
987 1367 1183 1408 Davidis.
1238 1381 1345 1407 meus
1371 1368 1584 1420 Procopius
1607 1380 1714 1406 eun-v

266 1426 355 1464 dem
387 1425 523 1464 asserit
557 1423 735 1464 Cabadis
760 1425 896 1463 filium.
953 1424 1071 1463 liceat
1108 1424 1298 1477 suspicari
1331 1425 1593 1476 exscriptores
1618 1422 1715 1463 libri

263 1481 358 1519 Seth
379 1482 508 1533 Δαβίδ
527 1495 602 1533 pro
623 1479 767 1533 Καβᾶδ
788 1481 929 1520 vitiose
951 1479 1147 1533 posuisse:
1182 1494 1273 1519 nam
1299 1479 1343 1518 in
1364 1486 1447 1519 tota
1466 1479 1630 1519 historia
1646 1491 1714 1517 re-

261 1550 355 1587 gum
377 1537 619 1574 Persicorum
647 1538 774 1576 nullus
801 1538 1003 1588 reperitur
1019 1535 1169 1575 David
1183 1537 1322 1576 dictus.
1377 1543 1474 1588 puto
1498 1536 1614 1575 etiam
1644 1547 1711 1573 eos

263 1605 412 1631 errasse
429 1592 471 1629 in
491 1593 648 1630 nomine
669 1594 830 1630 Perzoes
851 1593 1077 1632 traiectione
1099 1593 1321 1640 literarum,
1350 1605 1440 1630 cum
1463 1594 1628 1630 Per-ozee
1644 1603 1713 1629 re-

267 1654 330 1686 cta
352 1647 515 1699 scriptio
534 1648 606 1685 sit:
635 1661 725 1685 nam
746 1648 822 1686 hoc
837 1662 981 1686 nomen
1001 1648 1128 1686 Persis
1146 1648 1331 1686 usitatum
1350 1647 1559 1698 reperitur.
1587 1659 1712 1698 quare

263 1703 542 1754 corrigendum
565 1717 721 1755 quoque
738 1710 838 1756 puto
860 1704 1107 1742 Ammianum
1133 1702 1401 1742 Marcellinum
1423 1703 1489 1741 lib.
1515 1706 1586 1752 19,
1615 1701 1713 1740 <lum⁴

266 1761 435 1799 Pirosen
454 1773 529 1811 pro
550 1761 740 1809 permen,
769 1766 814 1798 ut
832 1760 996 1811 opinor,
1026 1759 1176 1797 scribit.
1230 1765 1358 1797 totum
1376 1759 1508 1796 locum
1526 1758 1582 1796 ita
1596 1763 1635 1796 et
1650 1758 1712 1798 le—

129 1828 157 1862 Ρ
180 1827 248 1862 433
271 1829 400 1868 gerem
429 1815 471 1853 ‘et
498 1815 779 1867 interpretarer
809 1829 905 1867 pace
931 1814 1149 1854 doctissimi
1177 1813 1341 1853 Valesii:
1372 1814 1499 1861 Persis
1522 1815 1711 1866 Saporem

268 1879 307 1911 et
325 1871 556 1910 Xalmn-xa
587 1878 626 1910 et
646 1875 816 1910 Perozen
838 1872 1148 1924 appellantibus,
1174 1885 1314 1922 regum
1341 1884 1493 1922 regem,
1524 1875 1562 1908 et
1587 1869 1713 1907 diesi-

263 1936 468 1981 patorem,
509 1928 652 1980 supple
680 1927 871 1978 hostium,
906 1935 933 1966 'a
963 1937 1038 1979 γης-,ι
1059 1934 1208 1979 parat-s·
1232 1926 1422 1966 Hebraeo,
1480 1924 1586 1964 unde
1618 1925 1713 1964 Baal

266 1985 452 2036 peratsim
495 1983 624 2022 (lictus
663 1984 772 2022 locus
802 1985 871 2022 ubi
908 1983 1050 2022 divisit
1085 1983 1274 2020 dominus
1304 1983 1488 2020 inimicos·
1518 1980 1712 2020 Davidis.

267 2045 295 2082 2
317 2042 419 2078 Sam.
451 2040 476 2081 5
507 2041 605 2081 20.”
663 2041 768 2079 Haec
794 2041 1015 2088 Maltretus,
1046 2039 1186 2090 quibus
1211 2039 1312 2077 addo
1340 2038 1445 2089 quod
1481 2037 1594 2076 amici
1619 2037 1712 2076 Flo-

266 2095 393 2133 rentia
424 2096 619 2144 scribunt,
647 2110 786 2148 nempe
813 2097 897 2134 illic
916 2097 958 2134 in
981 2095 1229 2134 celeberrima
1251 2094 1370 2132 Ducis
1389 2093 1518 2144 Magni
1536 2093 1711 2132 Medicea

268 2150 503 2189 bibliotheca
535 2154 681 2190 servari
712 2153 908 2204 exemplar
941 2153 1132 2200 Graecum
1150 2150 1268 2189 huius
1288 2150 1458 2188 eiusdem
1477 2149 1590 2199 libri,
1619 2160 1716 2188 cum‘

267 2206 413 2244 indicio
447 2207 654 2258 temporis,
689 2223 766 2259 quo
795 2209 828 2247 is
861 2214 919 2247 est
946 2222 966 2247 e
994 2207 1194 2246 barbarica
1214 2207 1257 2244 in
1279 2207 1466 2244 Graecam
1493 2205 1708 2244 translatus

264 2261 411 2312 lingua.
469 2263 656 2302 asseritur
687 2265 787 2301 enim
817 2265 859 2302 id
891 2266 1036 2303 factum
1067 2263 1176 2301 iussu
1196 2262 1328 2301 Alexii
1353 2261 1562 2308 Comneni,
1591 2271 1709 2310 quem

269 2323 423 2355 constat
438 2318 646 2369 imperium
667 2321 863 2358 Orientale
880 2320 1049 2358 tenuisse
1069 2319 1116 2356 ab
1138 2333 1239 2356 anno
1251 2317 1397 2356 Christi
1410 2315 1572 2358 1080ad
1585 2317 1707 2358 1118.

266 2385 339 2410 nee
367 2372 550 2412 abhorret
580 2375 625 2411 ab
650 2375 725 2413 hac
754 2376 1009 2427 chronologia
1042 2381 1145 2413 aetas
1175 2372 1375 2425 Symeonis
1399 2369 1529 2418 Sethi,
1558 2370 1707 2422 quippe

266 2441 380 2478 quem
398 2427 595 2467 illustriss.
613 2431 689 2468 Leo
709 2432 874 2469 Allatius
892 2431 1057 2470 diatriba
1077 2431 1125 2468 ‹le
1147 2430 1367 2467 Simeonum
1387 2426 1543 2477 scriptis
1559 2438 1601 2477 p.
1626 2428 1706 2468 181

264 2483 447 2522 floruisse
466 2490 635 2522 testatur
653 2486 724 2522 sub
739 2487 971 2537 imperatore
994 2485 1182 2524 michaele
1208 2485 1334 2531 Duca3
1368 2482 1476 2520 cuius
1495 2479 1707 2532 imperium

267 2553 358 2578 cum
381 2539 428 2577 ab
446 2553 549 2577 anno
568 2539 714 2578 Christi
737 2546 840 2584 1071
863 2542 912 2578 ad
932 2544 1037 2583 1078
1058 2539 1313 2593 pertinuerit,
1343 2537 1456 2576 facile
1479 2537 1612 2588 potuit
1630 2536 1709 2574 sso-

264 2595 388 2634 rentis
410 2601 504 2633 tunc
525 2597 659 2634 aetatis
682 2596 824 2634 Sethus
844 2597 967 2638 vitam
988 2596 1037 2633 ad
1059 2596 1200 2633 multos
1218 2594 1308 2631 inde
1328 2607 1449 2631 annos
1473 2599 1714 2645 propagasse

266 2658 306 2690 et
328 2658 607 2702 consequenter
627 2651 695 2690 diu
715 2651 860 2690 vixisse
878 2653 948 2689 sub
968 2651 1105 2688 Alexio
1126 2651 1337 2690 Comneno,

377 2707 764 2759 καβαλλαρικαὶ
791 2708 938 2759 τιμαί
967 2721 1004 2757 p.
1027 2705 1109 2749 498
1132 2719 1168 2743 v.
1194 2707 1260 2746 16.
1316 2704 1394 2754 agit
1423 2704 1470 2742 ‹le
1496 2702 1708 2742 comitibus

265 2761 493 2814 Mpyrigerii
514 2764 706 2810 Tentzae,
735 2777 903 2814 quorum
934 2763 1087 2814 aliquos
1115 2761 1230 2799 docet
1255 2760 1302 2798 ab
1322 2761 1555 2812 imperatore
1582 2759 1719 2810 eque-2

267 2819 566 2860 stribus-suisse
585 2819 802 2859 honoribus
826 2819 997 2858 affectos.
1054 2815 1256 2868 intelligit,
1293 2817 1457 2870 opinor,
1493 2819 1715 2867 equestrem*
