1898 3126
229 142 328 189 284
648 139 886 185 GEORGII
917 138 1275 184 PACHYMERIS

226 256 340 299 τίνου
366 253 611 309 εἰσέρχεται,
647 254 716 296 καὶ
750 252 826 309 τὴν
857 256 933 309 τῆς
955 254 1323 311 Παμμακαρίότου
1352 253 1486 310 μονὴν
1507 260 1701 307 κατοικεῖ,

227 323 331 368 ὅπου
357 325 425 366 καὶ
444 323 509 365 ἐπὶ
530 326 660 381 καιρῷ
679 322 755 378 μὲν
769 323 926 382 μετρίῳ
947 321 1162 380 ἦπράκτει,
1196 321 1283 366 εἶτα
1306 322 1350 366 δ’
1374 322 1567 374 ἀξιωθεὶς
1586 320 1702 379 παρά

223 410 267 436 τε
299 395 374 435 τοῦ
401 387 555 447 κλήρου
592 392 661 434 καὶ
695 395 778 435 τῶν
816 390 1036 449 ἀρχιερέων
1074 391 1151 443 τὰς
1182 389 1323 449 θύρας
1368 390 1573 448 ἀνοίγνυσι
1613 399 1703 441 τοῖς

223 458 459 518 προσόδους
491 459 596 517 παρ’
633 459 782 504 ἐκεῖνον
811 467 939 504 ποιεῖν
970 461 1238 516 βουλομένοις
1257 457 1366 522 pratri
1397 477 1443 504 τε
1477 461 1609 519 κρίσιν
1631 462 1700 503 καὶ

223 530 389 574 οἶανοῦν
413 527 556 583 ἑτέραν
574 527 782 585 ἂναδοχὴν
808 526 1048 587 πατριάρχῃ
1069 530 1319 583 πρέπουσαν.
1710 533 1733 570 6

169 605 201 640 D
365 599 409 643 3.
475 595 525 641 ‘0
540 597 735 651 βασιλεὺς
757 597 800 641 δ’
826 598 868 641 ἓν
893 601 1174 656 Θεσσαλονίκῃ
1194 595 1446 654 καθήμενος,
1474 593 1567 640 τότε
1585 592 1701 654 πρώ-

225 684 307 718 τως
335 665 434 711 ῗδῶν
461 664 637 723 ἔκείνην,
681 666 833 722 ἔπεμπε·
868 668 944 722 μὲν
975 668 1079 725 πρὸς
1106 668 1182 724 τὴν
1212 669 1322 711 ι’δίαν
1345 667 1603 721 αὖτανεψιάν
1623 665 1700 721 τὴν

212 735 364 780 ’Άνναν
376 769 390 789 ,
427 735 556 791 αὐτῆς
576 753 618 792 γε
639 734 1004 793 προσλιπαρούσης
1025 739 1092 780 καὶ
1113 734 1305 793 κινούσης
1323 736 1400 793 τὴν
1418 735 1501 780 ἀπὸ
1523 737 1598 778 τοῦ
1616 739 1700 790 βα-

225 804 368 855 σιλέως
400 803 631 860 εὐμένειαν,
675 804 824 860 ἔπεμπε
862 806 908 848 δὲ
943 807 1010 848 καὶ
1041 806 1144 863 πρὸς
1175 806 1275 856 τούς
1312 801 1701 860 σεβαστοκράτορας

223 874 303 933 (ἔτι
339 872 419 931 γὰρ
459 873 501 917 ἓν
525 880 613 924 τοῖς
648 875 768 927 ζῶσιν
805 869 943 933 ἦσαν)
974 880 1270 931 προσαπαιτῶν
1297 872 1603 932 Δημητριάδα,
1647 871 1698 928 ἣν
1712 881 1758 914 10

224 940 400 1001 φθάσας
427 939 449 985 ὃ
475 941 852 1001 πρωτοβεστιάριος
884 944 952 986 καὶ
984 944 1165 999 κατέχων
1185 942 1439 1004 ἀνῳκοδόμει
1455 944 1523 986 καὶ
1539 945 1704 996 βασιλεῖ

84 1024 114 1058 P
140 1023 207 1060 196
230 1013 413 1056 καθίστα
439 1009 636 1067 ὑπήκοον.
706 1006 758 1068 ἧς
783 1014 850 1055 καὶ
887 1010 1087 1069 πρότερον
1114 1013 1310 1067 βασιλευς
1341 1014 1537 1071 καθυφιέι
1560 1010 1628 1054 διὰ
1649 1009 1699 1053 τὸ

224 1086 300 1138 τῆς
329 1083 574 1138 Θεοφανοῢς
603 1080 706 1137 πρὸς
735 1079 918 1138 θάτερον
945 1086 1029 1125 τῶν
1055 1082 1246 1139 ἀδελφῶν
1277 1084 1415 1137 κῆδος.
1484 1080 1634 1124 ἐκείνου
1653 1079 1700 1122 δὲ

225 1149 486 1200 κωλυθέντος
514 1147 687 1209 θανάτῳ
717 1155 791 1205 τῆς
813 1148 980 1208 νύμφης
998 1151 1103 1194 κατὰ
1126 1151 1202 1207 τὴν
1223 1151 1552 1206 Θεσσαλονίκην,
1589 1144 1699 1205 ἀπῄ-

221 1237 282 1263 τει
311 1216 406 1262 τότε
439 1218 608 1274 πέμπων
636 1219 684 1262 τὸ
711 1218 862 1262 ἑαυτοῦ
891 1222 1073 1263 δίκαιον·
1119 1218 1398 1277 Δημητριάδα
1419 1219 1497 1277 γὰρ
1529 1219 1595 1261 καὶ
1617 1215 1696 1274 πρὸ
1711 1222 1754 1258 15

220 1292 295 1332 τοῦ
323 1286 474 1331 ἑαυτοῦ
504 1286 628 1342 εἶναι,
675 1290 741 1331 καὶ
771 1286 866 1332 τότε
896 1290 1062 1339 δικαίως
1085 1296 1393 1347 προσαπαιτεῖν.
1464 1291 1596 1332 ταῦτα
1622 1289 1699 1329 τοῦ

220 1356 429 1411 βασιλέως
451 1357 851 1414 διαπρεσβευομένου
872 1357 1013 1401 ἐκεῖνοι
1038 1358 1141 1415 πρὸς
1162 1358 1309 1415 τριβὰς
1328 1354 1507 1414 ἐχώρουν
1525 1355 1577 1400 τὰ
1597 1372 1701 1399 συν-

171 1433 200 1468 Β
223 1424 314 1482 ήθη
345 1429 582 1479 ποιοῦντες,
626 1424 707 1469 ὑπὸ
747 1427 839 1476 δέος
864 1427 940 1481 μὲν
970 1426 1107 1481 ὄντες,
1147 1426 1210 1470 ὅτι
1237 1426 1431 1481 βασιλεὺς
1457 1425 1569 1483 ἔγγὺς
1588 1425 1700 1482 ἐφει-

221 1493 380 1550 στήκει,
421 1492 532 1547 ὅμως
562 1495 606 1537 δὲ
623 1499 698 1537 τοῦ
731 1493 944 1550 συνήθους
968 1495 1254 1550 ἀλωπεκισμοῦ
1287 1495 1385 1539 οὐδὲ
1401 1493 1494 1539 τότε
1525 1491 1698 1550 πάμπαν

223 1561 492 1606 ἐπελάθοντο.
563 1567 698 1605 ταῦτα
729 1563 776 1606 δ’
814 1562 898 1619 ι’ίρα
934 1563 1134 1619 ἐξαγώνια
1173 1560 1280 1620 ἦσαν
1309 1569 1368 1621 τῷ
1404 1567 1587 1618 βασιλεῖ,
1633 1560 1754 1608 ὅτιΞΟ

224 1631 327 1689 μηδ’
361 1630 499 1674 αὐτῶν
528 1629 754 1687 ἐξεληλάκει
775 1630 899 1690 χάριν
930 1633 1032 1690 πρὸς
1060 1631 1191 1677 δύσιν.
1263 1630 1470 1690 προῦργου
1500 1631 1546 1675 δ’
1577 1626 1628 1687 ἦν
1648 1631 1695 1675 τὸ

222 1812 288 1846 bus
312 1823 350 1846 se
373 1809 525 1845 reddidit
546 1809 707 1852 aedibus,
742 1809 803 1844 sed
833 1810 870 1845 in
900 1810 1106 1846 monasterio
1132 1809 1389 1845 Pammacaristi
1418 1809 1563 1855 sumpsit
1584 1807 1697 1853 hospi·

224 1859 331 1900 tium3
358 1857 419 1892 ubi
449 1861 506 1892 sut
538 1856 639 1901 longo
669 1862 824 1902 tempore
854 1857 989 1892 clausus
1019 1857 1167 1892 cessavit
1198 1857 1243 1891 ab
1265 1857 1354 1891 omni
1376 1853 1598 1902 patriarchali
1618 1855 1698 1888 fun-

225 1905 349 1947 ctione,
372 1903 485 1949 quoad
507 1903 643 1937 tandem
665 1906 805 1947 rogatus
827 1914 849 1938 a
872 1903 964 1937 clero
987 1906 1023 1937 et
1045 1903 1258 1938 antistitibus
1280 1904 1374 1937 fores
1396 1901 1551 1948 aperuit,
1573 1900 1698 1934 admit-

223 1956 302 1984 tens
337 1962 395 1984 eos
426 1949 487 1996 qui
518 1948 700 1983 convenire
730 1960 770 1984 se
791 1950 917 1983 veilent
942 1961 1003 1984 seu
1025 1949 1141 1985 iudicii
1164 1961 1268 1984 causa
1290 1949 1363 1984 sive
1385 1948 1535 1983 cuiusvis
1557 1946 1698 1983 alterius

223 1995 455 2041 patriarcham
475 1995 630 2030 decentis
651 1994 960 2030 administrationis.

317 2065 351 2099 3.
396 2064 587 2108 Imperator
609 2065 874 2099 Thessalonicae
905 2075 1134 2108 commorans,
1165 2075 1266 2110 qnam
1300 2066 1372 2099 tum
1402 2062 1547 2117 primum
1577 2061 1696 2096 urbem

226 2109 376 2152 viderat,
399 2110 492 2144 misit
513 2110 572 2157 qui
596 2122 617 2145 a
639 2122 677 2146 se
699 2111 936 2146 consobrinam
958 2114 1089 2145 Annam
1114 2111 1322 2152 salutarent,
1344 2109 1379 2144 id
1402 2120 1512 2155 lpsum
1533 2108 1594 2142 illa
1615 2118 1696 2152 pre-

226 2160 319 2198 cata,
342 2161 378 2190 et
400 2155 524 2201 quibus
546 2156 659 2202 potuit
681 2157 805 2192 officiis
828 2158 1015 2203 promereri
1036 2162 1216 2202 satagente
1242 2155 1390 2201 Augusti
1413 2154 1695 2190 benevolentiam.

225 2202 318 2236 misit
349 2202 450 2236 etiam
483 2203 527 2237 ad
556 2204 848 2239 sebastocratoras
879 2203 930 2248 (hi
959 2204 1046 2238 enim
1072 2203 1183 2238 adhuc
1210 2203 1245 2237 in
1270 2202 1359 2237 vivis
1388 2201 1502 2246 erant)
1533 2203 1695 2244 repetens

224 2247 497 2291 Demetriadem3
529 2261 629 2294 quam
653 2250 823 2284 civitatem
845 2255 949 2285 antea
970 2250 1252 2296 protovestiarius
1273 2251 1471 2293 occupatam
1494 2244 1696 2280 reaedifica-

223 2298 323 2329 verat
345 2297 380 2328 et
406 2293 523 2328 ditioni
545 2294 762 2340 imperatoris
783 2301 997 2339 asseruerat;
1021 2297 1081 2331 sed
1104 2297 1168 2330 hac
1186 2297 1287 2341 paulo
1311 2299 1392 2328 ante
1412 2293 1597 2338 imperator
1619 2301 1695 2324 ces-

224 2344 320 2375 serat
341 2339 376 2373 in
398 2340 543 2383 gratiam
566 2342 798 2389 Theophanus
819 2355 924 2377 nurus
955 2354 1038 2378 suae
1060 2342 1206 2383 sororis,
1229 2341 1307 2375 dum
1330 2339 1429 2373 huius
1450 2336 1696 2372 matrimonium

225 2398 301 2420 cum
324 2385 431 2420 altero
455 2387 764 2423 sebastocratorum
785 2392 1006 2425 tractaretur.
1052 2399 1168 2423 verum
1194 2387 1262 2421 isto
1286 2384 1440 2429 coniugio
1462 2387 1571 2418 morte
1593 2394 1696 2429 prae-

226 2436 363 2467 matura
386 2443 551 2477 sponsae,
586 2446 676 2480 quae
698 2435 964 2470 Thessalonicae
985 2438 1065 2469 ante
1087 2433 1223 2478 nuptias
1245 2432 1335 2466 diem
1357 2430 1462 2473 obiit,
1493 2429 1695 2475 intercepto,

226 2478 395 2512 redditam
418 2477 480 2512 tali
505 2490 584 2513 casu
607 2480 675 2513 iuri
696 2492 757 2516 suo
781 2480 887 2527 priori
909 2481 1026 2515 urbem
1048 2480 1146 2514 istam
1169 2479 1352 2523 imperator
1375 2477 1589 2522 reposcebat,
1613 2474 1698 2509 mis-

226 2524 273 2558 sis
298 2523 358 2569 qui
380 2523 415 2557 id
438 2529 599 2568 urgerent
620 2526 756 2571 legatis.
801 2527 862 2561 sed
895 2537 968 2561 eam
1001 2527 1293 2561 sebastocratores
1325 2522 1391 2557 sibi
1424 2522 1534 2557 solitis
1564 2516 1696 2556 artibu's

226 2569 425 2615 petitionem
448 2569 640 2613 eludebant,
663 2584 729 2607 non
753 2571 909 2619 praecise
935 2576 1099 2617 negantes
1122 2571 1338 2615 (metuebant
1360 2568 1486 2614 quippe
1507 2567 1577 2602 vim
1599 2579 1622 2602 a
1643 2566 1697 2601 vi·

227 2616 304 2650 cina
326 2615 540 2662 imperatoris
564 2618 758 2662 potentia),
781 2618 841 2653 sed
863 2617 1200 2663 tergiversationibus
1226 2616 1437 2650 innectentes
1458 2624 1582 2656 moras,
1606 2611 1696 2647 haud

228 2661 362 2697 omnino
386 2662 564 2707 ignorante
586 2666 739 2708 Augusto
764 2666 878 2699 fucum
908 2663 972 2699 sibi
995 2663 1071 2697 fieri
1093 2667 1131 2697 et
1153 2665 1314 2697 consueta
1335 2660 1484 2695 familiae
1504 2659 1564 2694 isti
1585 2658 1697 2704 vulpi-

228 2708 366 2742 natione
387 2708 496 2743 verba
517 2708 605 2752 dari,
627 2710 812 2754 patientius
832 2715 946 2745 tamen
968 2709 1221 2752 dissimulante,
1252 2707 1343 2754 quod
1367 2707 1432 2742 sibi
1454 2705 1607 2741 conscius
1628 2704 1698 2739 alia

233 2754 418 2800 praecipue
434 2754 477 2789 de
499 2765 603 2789 causa
625 2756 872 2800 expeditionem
895 2756 931 2790 in
944 2755 1116 2790 Occiduos
1137 2759 1270 2790 tractus
1284 2766 1306 2789 a
1321 2765 1359 2788 se
1380 2753 1468 2787 hanc
1492 2755 1698 2796 susceptam,

233 2799 343 2834 minus
375 2800 595 2836 laborandum
627 2800 671 2836 de
692 2801 744 2836 his
767 2801 970 2838 accessoriis
992 2801 1153 2849 putabat,
1185 2801 1262 2837 dum
1296 2799 1486 2847 principale
1515 2797 1700 2844 negotium,
