1774 3120
645 135 966 181 PRAEFATIO.
1473 150 1534 180 vn

88 255 315 308 curiosum,
350 269 433 296 non
473 254 600 296 semel
637 251 906 306 Pachymeres
945 251 1132 295 affirmat.
1199 249 1423 308 aperiamus
1458 251 1534 292 hoc

87 341 166 368 nos
187 325 269 367 illis
292 337 501 374 arcanum,
535 329 575 364 et
602 320 860 373 indigitemus
885 322 1062 372 trabem,
1097 333 1217 375 quam
1245 319 1337 375 quia
1366 319 1533 361 infixam

89 401 231 447 gerunt
258 393 405 445 oculis,
449 390 587 433 videre
619 389 728 430 illusi
755 396 970 444 nequeunt.
1037 387 1210 443 relapsio
1253 388 1295 428 in
1333 388 1532 429 haeresim

89 463 135 505 S.
167 462 339 518 Spiritus
373 459 669 517 processionem
707 471 731 498 e
766 464 878 514 patre
914 457 1036 498 simul
1068 470 1157 495 cum
1194 456 1278 496 filio
1308 464 1533 509 negantem,

89 531 303 587 repetitum
331 529 525 580 schisma,
569 526 735 567 rebellio
770 525 908 565 iterata
953 525 995 565 in
1039 523 1186 565 Christi
1223 524 1415 565 vicarium
1443 524 1534 566 Ro-

91 612 259 640 manum
278 597 529 654 pontificem,
567 602 702 637 vestra
728 592 945 647 Byzantini
973 594 1050 633 hoc
1083 607 1204 649 opere
1233 593 1430 648 publicata
1460 593 1535 634 cri-

29 667 33 671 ’
91 667 203 707 mina
247 672 352 710 sunt.
420 678 473 705 ne
514 663 689 720 quaerite
737 662 836 702 alias
882 661 1047 702 istarum
1086 662 1161 702 sub
1199 661 1341 716 quibus
1377 662 1537 713 gemitis

92 735 339 785 exitialium,
367 739 503 774 tenore
534 729 838 772 continuissimo
866 743 1083 781 nexarum,
1119 736 1229 769 aucta
1257 742 1417 785 semper
1447 743 1537 782 gra-

93 801 213 843 dibus
251 801 454 842 atrocitate
494 799 754 841 crescentium
798 811 936 839 causas
979 797 1260 840 calamitatum.
1328 805 1539 854 utcumque

91 870 209 928 probi
254 870 376 911 mites
413 868 508 910 iusti
543 868 743 925 principes
781 869 904 908 vestri
947 865 1177 918 videantur,
1230 867 1403 922 populus
1440 867 1539 907 satis

92 938 357 994 compositus,
384 938 510 978 clerus
539 936 670 987 gravis
703 942 743 974 et
767 934 984 986 honestus,
1018 949 1144 975 unum
1174 941 1235 975 est
1264 934 1358 974 odio
1387 934 1429 974 in
1459 948 1536 976 vos

91 1005 159 1047 dei
189 1005 422 1047 concitando
447 1003 516 1044 vel
542 1002 863 1043 efficacissimum
893 1002 1112 1055 flagitium,
1156 1002 1341 1059 pertinax
1378 1004 1537 1058 ample-

91 1088 170 1116 xus
203 1072 365 1128 reprobi
396 1070 616 1124 dogmatis,
657 1071 846 1127 pervicax
888 1078 1137 1128 contemptus
1169 1084 1380 1127 supremae
1409 1073 1536 1112 ecele-

92 1140 275 1182 siasticae
320 1139 561 1180 auctoritatis
595 1139 639 1179 in
674 1137 783 1179 Petri
827 1153 1054 1180 successore
1103 1138 1291 1180 Romano
1345 1139 1534 1196 episcopo

94 1207 243 1250 clu-isti
288 1208 416 1265 ipsius
460 1207 711 1248 institutione
763 1208 1015 1248 constitutae.
1088 1208 1188 1248 haec
1240 1207 1357 1248 vobis
1406 1208 1535 1249 Lerna

92 1277 312 1328 malorum,
355 1275 467 1328 origo
502 1275 696 1327 cladium,
739 1277 834 1316 fons
873 1275 1179 1316 infortuniorum
1211 1276 1343 1316 omnis
1379 1276 1536 1329 generis

94 1358 197 1385 unus
222 1351 286 1385 est
313 1345 507 1386 omnium.
577 1343 720 1384 doletis
750 1351 906 1385 vestros
937 1344 1131 1384 exercitus
1166 1344 1535 1397 numerosissimos,

94 1411 279 1452 ductante
313 1426 386 1468 per
421 1426 466 1453 se
494 1412 584 1469 ipso
617 1419 752 1454 vestro
782 1412 962 1465 Augusto
991 1411 1185 1452 michaele
1213 1412 1392 1464 iuniore,
1432 1428 1536 1454 nunc

93 1479 372 1536 incompositis
404 1493 478 1520 nec
504 1480 640 1521 multis
679 1480 890 1536 oppositos
922 1480 964 1520 in
996 1480 1089 1521 Asia
1119 1481 1319 1533 barbaris,
1361 1495 1467 1522 nunc
1494 1482 1537 1522 in

96 1546 276 1590 Occidua
315 1548 544 1588 continente
576 1548 711 1604 paucis
744 1548 949 1605 imparatis
982 1549 1206 1590 extorribus
1240 1549 1417 1590 obiectos
1452 1550 1538 1591 acie

95 1615 270 1668 Latinis,
322 1623 469 1657 terrore
509 1617 635 1657 fuisse
672 1625 943 1659 consternatos
980 1618 1146 1673 panico,
1195 1620 1327 1669 fusos,
1368 1619 1538 1671 fugatos,

94 1683 359 1740 profligatos?
399 1685 687 1736 consternavit,
730 1684 906 1737 disiecit,
947 1685 1119 1742 perdidit
1161 1685 1322 1727 divina*
1337 1685 1536 1738 Nemesis,

95 1751 295 1792 haeresim
331 1751 374 1792 in
415 1752 534 1793 vobis
570 1760 610 1793 et
652 1754 824 1793 schisma
864 1752 1086 1795 vindicans.
1155 1769 1206 1795 an
1246 1769 1344 1796 vero
1376 1769 1429 1795 ex
1458 1770 1536 1811 quo

95 1819 319 1872 legitimum
355 1820 598 1872 antistitem,
640 1820 855 1862 orthodoxi
893 1821 1092 1875 dogmatis
1118 1821 1168 1863 de
1200 1823 1460 1878 processione
1490 1822 1535 1867 S.

96 1886 266 1943 Spiritus
310 1901 364 1928 ex
396 1896 508 1944 patre
541 1889 704 1944 filioque
743 1889 1054 1931 eruditissimum
1093 1890 1400 1931 disertissimum
1438 1905 1535 1930 con-

97 1955 463 2011 stantissimumque
510 1955 784 2010 defensorem,
846 1959 990 1999 throno
1043 1959 1295 2015 patriarchali
1340 1957 1537 2000 Ioannem

96 2021 274 2064 Veccum
304 2023 567 2077 deturbastis,
600 2033 732 2067 vestra
760 2040 952 2082 umquam
980 2027 1022 2066 in
1051 2027 1131 2065 ulla
1158 2027 1226 2067 vel
1258 2028 1396 2066 umbra
1425 2034 1536 2068 tran-

98 2089 303 2144 quillitatis
341 2092 566 2147 conquievit
601 2093 796 2135 ecclesia?
863 2109 945 2134 non
969 2095 1038 2133 ille
1065 2108 1184 2149 quem
1208 2108 1281 2150 pro
1304 2094 1438 2136 Vecco
1469 2097 1536 2136 in-

97 2155 270 2196 trusistis
301 2155 515 2209 Gregorius
547 2159 736 2216 Cyprius,
779 2161 1055 2201 iactationibus
1096 2176 1309 2204 concussus
1349 2163 1533 2215 assiduis,

96 2236 287 2280 praeceps
317 2224 479 2266 tandem
506 2227 602 2268 sede
630 2228 803 2269 corruit?
872 2243 953 2269 non
990 2229 1099 2286 paria
1134 2245 1277 2286 passus
1312 2232 1373 2271 illi
1405 2234 1533 2273 suffe-

97 2298 183 2332 ctus
212 2292 483 2334 Athanasius?
523 2294 632 2350 paria
659 2293 832 2338 Ioannes
860 2296 1058 2338 cosmas?
1096 2299 1262 2350 similia,
1301 2302 1428 2340 immo
1458 2315 1532 2356 pe-

81 2358 206 2411 jora,
251 2361 395 2401 iterum
430 2369 564 2402 contra
591 2363 655 2404 ius
686 2365 826 2421 sasque
859 2365 1056 2422 repositus
1083 2367 1126 2406 in
1151 2374 1256 2407 recte
1286 2369 1417 2408 ablato
1458 2382 1533 2424 pa-

97 2427 306 2469 triarchatu
344 2430 579 2472 Athanasius
617 2430 747 2484 idem,
783 2433 902 2475 vobis
935 2433 1099 2490 insuper
1124 2435 1222 2491 ipsis
1250 2435 1533 2477 infestissimus

27 2552 29 2554 Ι
99 2502 142 2535 et
167 2497 536 2539 abominatissimus
550 2498 572 2540 Ρ
638 2500 734 2555 quid
759 2515 984 2542 memorem
1014 2516 1177 2554 saevas,
1213 2503 1434 2556 immanes,
1468 2518 1534 2544 ra-

98 2562 226 2604 biosis
261 2564 496 2606 commissas
523 2573 562 2607 et
589 2568 799 2610 vobiscum
827 2577 868 2610 et
896 2570 1069 2611 invicem
1095 2571 1232 2624 iurgiis
1258 2579 1384 2613 sectas
1415 2572 1536 2612 Arse-

99 2629 330 2684 nianorum,
383 2631 674 2689 Iosephitarum
688 2668 699 2688 ‚
754 2638 1133 2691 Hyacinthinorum‚
1171 2639 1363 2692 aliorum,
1410 2638 1534 2680 modo

100 2695 260 2751 Georgii
292 2699 631 2758 Moschamparis‚
670 2704 793 2746 modo
829 2704 953 2746 Marci
988 2706 1173 2763 discipuli
1206 2707 1362 2763 Cyprii,
1412 2706 1536 2747 modo

100 2762 312 2807 Andronici
350 2767 579 2823 sardensis,
615 2771 739 2813 modo
774 2772 938 2816 Ioannis
966 2773 1185 2831 Ephesini,
1220 2774 1342 2816 modo
1375 2775 1536 2817 Nicetae
