1858 3126
295 146 395 195 704
695 147 1001 195 OBSERVAT.
1027 151 1345 200 PAGHYMER..

293 257 465 295 bitorum
477 269 488 306 3
518 256 649 307 qualia
673 269 780 296 nunc
797 264 1100 310 auctoramenta,
1127 259 1358 310 gravissimo
1379 262 1616 316 reipublicae
1636 272 1740 305 tem-

291 326 411 365 pore,
439 313 589 351 remitti
609 327 631 350 a
649 313 712 352 ius
731 313 966 353 habentibus
994 315 1044 354 ad
1069 315 1137 353 illa
1155 317 1404 368 conferrique
1421 319 1471 357 ad
1490 321 1651 361 militem
1667 336 1739 361 no·-

290 381 386 407 vum
406 369 728 419 conducendum,
757 370 976 410 decrevisse
1001 372 1277 424 imperatorem
1293 370 1414 413 refert
1433 373 1643 417 historicus
1661 378 1740 417 hoc

286 425 400 469 loco,
430 425 577 464 addens
606 432 737 465 tamen
760 434 970 480 exceptum
995 428 1116 467 fuisse
1135 427 1431 481 μονοκελλικόν,
1461 432 1567 482 quod
1585 434 1740 479 salvum

283 480 578 533 possidentibus
610 490 796 525 maneret.
866 484 961 536 quid
991 485 1100 523 aliud
1125 485 1307 537 suspicer
1337 500 1452 538 quam
1479 487 1535 525 ita
1558 495 1739 530 vocatam

282 544 436 589 partem
456 539 690 590 pensionum
710 540 883 592 praecise
904 541 1161 579 necessariam
1184 542 1234 579 ad
1254 543 1401 581 victum
1422 543 1629 594 diurnum;
1658 559 1737 597 quo

281 594 434 645 privari
467 595 739 647 pensionarios
779 597 915 648 utique
950 611 1030 635 non
1066 597 1284 650 oportebat.
1350 597 1486 649 κὲλλα,
1523 613 1572 639 ex
1595 601 1739 642 Latino

285 651 408 699 cella,
439 665 583 703 penum
600 666 679 690 non
702 667 792 691 raro
813 653 1020 704 significat,
1053 654 1287 706 apothecam
1307 655 1528 706 quotidiani
1549 656 1738 698 alimenti.

285 707 425 757 quidni
453 721 543 758 ergo
572 705 854 760 μονοκελλικόν
885 710 1111 749 demensum
1130 710 1373 761 intelligatur
1390 711 1532 763 cuique
1551 719 1737 752 auctora-

286 769 420 802 torum
437 777 458 802 e
478 765 574 803 fisco
594 766 833 817 descriptum
852 767 902 805 ad
921 766 1126 812 alimenta;
1146 773 1301 818 praeter
1319 768 1427 818 quod
1443 768 1541 807 istae
1558 769 1738 822 plerum-

287 833 362 871 que
386 821 591 872 pensiones
611 821 864 861 abundabant
880 823 931 861 ad
951 829 1178 861 ornamenta
1195 830 1234 861 et
1254 823 1385 862 minus
1403 825 1641 864 necessarias
1663 839 1736 865 ex-

284 890 440 928 pensaS.
497 891 612 930 saepe
640 878 717 929 legi
752 879 860 931 apud
889 879 1115 917 Ciceronem
1144 880 1185 917 in
1217 879 1390 918 Verrinis
1421 880 1505 919 dari
1535 881 1694 921 solitum
1712 896 1735 920 a

285 934 493 985 provincia
525 934 816 985 magistratibus
850 936 1031 973 Romanis
1059 936 1093 974 ei
1123 936 1313 985 regendae
1343 936 1465 974 missis
1475 938 1736 987 frumentum

288 992 332 1027 in
364 991 506 1028 cellam
533 998 600 1029 aut
625 991 828 1043 pecuniam
856 992 962 1030 unde
993 992 1035 1030 id
1065 999 1257 1042 emerent,
1294 991 1372 1030 hoc
1405 998 1487 1042 est,
1516 999 1560 1032 ut
1577 994 1732 1046 opinor,

146 1053 174 1086 Ρ
199 1054 266 1090 497
290 1047 396 1085 unde
422 1061 594 1086 mensam
622 1048 696 1086 sibi
727 1054 765 1086 et
789 1048 961 1086 familiae
991 1048 1256 1099 quotidianam
1278 1047 1532 1088 instruerent.
1570 1051 1732 1102 pensio-

286 1116 382 1141 num
400 1103 521 1154 igitur
543 1104 735 1142 fiscalium
754 1105 948 1157 quidquid
970 1105 1115 1159 cuique
1145 1104 1362 1143 abundaret
1385 1118 1502 1157 supra
1522 1119 1627 1145 mere
1652 1120 1732 1146 ne-

284 1160 491 1198 cessariam
510 1161 614 1199 vitae
634 1161 857 1200 tolerandae
880 1174 1095 1210 annonam,
1125 1161 1298 1199 conferri
1320 1160 1371 1199 ad
1387 1161 1560 1199 delectus
1578 1161 1731 1200 haben-

282 1217 356 1254 dos
376 1216 548 1266 iussum,
580 1218 663 1255 sola
678 1217 804 1255 victui
834 1217 1062 1269 quotidiano
1080 1217 1137 1255 sic
1157 1222 1450 1255 auctoratorum
1470 1223 1584 1269 parte
1600 1218 1731 1258 suffe-

281 1278 394 1310 ctura
416 1273 564 1322 relicta,
595 1287 708 1324 quam
726 1272 791 1311 hic
808 1270 1086 1325 μονοκελλικόν
1107 1273 1187 1310 dici
1206 1279 1416 1316 autumem.
1474 1274 1583 1325 quod
1607 1274 1642 1314 si
1661 1274 1730 1314 cui

279 1328 389 1368 haud
413 1329 566 1380 placet,
603 1329 712 1367 aliud
731 1335 923 1380 suggerat.

393 1381 665 1438 Μουγούλι
680 1401 726 1427 οι
747 1400 785 1438 p.
803 1387 885 1428 620
902 1398 938 1424 v.
965 1388 1016 1428 17
1045 1391 1084 1423 et
1100 1399 1140 1437 p-
1158 1387 1241 1428 637
1257 1398 1296 1424 v·
1319 1387 1383 1427 10.
1433 1398 1530 1436 quos
1545 1384 1728 1438 plerique

274 1441 508 1480 Latinorum
534 1443 747 1491 Tamaros,
789 1442 927 1481 Graeci
946 1441 1090 1493 passim
1113 1447 1151 1480 et
1173 1441 1316 1480 Arabes
1342 1443 1536 1491 Tataros,
1571 1441 1729 1494 Pachy-

274 1512 398 1537 meres
425 1497 622 1536 Toclzaros
641 1497 661 1550 (
676 1499 839 1536 Plinium
865 1504 1023 1537 secutus
1037 1529 1047 1549 ,
1087 1498 1198 1548 quil.
1218 1501 1242 1540 6
1263 1512 1295 1536 c.
1318 1501 1369 1539 17
1395 1498 1499 1535 inter
1519 1497 1725 1549 Scythicas

272 1560 407 1606 gentes
427 1555 571 1593 diserte
593 1554 789 1592 Tocharos
814 1560 1009 1603 recenset3
1041 1568 1120 1592 non
1151 1554 1268 1604 longe
1288 1553 1498 1592 abludente
1517 1553 1722 1603 Strabone,

274 1611 346 1662 qui
374 1610 475 1648 libro
497 1613 543 1651 11
569 1611 723 1648 eosdem
751 1610 948 1648 Tacharos
977 1607 1187 1662 appellat),
1225 1623 1290 1647 eos
1320 1609 1474 1648 dixerat
1503 1609 1578 1646 iam
1599 1609 1677 1648 vol.
1701 1609 1723 1648 I

273 1668 389 1715 idem}
417 1665 631 1704 historicus
665 1672 820 1714 noster,
851 1680 892 1717 p.
920 1666 1002 1708 344
1032 1679 1072 1705 v.
1102 1666 1178 1715 15,
1213 1679 1295 1703 sese
1322 1666 1430 1716 ipsos
1458 1678 1601 1704 vocare
1618 1666 1723 1703 Ma-

274 1724 411 1776 gulios
444 1722 705 1762 consuevisse.
761 1723 1013 1773 Mogulenses
1049 1727 1274 1760 constanter
1301 1721 1472 1772 appellat
1509 1721 1722 1771 Gregorius

275 1779 593 1831 Abulpharagius
612 1778 655 1817 in
676 1773 968 1817 accuratissimo
986 1777 1178 1816 Chronico
1194 1777 1345 1815 arabice
1359 1777 1510 1827 scripto
1531 1777 1604 1815 sub
1617 1777 1722 1816 idem

275 1843 431 1888 tempus
444 1865 455 1886 ,
487 1841 554 1874 aut
570 1849 651 1874 non
670 1836 796 1873 multo
824 1835 1004 1887 superius
1030 1848 1146 1885 quam
1164 1848 1273 1872 suam
1304 1832 1407 1871 hanc
1423 1832 1627 1871 historiam
1647 1834 1722 1872 Pa..

276 1893 480 1945 chymeres
502 1897 840 1931 commentaretur.
880 1891 975 1943 quin
994 1897 1031 1928 et
1051 1891 1232 1942 Aytonus
1251 1890 1423 1928 eiusdem
1445 1889 1532 1927 aevi
1550 1889 1723 1942 scriptor

278 1965 313 1988 c.
337 1954 387 1993 16
409 1949 603 1987 Historiae
620 1962 709 1987 suae
733 1948 956 1996 Orientalis,
986 1960 1086 1998 quae
1103 1947 1239 1985 Latine
1255 1952 1375 1995 extat,
1403 1944 1542 1997 Mogli
1562 1946 1721 1984 eosdem

276 2007 473 2044 vocitatos
506 2012 708 2044 memorat.
764 2005 870 2056 quod
898 2017 1042 2042 nomen
1079 2003 1338 2041 Leunclavius
1375 2002 1525 2040 indicat
1556 2001 1720 2054 proprie
1750 2028 1753 2033 ·

277 2063 497 2113 designasse
519 2063 669 2114 aliquot
694 2062 907 2112 singulares
932 2060 1102 2113 populos
1130 2057 1292 2114 (septem
1321 2058 1368 2096 ab
1393 2059 1551 2110 Aytono
1580 2071 1720 2096 nume-

275 2119 432 2168 rantur)
465 2119 662 2157 communi
691 2118 929 2157 Tocharicae
958 2124 1023 2156 aut
1056 2117 1256 2155 Tataricae
1294 2114 1418 2166 gentis
1456 2114 1721 2166 appellatione

276 2176 467 2224 censitos,
496 2176 549 2213 ita
569 2182 611 2213 ut
629 2175 814 2213 adiuncto
837 2173 1006 2225 quodam
1027 2174 1132 2211 inter
1149 2187 1190 2211 se
1207 2173 1542 2219 discernerentur,
1571 2183 1718 2222 quem-

275 2231 488 2270 admodum
515 2232 556 2269 in
582 2230 722 2270 Gothis
749 2230 996 2281 Ostrogothis
1023 2229 1234 2280 visigothis
1251 2228 1336 2267 fieri
1369 2227 1556 2266 videmus.
1611 2239 1718 2273 nam,

272 2294 319 2325 ut
336 2287 368 2324 is
389 2287 560 2339 scriptor
581 2288 648 2337 ait,
678 2289 863 2339 Sumogli
879 2287 1108 2324 dicebantur
1125 2285 1282 2323 accolae
1301 2283 1432 2321 Tatari
1449 2281 1587 2330 amnis,
1615 2293 1716 2332 quae

272 2356 355 2381 vox
381 2343 557 2393 ipsorum
585 2344 719 2394 lingua
747 2344 957 2394 stlugulioa
988 2344 1199 2394 aquaticos
1226 2340 1416 2391 significet
1425 2352 1439 2389 3
1489 2351 1535 2376 ac
1560 2336 1618 2375 sic
1645 2337 1714 2375 alii

271 2399 356 2437 aliis
378 2399 607 2437 disserentiis
628 2401 678 2436 ad
698 2401 879 2438 notitiam
899 2399 1196 2449 insignibantur.
1254 2397 1369 2434 huius
1397 2407 1516 2445 porro
1536 2392 1713 2444 peculia-

271 2456 327 2494 ris
353 2455 498 2505 speciei
524 2455 816 2504 Tocharorum,
855 2469 954 2506 quae
983 2455 1248 2505 Muguliorum
1275 2451 1469 2490 vocabulo
1494 2449 1712 2500 generalem

276 2509 514 2549 Tocharicae
558 2517 623 2548 aut
661 2511 860 2548 Tataricae
904 2511 1029 2561 gentis
1061 2508 1411 2548 nomenclationem
1446 2504 1712 2555 contrahebat,

271 2567 479 2621 proprium
507 2567 584 2605 fuit
614 2566 714 2604 illud
744 2567 952 2618 imperium
984 2567 1090 2616 quod
1119 2566 1167 2603 ab
1194 2578 1294 2602 anno
1326 2561 1471 2600 Christi
1500 2565 1608 2604 1202
1636 2574 1711 2613 per

275 2631 431 2662 centum
452 2630 489 2662 et
513 2623 615 2674 quod
634 2623 808 2660 excurrit
826 2636 948 2660 annos
967 2622 1044 2659 late
1063 2635 1133 2673 per
1153 2620 1281 2659 Asiam
1309 2626 1346 2657 et
1375 2623 1526 2670 partem
1543 2619 1710 2669 Septen-

272 2680 453 2719 trionalis
473 2680 649 2731 Europae
667 2679 814 2729 magnis
833 2677 1087 2716 victoriarum
1107 2676 1343 2714 successibus
1360 2673 1563 2722 inclaruit3
1595 2672 1709 2712 cuius

273 2738 364 2787 quia
381 2749 494 2787 saepe
512 2742 643 2775 noster
661 2734 849 2783 meminit,
878 2734 997 2772 breve
1018 2733 1215 2785 specimen
1236 2734 1370 2771 damus
1390 2744 1423 2770 c.
1437 2733 1463 2772 7
1482 2731 1509 2768 l.
1528 2732 1553 2770 3
1567 2729 1710 2768 harum

274 2793 614 2834 Observationum.
673 2789 956 2844 Gingizchanes
975 2790 1180 2839 videlicet,
1208 2796 1347 2830 auctor
1363 2787 1444 2828 eius
1460 2785 1629 2840 imperii,
1658 2797 1711 2826 ex
