1858 3126
289 126 387 172 572
701 128 935 172 GEORGII
966 130 1311 179 PACHYMERIS

292 238 423 287 οὐδεὶς
454 237 556 292 πρὸς
585 236 693 292 ὖμᾶς
704 271 717 291 ,
754 238 803 294 ἢν
824 237 880 298 πῄ
901 258 943 297 γε
963 241 1094 293 ἄλλως
1113 242 1138 298 ἢ
1155 241 1211 293 ὥς
1225 243 1321 299 ἦμῖν
1343 244 1495 305 ἆνδιίνῃ
1520 250 1723 309 γνοίητε.”

291 307 330 349 οἳ
348 306 420 359 μὲν
441 301 511 348 οὖν
531 306 715 361 πρέσβεις
734 314 914 351 τοσαῦτα
935 308 1043 352 εἶπον
1054 343 1067 362 ,
1102 312 1239 354 ἐκεῖνοι
1264 313 1308 355 δὲ
1329 313 1425 364 τοὺς
1449 313 1591 371 λόγους
1613 319 1723 360 ε’νδε-

240 379 270 412 C
293 371 454 425 ξάμενοι
483 373 599 416 οὐδὲν
630 374 651 417 ὅ
678 393 715 418 τι
749 376 850 429 πρὸς
875 377 1071 432 εἰρηνικὰς
1099 377 1224 422 ἐδόκει
1250 381 1429 431 σπονδὰς
1449 380 1720 439 ὖπεκρίνοντο,

287 441 390 483 ἀλλὰ
411 439 572 498 πλήρεις
593 441 761 498 κορύζης
778 444 972 499 Ἰταλικῆς
993 445 1134 501 λόγους
1155 447 1352 503 ἐξέφερον.
1401 451 1467 491 καὶ
1484 451 1596 500 τέλος
1630 450 1721 506 “31¹⁹

283 509 520 567 βουλομένῳ
541 515 701 563 βασιλεῖ
724 512 781 566 εἴη
797 513 821 532 ”
857 512 1032 568 ἔφασκον
1068 513 1349 566 “ε’νσπόνδους
1376 515 1484 571 ἡμᾶς
1511 515 1756 564 anaunia-5

285 582 456 629 σεσθαι,
486 578 684 633 παρεκτέα
711 581 784 633 μὲν
809 580 904 631 τούς
926 582 1103 635 μισθοὺς
1126 577 1181 625 ὧν
1202 582 1539 638 δεδουλεύκαμεν,
1569 585 1724 629 ἀπολυ-

284 645 356 688 τέα
387 646 430 687 δὲ
457 647 523 687 καὶ
545 646 640 695 τοὺς
656 644 871 702 ἡμετέρους
880 681 893 701 ,
931 647 1027 699 τούς
1047 650 1089 693 τ’
1115 650 1294 705 ἀλλαχοῦ
1322 654 1388 694 καὶ
1410 652 1506 703 τοὺς
1526 653 1629 696 κατὰ
1648 651 1725 698 πό·-

285 717 346 755 aar
355 745 368 765 ‚
406 712 554 763 αὐτούς
571 731 613 756 τε
634 716 700 756 καὶ
719 720 843 769 νῆας,
882 720 923 759 Γ
919 721 1122 767 εννου“ί·τας
1141 721 1343 772 πείσαντι,
1379 720 1575 776 ἓξωνητέα
1596 722 1640 764 δὲ
1656 722 1725 764 καὶ

283 780 380 830 τούς
401 782 552 831 ἵππους
579 787 698 836 τιμῆς
729 785 908 837 δικαίας,
945 784 1002 827 ἔτι
1021 787 1065 828 δὲ
1085 788 1149 828 καὶ
1170 787 1220 828 τὰ
1239 786 1316 829 ἀνὰ
1335 795 1473 844 χεῖρας
1503 793 1632 832 σκῦλα
1657 789 1724 831 καὶ

286 846 582 903 αἰχμαλώτους.
651 852 716 892 καὶ
751 850 880 902 οὕτως
909 851 1077 909 ἀφέντες
1105 853 1199 907 ὑμῖν
1229 859 1412 910 πολεμεῖν
1437 855 1511 910 τὴν
1530 858 1778 911 ταχίστην10

233 919 266 954 D
289 915 623 971 ἀπαλλαξόμεθα.
691 917 746 968 ὥς
776 918 870 973 ἡμῖν
897 921 953 974 μὴ
984 922 1071 976 οὐχὶ
1102 927 1173 964 τοῦ
1199 924 1292 973 βίου
1315 923 1388 978 τὴν
1405 922 1550 979 ἀρετὴν
1572 924 1724 967 ἀνταλ-

285 983 508 1028 λάττεσθαι
522 1018 536 1038 ,
570 985 620 1040 ἢν
639 987 788 1042 α’ίρεσις
810 988 962 1043 ἀμφοῖν
981 989 1117 1044 κέηται
1130 1022 1142 1041 ,
1180 990 1304 1040 αι’δὼς
1323 993 1388 1033 καὶ
1405 989 1527 1041 πόνος
1546 991 1634 1046 οὐχὶ
1652 1009 1734 1045 μι-.

286 1051 429 1108 κρός.”
498 1053 622 1096 ταῦτ’
651 1052 824 1105 εἰπόντες
834 1088 846 1107 ,
883 1058 947 1097 καὶ
976 1057 1048 1110 τὴν
1077 1059 1291 1111 πρεσβείαν
1314 1059 1356 1108 ἐξ
1385 1058 1511 1113 αὐτῆς
1539 1058 1722 1114 ἀποπέμ-

285 1134 457 1175 ψαντες,
491 1122 656 1177 ἐρασταὶ
678 1120 925 1178 πραγμάτων
942 1123 1105 1167 ἀτόπων
1124 1124 1300 1175 ἐκτόπως
1321 1121 1439 1180 ἦσαν.

147 1194 176 1228 P
197 1194 264 1230 400
422 1190 466 1234 3.
534 1189 776 1244 Ξυνηνέχθη
799 1192 843 1233 δὲ
861 1193 932 1234 καί
947 1209 983 1233 τι
1006 1193 1068 1234 ἐπὶ
1089 1197 1146 1250 τῷ
1165 1197 1280 1248 σφῶν
1300 1194 1339 1243 ἐς
1360 1191 1540 1247 μάλιστα
1556 1192 1718 1252 ἀγαθῷ,
1732 1202 1775 1238 15

284 1255 306 1300 ὃ
327 1258 392 1299 καὶ
415 1257 559 1299 αὐτίκα
582 1256 637 1307 ὦς
653 1258 776 1308 λέξων
798 1258 979 1313 ἔρχομαι.
1049 1260 1176 1314 οἱμὲν
1198 1256 1268 1303 οὖν
1285 1261 1380 1315 μετ’
1404 1261 1538 1304 αὐτῶν
1561 1262 1723 1318 Πέρσαι

283 1332 443 1382 μερΐται
473 1330 554 1368 τῶν
590 1324 748 1368 σκύλων
773 1327 932 1376 ε’κείνοις
963 1325 1164 1382 γενόμενοι
1191 1333 1265 1383 τῆς
1293 1328 1384 1382 ἴσης
1411 1328 1634 1383 ἦτέμβοντο
1654 1331 1722 1372 καὶ

284 1393 397 1449 παρὰ
417 1391 488 1436 δύο
507 1391 550 1435 ’ἓν
571 1392 790 1447 λαμβάνειν
814 1395 1062 1438 ἐδικαιοῦντο
1073 1427 1087 1447 ,
1125 1395 1199 1445 τὰς
1218 1395 1288 1438 ἐπ’
1314 1396 1412 1439 ἴσων
1433 1398 1474 1439 ἓν
1490 1401 1588 1439 πᾶσι
1607 1397 1722 1453 μερί-

287 1463 363 1511 δας
381 1460 431 1503 τὰ
455 1462 688 1516 συγκείμενα
708 1461 876 1516 ἔχοντες.
939 1462 1086 1506 Ἰταλοὶ
1107 1464 1150 1506 δὲ
1169 1464 1298 1513 ἱππεῖς
1317 1468 1425 1520 σφᾶς
1444 1463 1592 1514 αὐτοὺς
1610 1463 1720 1521 παρὰ

373 1569 429 1604 12.
454 1568 593 1613 αἵρεσιν
615 1566 758 1614 ἀμφοῖν
777 1567 880 1613 κέητε
902 1569 942 1603 P.

283 1658 409 1704 quendi
430 1670 492 1692 vos
515 1658 686 1692 nobiscum
710 1658 884 1693 habituros
916 1658 1088 1705 oopiam.”
1133 1660 1217 1694 haec
1239 1665 1278 1694 ut
1300 1661 1434 1694 fuerant
1454 1661 1497 1694 ab
1518 1659 1726 1705 imperatore>

283 1704 434 1749 scripta,
466 1704 569 1748 legati
593 1703 764 1738 Catelanis
788 1710 907 1739 cuncta
937 1707 1132 1741 recitarunt.
1178 1706 1299 1750 quibus
1321 1705 1367 1739 illi
1390 1705 1512 1740 auditis
1537 1705 1618 1740 nihil
1638 1717 1720 1740 sane

282 1749 397 1795 pacati
428 1761 628 1794 reposuere,
660 1750 719 1782 sed
749 1761 845 1783 voces
867 1751 987 1784 Italico
1011 1751 1101 1784 fastu
1123 1753 1158 1785 et
1181 1751 1374 1795 arrogantia
1397 1751 1613 1796 plenissimas.
1658 1762 1720 1796 per

282 1806 366 1840 quas
399 1795 558 1829 iracunde
590 1807 631 1829 ac
663 1795 838 1828 minaciter
864 1796 1062 1829 debacchati
1084 1796 1185 1837 satis,
1214 1796 1294 1830 illud
1317 1796 1359 1830 ad
1383 1802 1565 1830 extremum
1584 1807 1646 1841 pro
1667 1796 1721 1830 ul-

283 1843 366 1874 tima
399 1845 435 1874 et
462 1840 671 1874 irrevocabili
694 1839 878 1875 voluntatis
910 1841 1057 1886 ipsorum
1086 1841 1313 1876 declaratione
1335 1842 1519 1876 subiecere.
1564 1841 1630 1876 “ai
1650 1841 1721 1877 vult

282 1886 467 1931 imperator
491 1886 642 1931 placatos
663 1897 723 1920 nos
747 1886 992 1931 benevolosque
1014 1899 1034 1920 e
1055 1887 1157 1920 terris
1177 1887 1244 1920 suis
1266 1887 1443 1928 recedere,
1478 1885 1648 1933 persolvat
1667 1898 1725 1922 re-
1854 1889 1858 1929 ξ

282 1937 337 1965 tro
365 1931 478 1965 debita
508 1931 673 1976 stipendia
694 1942 755 1976 pro
778 1937 928 1976 tempore
955 1943 1021 1976 quo
1051 1932 1117 1976 ipsi
1147 1932 1314 1966 militando
1346 1931 1561 1972 servivimus;
1591 1931 1725 1967 emittat
1854 1939 1858 1946 ¹

286 1977 439 2010 custodia
469 1977 657 2022 liberosque
686 1976 804 2010 reddat
831 1978 925 2011 nobis
958 1983 1123 2022 quotquot
1145 1977 1250 2012 nostri
1271 1979 1313 2011 ab
1335 1977 1408 2022 ipso
1431 1982 1468 2012 et
1489 1977 1559 2012 suis
1579 1977 1616 2011 in
1637 1977 1727 2011 urbe

286 2028 346 2056 aut
369 2023 497 2066 uspiam
522 2022 599 2056 alibi
623 2022 829 2065 detinentur;
863 2034 967 2056 naves
990 2028 1123 2056 nostras
1146 2035 1166 2057 a
1189 2023 1424 2057 Genuensibus
1445 2028 1584 2068 captu,
1613 2022 1728 2067 impe-
1787 2023 1796 2032 '

284 2070 393 2100 tratas
415 2071 474 2100 aut
497 2068 687 2112 redemptas
710 2079 752 2101 ex
775 2067 818 2100 iis
840 2068 897 2113 qui
919 2073 1100 2112 ceperunt,
1124 2068 1220 2102 nobis
1243 2069 1421 2110 restituat;
1451 2079 1556 2113 equos
1577 2072 1729 2109 nostroe.

284 2123 369 2156 quos
393 2114 582 2155 navigaturi
607 2113 852 2157 relinquemus,
881 2114 967 2147 iusto
989 2119 1160 2148 numerato
1183 2114 1293 2159 pretio
1314 2118 1423 2154 emat;
1457 2124 1517 2158 pro
1537 2112 1662 2158 praeda
1684 2115 1721 2147 et

285 2157 419 2201 spoliis,
451 2169 538 2201 quae
569 2158 602 2192 in
635 2159 784 2192 manibus
816 2159 994 2202 habemus,
1026 2163 1095 2193 tum
1118 2164 1295 2204 praeterea
1317 2170 1378 2203 pro
1400 2159 1489 2202 lytro
1515 2157 1726 2202 captivorum,

282 2213 367 2246 quos
390 2213 573 2244 servamus,
596 2215 705 2248 aequa
727 2204 958 2238 aestimatione
980 2209 1128 2238 taxatam
1148 2203 1320 2248 pecuniam
1344 2204 1517 2249 rependat.
1561 2202 1646 2236 haec
1662 2200 1724 2235 ubi

281 2248 421 2288 fecerit,
450 2248 638 2282 desinentes
669 2249 756 2282 bello
782 2261 842 2283 vos
865 2249 1019 2294 persequi
1049 2250 1161 2283 statim
1185 2249 1358 2283 abibimus.
1404 2248 1455 2282 sin
1477 2245 1639 2287 noluerit,
1667 2245 1720 2280 sic

281 2291 424 2333 habeat,
445 2293 480 2326 in
505 2299 602 2336 parte
624 2305 744 2337 magna
767 2296 879 2338 probri
903 2307 943 2328 ac
966 2295 1140 2328 dedecoris
1164 2295 1308 2338 pudendi
1330 2295 1561 2326 numeratum
1583 2301 1664 2331 nos,
1686 2289 1719 2324 si

283 2336 420 2382 optione
451 2339 566 2372 oblata
591 2338 685 2372 vitae
714 2339 836 2382 ignave
867 2351 907 2373 ac
939 2340 1089 2384 precario
1120 2340 1303 2372 servandae
1325 2343 1384 2371 aut
1407 2336 1542 2370 fortiter
1564 2335 1723 2370 bellando

281 2381 465 2423 moriendi,
497 2383 550 2416 vel
581 2384 745 2416 tantillum
776 2390 1006 2417 cunctaremur
1028 2384 1061 2417 in
1082 2383 1309 2428 praeoptanda
1330 2381 1429 2416 saluti
1451 2381 1587 2415 virtute.
1600 2380 1620 2396 ”
1665 2380 1718 2414 his

280 2426 405 2469 dictis,
439 2427 639 2472 dimissaque
673 2428 846 2462 confestim
876 2428 1066 2472 legatione,
1099 2440 1159 2462 sua
1186 2439 1223 2461 se
1253 2427 1466 2472 improbitate
1495 2425 1719 2468 involverunt,

281 2472 363 2507 nihil
385 2472 478 2517 pensi
500 2473 659 2506 habentes
682 2473 911 2507 demonstrare
934 2474 1041 2517 palam
1065 2474 1197 2518 placere
1218 2472 1299 2517 ipsis
1321 2483 1408 2524 quae
1431 2481 1536 2515 prave
1553 2471 1718 2512 fecerant,

280 2522 317 2552 et
337 2518 510 2551 abundare
532 2517 691 2550 nefariam
715 2518 916 2551 voluntatem
938 2518 1047 2551 adhuc
1069 2518 1182 2561 peiora
1205 2517 1358 2550 faciendi.

370 2563 404 2598 3.
451 2562 502 2595 Ad
533 2563 647 2595 horum
680 2573 781 2607 porro
814 2562 959 2596 rationes
992 2562 1331 2606 peraccommodatum
1359 2572 1435 2594 mox
1457 2560 1598 2606 contigit
1618 2559 1719 2606 quip-

281 2607 392 2653 piam,
414 2607 503 2653 quod
526 2607 621 2640 modo
643 2609 797 2643 referam.
842 2607 901 2652 qui
924 2618 996 2640 cum
1019 2607 1101 2651 ipsis
1133 2610 1230 2640 erant
1252 2607 1377 2640 Persae
1399 2606 1432 2640 in
1450 2606 1613 2640 divisione
1633 2617 1651 2639 s

281 2653 401 2687 liorum
428 2652 574 2686 fraudati
609 2663 717 2697 aequa
746 2654 844 2696 parte
881 2653 1026 2685 fuerant.
1081 2663 1155 2685 cum
1185 2650 1271 2684 enim
1302 2651 1392 2695 pacti
1423 2654 1535 2685 esseut
1559 2661 1620 2695 pra

282 2703 413 2744 partam
444 2697 657 2732 communiter
679 2708 788 2742 aequa
809 2697 892 2741 ipsis
914 2701 950 2730 et
972 2695 1103 2730 Latinis
1123 2697 1278 2741 portione
1300 2696 1498 2730 sortiendam
1511 2721 1522 2737 ,
1544 2695 1593 2730 ita
1612 2698 1652 2728 ut
1671 2705 1719 2729 ex

282 2745 412 2779 duobus
433 2742 526 2790 paris
547 2742 650 2790 pretii
670 2753 770 2777 unum
796 2741 878 2789 ipsis
900 2746 1126 2788 competeret,
1156 2741 1236 2776 Itali
1257 2741 1452 2776 cavillantes
1471 2741 1537 2776 sibi
1559 2745 1599 2775 ut
1618 2738 1718 2784 equi-
