1858 3126
484 162 586 205 LIB.
618 159 691 205 m.
756 158 1230 204 CHRONOLOGICUS.
1476 160 1570 205 835

607 342 956 393 CAPUT
1023 342 1112 394 IX.

314 434 500 485 Synopsis
527 433 807 485 chronologica
827 434 1141 484 praecipuarum
1173 445 1305 470 rerum
1335 432 1409 470 Ιιοε

229 488 397 527 secundo
425 489 616 527 historiae
641 488 895 539 Pachymeris·
926 486 1029 526 tomo
1057 494 1387 538 memoratarum,
1421 502 1488 527 eae

615 546 830 596 assignans·
853 545 973 593 annis
1003 546 1105 582 suis.

724 664 971 704 Andronicus
987 663 1167 703 michaeli
1182 663 1406 715 imperatori
1427 667 1474 706 11
1499 664 1571 701 De-

587 761 595 768 ,
616 761 624 768 ,
671 721 792 761 cemb.
820 727 974 759 mortuo
1004 720 1212 759 succedens
1243 719 1348 758 solus
1379 719 1571 771 imperare

490 769 508 788 ¹¹
531 768 546 787 ¹
566 769 624 788 '¹¹⁶¹
670 776 819 827 incipit.
874 776 902 814 l.
922 779 945 818 1
965 789 999 813 c.
1019 779 1054 816 1.

724 841 920 880 Tocharos
944 855 965 878 a
990 845 1102 892 patre
1121 847 1299 879 evocatos
1316 841 1359 878 in
1375 839 1568 878 Triballos

668 896 853 935 immittit.
878 896 973 936 ibid.
1028 902 1167 947 sponte
1183 896 1430 948 propendens
1445 895 1487 933 in
1503 896 1570 932 ab-

668 953 907 1002 rogationem
935 951 1167 989 concordiae
1199 951 1446 989 ecclesiarum
1468 950 1570 987 Lati-

667 1020 740 1045 nae
763 1021 810 1044 ac
830 1007 997 1045 Graecae
1021 1006 1216 1045 Michaelis
1244 1006 1325 1044 eius
1347 1006 1470 1058 patris
1490 1012 1568 1043 stu-

668 1062 732 1100 dio
769 1062 907 1111 initae,
953 1061 1124 1099 consiliis
1161 1067 1356 1112 praeterea
1388 1060 1569 1110 Eulogiae

668 1117 807 1155 amitae
834 1123 872 1155 et
900 1114 1092 1154 Theodori
1116 1116 1328 1154 Muzalonis
1352 1116 1480 1165 magni
1506 1115 1569 1151 lo·-

666 1171 843 1222 gothetae
860 1171 908 1210 ad
926 1170 1029 1209 idem
1049 1171 1264 1222 impulsus,
1293 1171 1445 1209 veniam
1470 1169 1569 1221 petit

666 1228 771 1278 quod
788 1228 829 1265 in
850 1241 931 1265 eam
953 1227 1203 1265 consenserit.
1257 1225 1287 1267 l.
1305 1230 1325 1267 1
1348 1239 1382 1264 c.
1404 1230 1443 1268 2.

721 1293 857 1331 Ioanni
875 1291 1002 1330 Vecco
1021 1305 1042 1330 e
1058 1291 1321 1343 patriarchatu
1337 1291 1487 1330 deiecto
1505 1289 1568 1326 lo-

666 1347 828 1400 sephum
859 1347 1007 1385 dudum
1037 1353 1328 1386 exauctoratum
1355 1345 1566 1384 substituit.

664 1401 1005 1445 1.1c.34et5.

720 1533 980 1572 Ecclesiastici
1006 1540 1045 1572 et
1070 1532 1183 1582 laici,
1221 1532 1287 1583 qui
1317 1532 1565 1570 ecclesiarum

665 1589 897 1628 concordiae
924 1594 1188 1637 assenserant,
1216 1587 1350 1625 multis
1373 1593 1412 1626 et
1433 1587 1566 1638 piacu-

663 1645 712 1682 lis
741 1644 904 1683 subiecti
928 1645 996 1683 vix
1016 1643 1172 1681 tandem
1192 1643 1234 1680 in
1254 1643 1566 1680 communionem

663 1700 920 1750 recipiuntur.
978 1712 1011 1738 c.
1033 1702 1058 1740 6
1082 1704 1120 1736 et
1142 1701 1183 1739 7.

719 1753 869 1793 Veccus
899 1759 939 1791 et
963 1754 1030 1792 alii
1063 1751 1292 1791 concordiae
1318 1756 1494 1788 auctores
1522 1749 1565 1787 in

663 1811 812 1861 synodo
834 1816 1076 1847 accusantur.
1131 1821 1164 1844 c.
1185 1809 1227 1847 8.

718 1864 862 1902 Veccus
882 1864 1160 1901 condemnatus
1181 1860 1372 1910 relegatur
1391 1860 1564 1899 Prusam.

665 1932 698 1956 c.
721 1921 772 1957 10
791 1924 830 1955 et
853 1921 916 1957 11.

718 1971 930 2009 Arseniana
950 1970 1066 2007 factio
1086 1968 1300 2007 revalescit.
1356 1980 1390 2004 c.
1414 1970 1476 2009 12.

717 2025 899 2076 Iosephus
918 2024 1083 2062 moritur
1101 2035 1228 2061 mense
1244 2021 1397 2062 Martio.
1440 2035 1472 2059 c.
1494 2024 1556 2063 13.
1582 2031 1610 2065 p
1634 2031 1699 2066 605

719 2080 908 2130 Georgius
938 2078 1104 2130 Cyprius
1118 2109 1129 2126 ‚
1166 2076 1322 2115 nomine
1352 2077 1395 2114 in
1427 2090 1563 2114 mona-

665 2133 782 2172 chatu
815 2140 969 2184 sumpto
1003 2132 1210 2182 Gregorius
1234 2138 1421 2179 vocatus,
1453 2145 1557 2169 crea-

664 2195 730 2227 tur
750 2188 968 2240 patriarcha
987 2188 1088 2225 circa
1107 2187 1263 2225 initium
1277 2187 1432 2238 Aprilis.
1461 2200 1494 2226 c.
1514 2185 1563 2226 15

665 2250 703 2282 et
718 2244 834 2282 huius
853 2243 1013 2281 Observ.
1031 2243 1058 2280 l.
1074 2244 1100 2283 8
1117 2255 1149 2279 c.
1167 2246 1194 2284 2
1211 2255 1251 2279 n.
1268 2242 1307 2283 5.

718 2299 849 2336 Mense
876 2297 1004 2349 Aprili
1040 2297 1150 2334 stella
1178 2295 1338 2334 Saturni
1362 2308 1432 2347 per
1459 2294 1561 2333 diem

661 2359 837 2406 apparet.
893 2366 927 2391 c.
952 2355 1018 2393 16.

719 2407 921 2446 Antistites
940 2407 1005 2456 qui
1020 2406 1108 2457 paci
1127 2405 1372 2444 ecclesiarum
1395 2417 1560 2443 consen-

653 2469 815 2511 serant,
843 2461 1148 2500 condemnantur
1165 2467 1203 2499 et
1223 2461 1345 2511 gradu
1365 2460 1558 2498 deiiciun-

649 2525 740 2557 tur.
795 2531 828 2556 e.
850 2521 914 2558 17.

702 2573 831 2612 Mense
867 2571 968 2610 Maio
1004 2569 1156 2620 sanguis
1196 2569 1245 2608 de
1280 2569 1388 2607 coelo
1430 2566 1566 2605 caelin·

649 2641 684 2666 c·
701 2632 873 2733 digrgusta
903 2677 1106 2718 Theodora
1145 2678 1368 2716 renuntiare
1397 2676 1549 2728 cogitur

649 2737 889 2776 obedientiae
908 2747 1041 2787 papae.
1102 2736 1223 2780 c.>19.
