1858 3126
284 126 386 178 616
700 124 932 169 GEORGu
962 100 1308 172 PAcHYMERls

287 241 333 284 δὲ
359 240 550 296 Βρουλᾶν
581 237 694 295 παρὰ
721 236 795 293 τὴν
820 242 895 281 τοῦ
923 237 1121 292 βασιλέως
1148 238 1315 294 θέλησιν
1341 238 1437 298 (τὸν
1454 240 1532 296 γὰρ
1551 239 1722 295 βασιλέα

287 311 404 362 ζῆλος
433 304 559 361 μόνος
585 303 793 362 κατήπειγε
819 304 1074 359 ἐξετάζεσθαι
1101 307 1154 351 τὰ
1183 304 1436 363 ἐγκλήματα)
1470 308 1534 355 ἐπὶ
1553 312 1627 351 τοῦ
1648 311 1724 362 τῆς

285 375 438 425 Αἶλίας
463 372 647 431 θρόνου,
683 374 860 431 φέροντα
881 376 947 417 καὶ
967 379 1098 418 ταῦτα
1117 372 1250 429 μύσος
1265 374 1498 431 ἀφορισμοῦ
1511 405 1525 427 ,
1550 373 1616 425 -ὦς
1637 374 1723 418 ἐλέ-

283 459 373 498 γετο
384 475 398 496 ,
431 442 621 499 φέροντες
641 442 927 499 ἔνθρονίζουσι.
995 445 1063 485 καὶ
1083 443 1223 486 λοιπὸν
1241 442 1524 499 ἀπηρτημένον
1542 441 1722 486 κάκείνου

235 515 269 550 1)
292 510 408 560 ὄντος
419 543 434 564 ,
466 508 592 565 μόνος
609 507 630 552 ὅ
650 508 952 567 πατριαρχεύων
971 508 1133 564 συνάμα
1153 514 1211 567 τῷ
1228 511 1555 566 προσκομίζοντι,
1591 509 1756 565 ἀπομι-5

285 578 459 634 τημένου
479 582 553 622 τοῦ
566 577 862 635 Ἀλεξανδρείας
881 580 948 621 καὶ
964 583 1038 622 τοῦ
1065 576 1297 628 Θεοπόλεως
1314 577 1408 633 ἤδη,
1445 579 1487 621 ἐν
1503 583 1589 627 τοῖς
1607 577 1728 634 ἱεροῖς

285 644 492 701 διπτύχοις
524 644 826 700 ἐμνημονεύετο.
897 646 1092 703 ἀρχιερεῖς
1125 647 1170 689 δὲ
1201 646 1239 688 οἶ
1268 646 1340 700 μὲν
1370 643 1624 699 ἀπεδήμουν,
1658 646 1728 687 καὶ

285 713 382 764 τοὺς
401 714 697 768 ἐπιδημοῦντας
718 713 940 770 ἀποδημεῖν
957 712 1240 769 κατηνάγκαζε.
1302 714 1398 763 τούς
1419 714 1463 756 δὲ
1481 716 1555 756 τοῦ
1576 710 1726 767 κλήρου

285 782 465 836 τιμίους,
498 780 570 830 οὓς
598 783 736 831 δεινῶς
766 779 956 838 ὖφεῶρα,
989 782 1085 831 τοὺς
1108 783 1152 824 δὲ
1171 778 1575 838 προσαφαιρούμενος
1593 779 1728 823 καὶτὰ

286 849 493 905 σιτηρέσια
511 848 726 904 ἀπρακτεῖν
744 849 879 892 ἐποίει.
947 845 996 904 ἦν
1017 850 1061 892 δὲ
1082 851 1147 892 καὶ
1163 857 1249 899 τοῖς
1266 846 1369 891 κατά
1387 865 1425 891 τι
1445 846 1726 904 προσκόπτου-
1739 854 1784 889 10

287 933 351 960 σιν
371 918 426 967 εἷς
442 916 566 959 αὐτὸν
584 914 610 971 ἦ
633 918 676 959 ἐκ
695 917 894 971 βασιλέως
923 917 1166 973 ἀποστροφὴ
1197 917 1497 973 ἀπαραίτητος,
1534 915 1730 966 θέλοντος

237 986 271 1022 Ε
288 985 442 1028 [ἐκεῖνον
458 983 667 1036 εὐλαβείας
684 983 848 1041 τρόποις
865 987 906 1036 ἐξ
923 983 1102 1034 ἅπαντος
1116 989 1318 1030 συνιστᾶν.
1386 986 1453 1026 καὶ
1470 984 1618 1026 πολλοί
1627 1000 1731 1033 τινες

290 1052 465 1108 εἱρκταῖς
483 1051 664 1095 ἐδίδοντο
683 1051 738 1102 ὥς
757 1051 858 1108 μήτε
877 1053 967 1096 τινὰ
987 1051 1239 1108 παράκλησιν
1259 1051 1358 1106 ἔχειν
1377 1049 1477 1106 μήτε
1493 1051 1575 1106 μὴν
1593 1052 1636 1093 ἐκ
1654 1054 1729 1094 τοῦ

287 1117 483 1175 τυχόντος
513 1120 837 1178 ἔλευθεροῦσθαι
851 1153 864 1173 ,
904 1119 957 1170 ὥς
984 1122 1054 1163 καί
1079 1137 1192 1170 τινας
1222 1117 1482 1174 ἀποδράντας
1502 1123 1584 1161 τῶν
1598 1135 1730 1173 μονα-

286 1191 396 1242 χῶν,
425 1188 509 1230 ἐπεὶ
528 1187 602 1230 οὐκ
623 1183 672 1243 ἦν
691 1188 829 1244 σφίσιν
851 1187 952 1231 ὅπου
972 1188 1054 1244 ἄρα
1074 1190 1140 1232 καὶ
1160 1185 1450 1244 προσφύγοιεν,
1481 1193 1728 1243 προσφυγεῖν
1741 1193 1785 1229 15

286 1261 374 1305 τοῖς
405 1255 510 1298 κατὰ
542 1256 616 1310 τὴν
650 1257 820 1313 περαίαν
850 1257 1043 1312 φρερίοις.
1107 1255 1153 1298 τὸ
1173 1252 1476 1311 προτεινόμενον
1493 1260 1580 1304 τοῖς
1601 1251 1732 1297 εὐθύ-

289 1338 426 1368 νουσιν
455 1321 483 1379 ἧ
513 1324 732 1379 κακουχία,
769 1325 838 1368 ἵνα
863 1328 962 1381 γοῦν
988 1322 1084 1367 ἀλλ’
1106 1322 1236 1374 οὕτως
1256 1327 1440 1368 σωθεῖεν.
1506 1323 1574 1366 καὶ
1606 1326 1729 1366 τοῦτο

381 1455 434 1488 11.
459 1453 692 1502 ἐπιστροφήζ)

288 1565 409 1600 throno
436 1566 660 1608 collocarunt,
692 1579 753 1612 per
786 1567 851 1602 vim
881 1568 916 1602 id
946 1570 1154 1602 attentantes
1177 1571 1213 1602 et
1234 1570 1352 1602 contra
1379 1568 1591 1612 imperatoris
1612 1567 1732 1602 volun-

289 1616 395 1646 tatem
409 1636 420 1654 ‚
449 1612 507 1656 qui
529 1612 599 1645 solo
621 1612 780 1646 instinctu
802 1612 966 1657 religiosi,
997 1617 1036 1647 ut
1057 1615 1217 1657 putabat,
1240 1613 1303 1646 zeli
1324 1613 1437 1646 delata
1459 1612 1640 1647 examinari
1662 1613 1732 1646 cri—-

290 1657 380 1691 mina
403 1668 544 1702 aequum
568 1663 754 1699 censuerat,
781 1669 846 1691 non
869 1663 981 1691 autem
1003 1658 1315 1693 excommunicatum
1338 1658 1430 1702 prius
1451 1658 1624 1700 homiuem,
1645 1669 1733 1702 qua-

291 1702 335 1736 lis
357 1701 477 1736 Brulas
499 1703 725 1747 deprehensus
748 1709 864 1748 postea
888 1708 951 1743 est,
979 1703 1014 1736 in
1037 1715 1135 1737 sacra
1161 1704 1216 1736 illa
1239 1703 1319 1736 sede
1342 1702 1513 1738 constitui.
1557 1714 1643 1737 novo
1666 1703 1733 1747 igi-

295 1751 352 1782 tur
387 1747 486 1782 etiam
518 1748 593 1794 ipso
625 1748 819 1794 patriarcha
849 1748 1151 1792 Hierosolymorum
1174 1749 1277 1782 Brula
1300 1754 1438 1793 propter
1460 1749 1636 1782 anathema
1657 1759 1733 1782 sus-

292 1803 420 1837 penso,
454 1804 528 1826 cum
559 1796 595 1827 et
627 1799 747 1835 antea,
780 1799 819 1827 ut
841 1798 894 1827 est
917 1793 1041 1827 dictum
1055 1819 1066 1835 ‚
1102 1794 1254 1838 suspensi
1275 1794 1404 1838 pariter
1424 1794 1568 1828 fuissent
1588 1794 1736 1828 Alexan-

293 1837 411 1872 drinus
445 1843 481 1872 et
507 1838 790 1884 neopolitanus,
826 1839 946 1872 nullius
967 1839 1031 1873 iam
1053 1839 1191 1873 alterius
1218 1851 1237 1872 e
1265 1839 1371 1872 sacris
1406 1839 1539 1883 publice
1561 1838 1734 1883 diptychis

294 1883 503 1917 recitabatur
533 1895 650 1918 nomen
684 1884 747 1919 nisi
779 1884 951 1918 Athanasii
982 1883 1343 1929 constantinopolitani
1376 1884 1478 1918 solius
1509 1884 1734 1930 patriarchae,

296 1932 334 1962 et
363 1929 420 1973 qui
450 1940 580 1963 sacram
609 1933 689 1963 tunc
719 1929 918 1963 oblationem
950 1930 1163 1973 celebrabat,
1190 1929 1384 1963 sacerdotis.
1439 1929 1590 1975 episcopi
1621 1933 1734 1964 auten

295 1973 425 2007 versari
455 1974 539 2008 alias
569 1974 604 2008 in
633 1976 718 2009 urbe
747 1974 838 2008 soliti
869 1975 1021 2019 plerique
1050 1976 1137 2009 ultro
1172 1975 1347 2017 abierant3
1379 1974 1411 2009 si
1435 1974 1495 2019 qui
1518 1986 1601 2008 vero
1622 1974 1734 2008 adhuc

295 2023 538 2063 comparerent,
561 2031 687 2054 summa
709 2020 745 2054 vi
766 2021 935 2054 facessere
955 2020 1033 2054 iude
1052 2020 1342 2065 compellebantur.
1387 2032 1407 2054 e
1429 2019 1629 2064 primoribus
1652 2030 1733 2053 vcro

297 2063 382 2096 cleri
411 2065 572 2108 quosdam
601 2066 733 2110 quidem
762 2065 957 2110 patriarcha
988 2066 1137 2110 gravium
1168 2070 1342 2110 suspectos
1371 2065 1521 2099 habebat
1551 2065 1733 2106 criminum,

297 2108 458 2152 quosdam
487 2116 598 2144 autem
620 2111 801 2145 subtractis
826 2111 993 2145 alimentis
1019 2123 1153 2145 cessare
1175 2112 1218 2144 ab
1244 2111 1428 2144 officiorum
1451 2110 1610 2144 exercitio
1631 2121 1734 2153 coge-

296 2153 369 2186 bat.
414 2155 605 2189 tantundem
629 2168 728 2201 porro
752 2159 826 2190 erat
850 2156 961 2200 gratia
989 2157 1153 2191 excidisse
1174 2156 1262 2200 apud
1283 2155 1506 2200 patriarcham
1528 2158 1564 2189 et
1585 2155 1732 2198 impera-

299 2197 386 2232 toris
416 2198 518 2243 ipsius
551 2201 809 2244 indignationem
841 2201 1041 2235 incurrisse:
1075 2213 1151 2236 nam
1184 2212 1408 2246 quoscumque
1429 2200 1733 2245 quomodocumque

300 2253 421 2277 exosos
442 2244 582 2280 haberet
601 2247 820 2286 Athanasius,
853 2247 984 2280 eosdem
1006 2247 1213 2281 Andronicus
1235 2245 1373 2290 pietatis
1392 2257 1473 2279 suae
1493 2244 1634 2289 putabat
1655 2255 1731 2277 esse

300 2286 568 2323 irrevocabiliter
597 2295 632 2324 et
662 2291 967 2326 immisericorditer
998 2292 1165 2337 persequi.
1210 2291 1298 2324 unde
1318 2290 1436 2324 multos
1458 2289 1580 2332 passim
1601 2288 1736 2322 contin-

302 2332 406 2375 gebat
427 2334 462 2366 in
485 2336 655 2378 ergastula
677 2337 860 2380 compingi,
895 2342 930 2370 et
951 2337 1075 2371 ibidem
1098 2338 1168 2370 sine
1191 2336 1258 2369 ulla
1280 2333 1582 2369 consolatiunculae
1605 2333 1735 2368 admix-

301 2376 413 2418 tione,
442 2378 527 2412 citra
557 2380 654 2413 ullam
686 2381 950 2425 expectationem
982 2382 1160 2426 aliquando
1192 2390 1407 2414 successurae
1431 2378 1656 2419 liberationis,
1688 2378 1734 2412 ad

301 2421 564 2467 desperationem
587 2424 686 2468 adigi.
732 2426 820 2459 unde
840 2427 1071 2459 monachorum
1094 2425 1237 2460 nonnulli
1260 2436 1301 2458 ex
1323 2424 1389 2457 ista
1410 2423 1535 2455 infelici
1558 2428 1651 2456 sorte
1672 2435 1733 2457 na-

305 2466 351 2505 cti
384 2467 540 2511 effugium
571 2470 750 2510 furtivum,
786 2481 859 2503 cum
882 2471 1004 2504 nullum
1027 2471 1154 2513 asylum
1179 2470 1332 2502 viderent
1351 2469 1438 2501 inter
1460 2473 1592 2501 nostros
1614 2471 1735 2509 tutum,

302 2512 447 2557 profecti
470 2513 511 2546 ad
534 2513 670 2547 Frerios
690 2514 723 2547 in
745 2514 875 2548 Peraea
896 2516 1056 2558 degentes
1077 2526 1189 2548 eorum
1212 2512 1418 2558 protectione
1440 2513 1630 2546 utebantur.
1676 2516 1735 2547 at—

305 2569 372 2603 que
393 2557 428 2591 in
449 2557 501 2591 his
522 2557 754 2598 mirumerat,
788 2563 903 2592 contra
933 2571 1061 2593 omnem
1082 2560 1191 2593 iustae
1211 2570 1252 2592 ac
1273 2558 1452 2591 canonicae
1473 2557 1735 2591 animadversio-

306 2603 358 2637 nis
377 2603 536 2645 formam,
565 2614 632 2637 non
653 2603 911 2637 emendationem
938 2610 998 2637 aut
1017 2604 1157 2637 salutem
1179 2614 1222 2636 ex
1244 2603 1307 2636 hac
1327 2610 1514 2637 secuturam
1538 2602 1735 2647 delinquen-

305 2648 388 2683 tium
409 2647 516 2683 videri
538 2658 613 2682 esse
635 2660 696 2693 pro
717 2659 819 2693 scopo
843 2649 1044 2693 propositam
1067 2648 1299 2693 punientibus,
1331 2649 1392 2681 sed
1415 2658 1603 2682 aerumnam
1623 2647 1733 2692 ipsam

306 2704 349 2727 ac
380 2692 542 2728 miseriam
571 2704 684 2727 eorum
705 2693 739 2727 in
761 2705 846 2738 quos
867 2693 1194 2728 animadverteretur.
1240 2704 1328 2737 quae
1349 2693 1379 2727 si
1400 2693 1476 2738 quis
1496 2692 1565 2727 suis
1587 2703 1736 2726 momen-

308 2738 354 2772 tis
381 2738 554 2782 aestimet,
580 2738 787 2776 verissimum
815 2740 966 2784 profecto
989 2750 1052 2784 per
1072 2739 1156 2775 haec
1178 2738 1387 2784 comprobari
1406 2738 1634 2784 deprehendet
1651 2737 1733 2772 illud
