1820 3112
187 155 212 201 1
222 155 281 201 10
420 188 426 196 .
607 152 844 198 GEORGII
881 153 1238 198 PACHYMERIS

129 280 163 316 Ε
188 271 383 325 Μαρΐνον
414 266 659 324 παρίστησι,
705 267 753 311 τὸ
792 271 890 324 γοῦν
918 271 1106 312 τοιοῦτον
1134 267 1260 325 ῥητὸν
1291 266 1654 326 ἀντιπεριχῶρησιν

180 335 279 387 τοῦς
310 335 548 391 προθέσεων
581 335 707 393 φὲρον
739 336 834 380 οὐδ’
864 336 969 387 ὅλως
990 337 1200 392 ἐδέχοντο,
1239 334 1294 386 ὥς
1314 337 1372 394 μὴ
1392 342 1468 393 τῆς
1487 340 1651 382 ε’πιστο-

179 410 254 461 λῆς
273 407 314 456 ἐξ
335 403 560 460 ὁλοκλήρου
580 403 865 460 εὖρισκομένης
888 408 930 448 ἐν
951 408 1136 460 βίβλοις,
1173 403 1281 448 ἀλλά
1300 422 1339 447 τι
1357 406 1481 463 μέρος
1501 407 1653 462 ἐκείνης

177 475 268 530 περὶ
298 478 380 516 τῶν
414 471 487 515 δύο
518 475 749 530 κεφαλαίων
781 473 1066 528 διαλαμβάνον
1095 472 1166 531 ἐφ’
1199 471 1260 524 οἶς
1286 474 1324 516 οἳ
1352 479 1426 530 τῆς
1447 475 1652 532 ἀνατολῆς

177 547 260 586 τῶν
280 544 452 585 δυτικῶν
475 540 738 597 ἐπελάβοντο,
772 542 859 593 ἑνὸς
878 545 952 599 μὲν
972 546 1038 586 καὶ
1057 540 1223 599 πρώτου
1245 547 1320 585 τοῦ
1339 543 1396 598 μὴ
1419 543 1495 599 τὴν
1511 541 1683 600 ἆμαρ-5

59 618 89 652 Ρ
110 619 157 655 74
181 610 313 655 τωλόν
344 609 478 668 σάρκα
510 611 730 665 ἀναλαβεῖν
761 613 831 655 τὸν
863 617 938 655 τοῦ
971 617 1074 655 θεοῦ
1099 610 1218 668 λόγον
1242 629 1286 654 τε
1310 614 1377 654 καὶ
1401 610 1510 666 υἱόν,
1547 612 1652 655 ἀλλὰ
1684 648 1688 656 ,

178 680 254 736 τὴν
286 679 365 736 πρὸ
399 684 472 735 τῆς
504 685 719 737 παρακοῆς
741 686 814 724 τοῦ
831 681 964 735 Ἀδὰμ
986 679 1303 737 ἀναμάρτητον,
1337 681 1527 736 δευτέρου
1548 682 1596 724 δέ
1609 698 1652 738 γε

178 748 237 799 ὥς
278 748 412 791 αἰτίαν
454 753 513 806 τῷ
555 758 763 806 μονογενεΐ
791 748 1113 807 προσαπτόντων
1144 751 1208 792 ε’πὶ
1235 754 1286 806 τῇ
1317 747 1549 805 ἕκπορεῦσει
1576 753 1652 793 τοῦ

179 816 435 870 πνεύματος·
478 812 534 860 ὧν
565 819 612 862 τὸ
641 820 715 873 μὲν
745 817 790 861 (ἐν
820 822 887 861 καὶ
917 823 1080 875 πρῶτον
1105 815 1289 868 συνόλως
1305 816 1566 875 ἠρνήσαντο,
1602 818 1651 862 τὸ

184 887 233 930 δέ
259 904 300 943 γε
331 885 544 942 δεύτερον,
580 892 703 930 τοῦτο
734 888 786 943 δὴ
813 888 859 930 τὸ
894 889 1181 943 προκείμενον,
1219 885 1494 944 ἐθεράπευον,
1531 886 1588 938 ὥς
1617 889 1708 930 εἶ’10

185 957 254 999 καὶ
281 955 428 1011 λέγοιεν
460 956 504 998 ἐκ
533 957 690 1012 πατρὸς
718 958 783 999 καὶ
813 957 906 999 υἱοῦ
931 957 979 999 τὸ
1008 960 1192 1010 πνεῦμα,
1229 956 1304 998 οὐκ
1330 955 1462 998 αἶ’τιον
1488 954 1653 1007 πάντως

186 1029 388 1082 φρονοῦσι
416 1024 486 1067 τὸν
515 1029 710 1081 μονογενῆ
723 1059 735 1079 ,
775 1025 870 1068 ἀλλ’
888 1027 958 1068 ’ίνα
981 1025 1027 1068 τὸ
1046 1025 1226 1081 συναφές
1245 1026 1311 1067 καὶ
1334 1022 1653 1082 ἀπαράλλακτον

185 1098 261 1148 τῆς
292 1093 433 1143 οὐσίας
465 1092 776 1152 παραστήσωσι.
846 1094 920 1149 τὴν
949 1098 1047 1150 γοῦν
1075 1091 1270 1147 τοιαύτην
1291 1091 1654 1151 ἇντιπεριχώρησιν

134 1172 163 1207 Β
186 1167 261 1218 τῆς
277 1162 514 1218 προθέσεως
527 1196 538 1215 ,
574 1164 655 1205 ἐπεὶ
674 1163 748 1206 οὐκ
767 1164 983 1220 ἓνεκρίνετο
1003 1170 1091 1213 τοῖς
1112 1164 1291 1219 γνησίοις
1307 1166 1380 1205 τοῦ
1402 1164 1520 1205 θείου
1545 1166 1654 1206 Μα-

185 1233 303 1285 ξίμου
332 1231 379 1274 τὸ
407 1235 481 1286 τῆς
502 1234 718 1287 ἐπιστολῆς
740 1233 890 1288 ἐκείνης
906 1229 1119 1287 τεμάχιον,
1165 1229 1451 1288 ἀπαράδεκτον
1471 1230 1651 1293 ἔγνωσαν
1664 1237 1707 1273 15

184 1299 300 1355 ἔχειν.
369 1297 483 1358 μόνῳ
512 1301 553 1343 δ’
577 1302 753 1355 ἐχρῶντο
774 1306 832 1359 τῷ
855 1306 929 1344 τοῦ
949 1298 1234 1355 Δαμασκόθεν
1260 1298 1442 1357 πατρός,
1464 1304 1536 1359 τῷ
1565 1304 1597 1326 “
1609 1301 1654 1344 ἐκ

183 1373 258 1412 τοῦ
279 1369 371 1411 υἱοῦ
396 1370 440 1411 δὲ
462 1370 511 1411 οὐ
532 1369 755 1426 λε’γομεν,”
798 1370 820 1413 ὃ
851 1370 901 1426 δὴ
932 1372 1261 1425 συνεξαιρεῒσθαι
1284 1373 1342 1428 τῷ
1360 1369 1568 1429 κεφαλαίῳ
1585 1371 1654 1412 καὶ

185 1435 340 1495 σφόδρ’
372 1436 609 1483 ἐκινδύνευε.
680 1438 749 1481 διὰ
776 1443 901 1482 τοῦτο
929 1440 997 1482 καὶ
1024 1436 1230 1493 δεχόμενοι
1257 1437 1305 1481 τὸ
1335 1436 1558 1494 κεφάλαιον
1585 1439 1654 1481 καὶ

183 1505 239 1556 ὥς
259 1504 374 1562 ἁγίου
396 1506 469 1561 τὴν
492 1507 596 1558 λέξιν
616 1507 773 1562 ἔχοντες
792 1508 867 1564 τὴν
887 1508 1111 1564 θεραπείαν
1134 1505 1301 1561 ἐζήτουν
1323 1507 1428 1549 κατὰ
1447 1506 1494 1550 τὸ
1520 1507 1653 1563 ὀρθὸν

183 1579 258 1618 τοῦ
287 1573 513 1631 δόγματος,
552 1578 619 1619 καὶ
649 1573 776 1632 τόμον
803 1574 973 1634 γράφειν
999 1574 1176 1634 ᾑροῦντο
1198 1577 1265 1618 καὶ
1288 1581 1557 1633 λογογραφεῖν
1577 1575 1709 1632 τὴνὲο

186 1753 330 1788 duobus.
377 1753 442 1788 hoc
469 1754 606 1800 inquam
635 1754 863 1789 testimonium
887 1754 924 1789 S.
947 1754 1111 1794 Maximi,
1142 1755 1235 1790 clare
1257 1755 1409 1789 inferens
1432 1753 1653 1800 aequivalen-

185 1800 268 1834 tiam
302 1800 583 1846 praepositionum
617 1800 780 1843 duarum,
821 1801 1019 1845 exceptione
1050 1801 1128 1835 falsi
1157 1802 1421 1845 submovebant,
1464 1801 1564 1847 plane
1594 1811 1654 1835 re·-

185 1850 348 1891 spuentes
379 1852 418 1881 ut
448 1847 707 1893 supposititium.
753 1847 852 1881 istam
875 1847 1001 1892 quippe
1025 1848 1068 1881 ad
1094 1848 1260 1882 Marinum
1283 1847 1460 1893 epistolam
1481 1847 1654 1891 negabant

187 1893 331 1937 reperiri
353 1893 519 1937 integram
544 1893 578 1927 in
602 1893 848 1938 exemplaribus
871 1905 1011 1938 operum
1035 1895 1073 1927 S.
1095 1893 1257 1936 Maximi,
1281 1894 1341 1928 sed
1363 1896 1495 1938 partem
1519 1893 1654 1928 dumta-

190 1944 251 1972 xat
274 1938 347 1973 eius
370 1939 514 1985 aliquam
539 1939 604 1973 duo
628 1939 824 1974 Latinorum
849 1951 869 1973 a
893 1939 1040 1973 Graecis
1063 1944 1223 1974 accusata
1239 1939 1387 1985 capitula
1401 1942 1653 1976 memorantem.

189 1996 331 2030 quorum
363 1987 456 2030 prius
480 1987 544 2020 1100
567 1990 660 2029 erat,
693 1997 758 2020 non
790 1985 1012 2030 peccatricem
1037 1997 1172 2020 carnem
1195 1993 1400 2031 assumptam
1425 1985 1531 2020 fuisse
1553 1997 1575 2020 a
1597 1984 1654 2019 dei

186 2031 294 2063 verbo
328 2036 364 2065 et
398 2032 489 2074 filio,
527 2031 588 2066 sed
622 2043 696 2065 eam
729 2043 817 2076 quae
850 2036 942 2065 esset
971 2032 1106 2076 peccati
1136 2043 1260 2077 expers
1291 2035 1371 2066 ante
1392 2031 1655 2066 inobedientiam

189 2076 322 2110 Adami.
370 2078 512 2111 alterum
545 2081 680 2120 autem,
713 2089 780 2123 quo
813 2077 1028 2111 tribuebatur
1057 2078 1230 2123 unigenito
1254 2078 1343 2112 ratio
1367 2088 1491 2112 causae
1513 2077 1550 2112 111
1596 2088 1654 2112 ro-

189 2122 343 2155 cessione
373 2123 535 2166 Spiritus.
584 2136 625 2158 ac
655 2123 796 2169 primum
819 2124 952 2169 quidem
975 2124 1059 2158 illud
1083 2125 1218 2158 omnino
1241 2125 1423 2168 negabant.
1469 2135 1572 2159 secun
1598 2134 1653 2158 11111

187 2178 270 2202 vero
294 2169 506 2213 expositione
529 2171 766 2214 temperabant
788 2170 821 2203 in
847 2170 933 2203 bunc
955 2170 1109 2204 modum:
1143 2171 1208 2205 etsi
1235 2171 1388 2205 dicerent
1419 2182 1463 2205 ex
1486 2174 1586 2215 patre
1607 2169 1653 2203 fi-

187 2213 301 2258 lioque
324 2214 478 2259 spiritum
502 2217 699 2259 procedere,
722 2227 788 2250 non
811 2222 924 2250 tamen
947 2216 1046 2250 huius
1069 2228 1204 2251 causam
1227 2227 1414 2262 agnoscere
1427 2215 1653 2260 unigenitum,

190 2260 250 2293 sed
285 2260 334 2293 ita
363 2260 456 2306 loqui
483 2267 522 2295 ut
551 2262 801 2296 cohaerentiam
833 2262 984 2296 intimam
1008 2267 1044 2296 et
1064 2263 1372 2297 immutabilitatem
1400 2261 1570 2296 essentiae
1590 2260 1654 2295 ad-

188 2309 369 2340 struerent.
416 2307 506 2351 quod
537 2309 642 2341 verba
674 2319 773 2352 porro
807 2309 969 2342 attineret
988 2309 1047 2342 illa
1070 2309 1193 2354 quibus
1216 2309 1451 2346 affirmabatur
1473 2306 1653 2352 aequipol-

188 2351 351 2385 lentia*et
373 2352 571 2396 synonymia
593 2354 857 2398 praepositionis
880 2366 922 2388 ex
946 2366 1021 2388 cum
1044 2366 1127 2399 per,
1153 2355 1307 2400 quoniam
1330 2354 1556 2397 fragmentum
1578 2352 1653 2406 epi-

189 2398 318 2439 stolae,
349 2397 384 2431 in
416 2410 483 2443 quo
513 2398 570 2431 illa
599 2400 819 2443 legebantur,
852 2411 919 2434 non
951 2402 1194 2435 accensebatur
1222 2399 1380 2444 legitimis
1401 2398 1540 2444 scriptis
1563 2398 1653 2433 illius

189 2443 300 2478 sancti
323 2442 484 2487 doctoris,
508 2444 569 2478 sed
591 2445 743 2489 spurium
766 2450 802 2479 et
824 2446 976 2480 affictum
1001 2447 1198 2491 putabatur,
1221 2446 1445 2479 decreverunt
1459 2443 1654 2490 neutiquam

189 2489 323 2524 admitti
353 2495 514 2535 oportere
537 2494 574 2524 et
596 2502 658 2535 pro
680 2491 817 2525 indictis
840 2491 1005 2525 habenda.
1052 2492 1123 2525 solo
1155 2492 1341 2525 utebantur
1367 2490 1569 2525 Damasceni
1589 2500 1654 2535 pa-

189 2535 254 2570 tris
286 2535 392 2570 effato
426 2536 505 2577 illo,
540 2547 606 2582 quo
635 2536 666 2570 is
696 2538 845 2581 negabat
866 2548 905 2570 se
929 2537 1042 2571 dicere
1064 2537 1218 2582 spiritum
1241 2547 1284 2570 ex
1307 2536 1389 2571 filio.
1436 2547 1524 2582 quae
1546 2536 1655 2571 verba

190 2581 257 2617 sibi
279 2581 446 2623 faventia,
470 2581 550 2627 quia
571 2582 735 2616 videbant
757 2582 905 2627 capitulo
928 2583 1045 2616 eodem
1070 2583 1236 2616 contineri
1260 2594 1327 2627 quo
1348 2582 1415 2616 alia
1429 2581 1487 2616 illa
1502 2593 1523 2617 a
1538 2583 1654 2618 Vecco

189 2627 338 2670 iactata,
375 2639 416 2662 ac
439 2631 686 2673 consequenter
709 2628 895 2673 periclitari
919 2640 961 2662 ne
984 2628 1167 2662 reiicienda
1190 2634 1304 2662 essent
1326 2633 1364 2662 ut
1387 2628 1521 2673 spuria,
1543 2628 1572 2662 si
1595 2639 1655 2662 ca·-

188 2674 330 2720 pitulum
351 2673 433 2708 illud
456 2675 727 2719 reprobaretur,
761 2673 841 2707 illud
866 2684 903 2707 se
925 2675 1081 2719 recipere
1104 2675 1264 2709 dixerunt
1287 2686 1328 2708 ac
1351 2685 1413 2720 pro
1436 2685 1518 2709 vero
1542 2674 1654 2708 sancti

188 2719 299 2765 patris
321 2720 447 2765 scripto
477 2720 655 2762 venerari,
688 2724 858 2754 caeterum
886 2721 1131 2765 expositionem¹
1159 2732 1327 2765 quaerere
1350 2731 1419 2765 qua
1441 2720 1573 2766 reliqua
1595 2720 1655 2755 illa

188 2766 327 2800 duriora
363 2766 530 2801 mollirent
560 2770 597 2800 et
625 2766 668 2800 ad
701 2777 836 2801 sensum
871 2766 1070 2801 catholicum
1112 2767 1196 2801 recti
1235 2766 1402 2811 dogmatis
1435 2767 1654 2811 adaptarent.

188 2823 289 2858 quam
319 2813 356 2848 in
385 2824 457 2848 rem
492 2812 739 2848 constituerunt
773 2817 899 2848 tomum
930 2812 1082 2848 scribere
1105 2825 1147 2849 ac
1169 2813 1358 2848 doctrinam
1392 2823 1524 2848 sacram
1545 2812 1655 2848 fusius
