1820 3112
356 165 432 208 DE
466 163 798 208 ANDRONICO
826 162 1203 210 PALAEOLOGO
1238 167 1286 209 L.
1312 166 1386 210 ΠΙ.
1527 169 1625 215 259

155 279 222 322 καὶ
244 277 272 335 ἦ
293 275 486 333 ἀνισότης
505 275 610 333 αὕτη
628 276 759 320 ἐδέετο
779 274 1016 331 ἓξισιὸσεως,
1045 277 1171 329 αὐτὸς
1189 278 1242 321 τὰ
1258 276 1416 336 μεγάλα
1434 284 1623 339 θαρρῶν,

155 345 213 398 ὥς
240 351 364 405 πιστῇ
395 343 537 404 γνώμῃ
566 347 634 389 καὶ
666 349 837 406 καθαρᾷ
866 346 970 402 πρὸς
995 348 1169 401 βασιλέα
1191 346 1414 404 πράττοντι
1436 349 1556 394 οὐδὲν
1573 350 1625 395 ἂν

154 417 386 472 προσσταίη
415 419 498 458 τῶν
529 413 607 457 ὅσα
632 417 699 457 καὶ
727 416 783 465 εἰς
803 412 997 469 ἐμπόδιον
1018 415 1101 471 εἴη,
1138 419 1382 473 μεταγγίζειν
1402 417 1501 475 ἕγνω
1519 420 1624 479 πρὸς

83 516 89 530 2
154 484 210 527 τὰ
235 484 350 527 κοινὰ
370 483 423 526 τοὶ
443 483 705 540 πληρέστατα
731 484 798 526 καὶ
820 481 951 533 οὕτως
971 485 1131 534 ἕξισοῦν
1156 492 1243 535 τοῖς
1263 483 1437 542 ἀνδράσι
1458 489 1526 531 καὶ
1548 488 1625 540 τὰς

120 559 143 594 5
157 550 302 610 ὁρμάς,
337 554 480 604 ἐξισῶν
499 559 586 602 τοῖς
604 550 852 608 πράγμασιν.
919 553 1110 596 ἐντεῦθεν
1125 555 1193 595 καὶ
1211 555 1390 610 στρατὸν
1407 556 1483 610 μέν
1501 557 1616 601 συνί-
1643 571 1672 607 ι)

155 637 236 665 στα
264 622 411 674 πλέον,
449 624 550 676 νῆας
569 620 613 663 δ’
635 618 917 676 ἕξητοιμάζετο
929 653 942 674 ,
980 623 1046 663 καὶ
1069 621 1186 664 διττὰ
1206 624 1394 680 στρέφων
1412 623 1531 668 ἴνθεν
1545 627 1621 681 μέν

155 689 261 734 κατὰ
281 694 356 746 γῆν
379 691 533 733 ἐκεῖθεν
551 690 597 732 δὲ
616 689 720 732 κατὰ
737 687 956 733 θάλατταν
976 687 1225 746 διηυμάριζε,
1252 692 1319 734 καὶ
1339 696 1475 743 καλῶς
1496 693 1623 749 ἠκού-

155 775 222 802 ετο
242 756 450 815 πράττων,
481 759 548 800 καὶ
563 762 726 812 βασιλεῖ
739 756 962 809 άπόδεκτος
979 753 1047 814 ἦν,
1082 761 1117 802 εἰ
1136 761 1203 801 καὶ
1224 763 1282 818 τῷ
1299 767 1620 818 πατριαρχοῦντι

149 824 319 885 Ἰωάννῃ
339 825 364 884 ἦ
385 827 535 870 ἐκείνου
561 828 786 884 στρατηγία
809 827 877 870 διὰ
895 827 1089 884 μεγίστης
1107 826 1418 883 ἀγανακτήσεως
1445 826 1516 886 ἦν,
1552 834 1621 875 καὶ

100 901 144 936 10
155 894 351 947 πολλάκις
369 895 693 952 προσαναφὲρων
709 900 877 950 βασιλεῖ
890 899 1234 953 προσωνειὸίζετο,
1254 897 1296 940 εἶ’
1305 915 1347 953 γε
1366 897 1470 955 ἀνὴρ
1490 915 1621 956 στρα-

153 966 295 1021 τηγοιή
316 965 393 1019 οὐχ
414 963 524 1014 ὅπως
542 965 672 1019 μηδὲν
696 964 814 1015 εἰδὼς
835 969 958 1019 τιμᾶν
976 966 1204 1021 ἐκκλησίαν,
1227 965 1332 1008 ἀλλὰ
1356 968 1423 1010 καὶ
1444 972 1615 1020 πολλαῖς
1637 975 1670 1011 Ε

153 1033 251 1084 τοὺς
271 1033 400 1094 αὐτῆς
423 1029 588 1075 πλύνων
609 1031 766 1089 ὕβρεσι.
833 1033 1028 1087 βασιλεῦς
1053 1035 1098 1077 δὲ
1115 1039 1165 1091 τῇ
1185 1034 1286 1091 παρ’
1313 1035 1465 1079 ἐκείνου
1488 1041 1622 1094 θερα-

151 1102 246 1162 πείᾳ
274 1101 576 1157 ἓνειλημμένος,
617 1099 672 1151 ὥς
695 1102 738 1144 αἱ
759 1104 904 1156 συχναὶ
926 1105 1080 1153 πίστεις
1102 1101 1231 1158 εἶχον,
1268 1107 1451 1164 λογισμῷ
1480 1106 1621 1157 διδούς

152 1171 275 1214 πλέον
301 1169 327 1227 ἢ
358 1169 458 1227 ὀργῇ
487 1170 554 1212 διὰ
587 1170 660 1224 τὴν
682 1172 725 1213 ἐκ
745 1175 819 1214 τοῦ
842 1169 1098 1228 πατριάρχου
1129 1170 1367 1229 ἀναφοράν,
1406 1172 1526 1217 οὐδὲν
1544 1192 1618 1218 πε-

98 1244 142 1280 15
154 1239 302 1296 palma:
335 1239 433 1282 κατ’
463 1239 613 1281 ἐκείνου
646 1246 810 1294 παρεῖχε
840 1239 937 1290 τοίς
964 1239 1061 1283 κατ’
1087 1240 1238 1283 ἐκείνου
1260 1241 1473 1297 λέγοντας,
1510 1242 1616 1286 ἀλλὰ

151 1310 219 1351 καὶ
251 1305 494 1365 προσάντως
519 1311 678 1361 μᾶλλον
707 1309 864 1363 ἐδέχετο
904 1308 981 1358 τὰς
1016 1306 1286 1364 ὑπομνήσεις,
1334 1310 1409 1365 τὴν
1439 1311 1506 1354 ἐπὶ
1531 1318 1619 1362 τοῖς

151 1376 446 1434 πραττομένοις
481 1374 778 1434 σταθηρότητα
806 1377 1129 1434 βασιλικωτέραν
1162 1379 1310 1435 κρίνων
1341 1381 1617 1434 παλιμβολίας
1640 1385 1668 1420 P
1693 1388 1758 1422 176

151 1486 255 1520 dante
284 1485 449 1527 maximo,
478 1484 741 1530 inaequalitates
762 1484 847 1519 istas
871 1485 958 1526 sibi,
991 1488 1092 1530 prout
1115 1489 1192 1520 erat
1214 1488 1294 1520 ante
1326 1486 1438 1522 omnia
1462 1498 1617 1531 necesse,

150 1537 267 1566 mutua
294 1531 566 1577 compensatione
590 1526 745 1565 decrevst
766 1531 1027 1576 exaequandas‚
1061 1531 1111 1565 ita
1134 1537 1174 1565 ut
1196 1543 1239 1565 ex
1262 1532 1468 1568 abundantia
1492 1546 1614 1579 super-

149 1577 220 1612 flue
250 1577 485 1623 opulentorum
517 1577 774 1619 transferendo,
809 1577 902 1622 quod
932 1577 1017 1611 satis
1046 1580 1156 1619 esset,
1196 1577 1230 1611 in
1263 1583 1436 1622 egestates
1465 1578 1617 1625 inopum,

150 1635 214 1658 nec
243 1623 294 1658 ini
326 1622 529 1658 redundanti
563 1622 662 1668 copia
693 1626 869 1668 torperent
896 1635 960 1657 nec
982 1622 1016 1656 hi
1039 1623 1244 1658 necessariis
1273 1624 1430 1659 destituti
1451 1625 1617 1670 languere

149 1682 192 1705 ac
212 1669 367 1704 militiam
390 1670 547 1713 refugere
571 1673 786 1713 cogerentur.
831 1672 948 1703 tantae
970 1668 1050 1704 huic
1072 1681 1114 1703 ac
1136 1674 1205 1703 tam
1230 1670 1361 1704 cunctis
1391 1675 1617 1716 praeverten-

135 1716 215 1752 'dae
247 1715 300 1750 rei
330 1719 401 1749 tum
431 1715 665 1760 suscipiendae
696 1714 856 1749 fiduciam
886 1718 957 1749 tum
986 1715 1206 1761 exequendae
1236 1715 1431 1750 facultatem
1454 1717 1617 1762 praebuit

151 1761 356 1796 conscientia
384 1760 569 1806 praecipue
598 1761 711 1795 fidelis
733 1773 816 1806 erga
838 1761 1082 1806 imperatorem
1103 1761 1208 1795 studii
1231 1766 1267 1795 et
1290 1761 1387 1795 huius
1411 1765 1527 1796 certae
1548 1762 1616 1797 sibi

149 1807 407 1843 benevolentiae
424 1807 549 1841 fiducia
572 1818 704 1841 secura.
749 1807 829 1841 inde
851 1818 976 1852 porro,
1015 1807 1105 1853 quod
1129 1806 1327 1852 palmarium
1351 1806 1419 1840 fuit
1446 1808 1489 1841 ad
1513 1819 1617 1852 prae-

151 1857 280 1888 sentem
296 1864 411 1895 usnm‚
433 1852 469 1886 id
492 1855 545 1887 est
566 1853 664 1887 brevi
687 1857 907 1893 consecutus,
930 1858 970 1886 ut
992 1853 1178 1887 exercitum
1202 1852 1367 1886 conflaret
1389 1853 1474 1886 satis
1497 1863 1616 1887 nume-

151 1909 265 1933 rosum
288 1899 330 1933 ad
354 1899 496 1933 classem
527 1898 623 1932 simul
645 1899 813 1933 maritima
836 1898 955 1933 militia
977 1898 1206 1944 complendam
1230 1902 1411 1942 castraque
1433 1898 1612 1932 terrestri-

151 1944 218 1978 bus
240 1944 374 1978 abunde
394 1944 595 1978 instruenda
617 1944 749 1989 copiis3
780 1956 846 1990 qua
868 1950 1014 1989 utraque
1037 1946 1147 1977 fretus
1169 1942 1345 1988 potentia,
1378 1944 1521 1977 navibus
1543 1955 1611 1979 uno

152 1992 305 2034 tempore
326 1989 439 2023 multis
461 1989 599 2033 egregie
620 1990 776 2031 armatis,
800 1994 894 2024 terra
916 2001 982 2023 uno
1007 1989 1146 2023 consilio
1169 1988 1342 2033 marique,
1365 1999 1435 2022 rem
1458 2000 1525 2023 non
1546 1989 1613 2024 im-

151 2035 252 2081 pigre
273 2035 380 2069 solum
402 2046 443 2068 ac
463 2035 649 2079 prudenter
671 2036 731 2069 sed
752 2035 899 2070 feliciter
922 2035 1023 2069 etiam
1046 2046 1167 2078 gerere
1187 2035 1253 2067 cito
1278 2033 1411 2068 auditus
1435 2039 1508 2077 est,
1532 2046 1612 2070 suc-

152 2080 324 2122 cessibus,
376 2079 628 2114 uemadmodum
650 2081 724 2114 fere
746 2081 807 2122 fit,
838 2082 996 2114 fortunae
1018 2079 1207 2125 sapientiae
1237 2079 1447 2114 consiliorum
1468 2091 1613 2126 respon-

149 2126 320 2161 dentibus.
353 2092 445 2158 qhinc
477 2125 601 2159 faustis
633 2125 677 2159 de
704 2125 763 2159 illo
796 2125 1107 2160 increbescentibus
1137 2123 1264 2159 nuntiis
1296 2125 1403 2170 magis
1435 2126 1612 2172 magisque

149 2171 414 2207 confirmabatur
434 2170 468 2204 in
493 2181 554 2204 suo
577 2171 620 2204 de
643 2182 684 2205 eo
709 2171 834 2205 indicio
856 2170 1060 2216 imperator,
1090 2170 1341 2216 impensiusque
1370 2172 1490 2206 favere
1512 2172 1610 2208 mini-

150 2223 223 2252 stro
257 2222 325 2252 tam
356 2216 432 2251 utili
461 2217 647 2261 pergebat3
685 2227 794 2262 eoque
816 2216 1025 2250 obfirmatius
1047 2215 1224 2250 reiiciebat
1247 2217 1421 2251 continuas
1443 2220 1608 2253 adversus

150 2263 415 2299 Tarchaniotam
446 2262 735 2307 expostulationes
764 2262 979 2308 patriarchae
1008 2261 1167 2302 Ioannis,
1203 2261 1262 2308 qui
1284 2273 1496 2308 concoquere
1517 2264 1608 2298 haud

148 2321 308 2355 umquam
339 2309 455 2343 valens
485 2308 644 2342 honorari
675 2309 893 2353 praefectura
923 2307 984 2341 tali
1018 2306 1182 2341 hominem
1213 2307 1298 2342 adeo
1321 2319 1387 2342 non
1411 2309 1498 2343 bene
1520 2310 1607 2344 affe-

150 2359 243 2390 ctum
274 2366 357 2399 erga
387 2354 583 2396 ecclesiam,
617 2358 656 2388 ut
684 2353 864 2399 plerosque
894 2351 1199 2387 ecclesiasticorum
1230 2353 1365 2398 probris
1387 2355 1608 2390 conscindere

149 2411 217 2435 non
249 2400 454 2443 desisteret,
483 2399 632 2446 querelis
667 2410 708 2434 ea
731 2400 774 2434 de
802 2411 840 2434 re
865 2398 1010 2433 assiduis
1034 2410 1096 2432 nec
1118 2397 1191 2432 sine
1221 2400 1393 2434 stomacho
1415 2402 1607 2445 Augustum

149 2445 384 2492 inquietabat;
414 2446 474 2492 qui
507 2451 620 2480 tamen
651 2445 732 2480 nihil
761 2445 814 2479 his
836 2450 967 2486 motus,
999 2444 1089 2490 quod
1113 2444 1347 2489 praesentibus
1369 2445 1480 2491 iisqne
1503 2447 1606 2481 certis

150 2492 387 2537 experimentis
409 2492 519 2526 fidelis
540 2492 698 2537 utilisque
719 2491 784 2526 sibi
798 2490 1050 2526 Tarchaniotae
1064 2489 1219 2536 obsequii
1239 2490 1316 2536 plus
1337 2491 1488 2536 quotidie
1510 2493 1606 2538 plus-

151 2548 218 2583 que
239 2538 383 2583 obligari
405 2549 443 2572 se
464 2538 607 2572 sentiret
629 2538 674 2572 ad
697 2537 894 2572 benevolam
917 2536 953 2570 in
977 2547 1050 2569 eum
1071 2540 1272 2581 gratamque
1293 2538 1524 2580 voluntatem,
1555 2537 1605 2571 sic

150 2593 250 2617 aures
277 2583 501 2629 nequidquam
536 2583 711 2618 accusanti
731 2583 949 2629 patriarchae
970 2581 1093 2623 dabat,
1127 2585 1167 2615 ut
1189 2581 1332 2616 animum
1354 2593 1415 2617 reo
1438 2586 1606 2626 servaret,

149 2628 339 2674 rationique
361 2629 503 2674 amplius
525 2641 625 2676 quam
646 2629 719 2664 irae
746 2630 901 2663 tribuens
929 2627 1046 2662 irritos
1067 2626 1236 2662 reddebat
1257 2639 1371 2662 omnes
1392 2628 1459 2673 ipsi
1481 2639 1606 2662 nocere

150 2675 375 2718 satagentium
396 2679 557 2718 conatus,
580 2676 725 2710 libenter
747 2678 867 2709 contra
889 2673 1102 2718 benigneque
1123 2673 1294 2718 excipiens
1316 2673 1480 2720 quidquid
1502 2674 1546 2708 ab
1570 2674 1605 2707 ei

151 2717 344 2754 faventibus
365 2726 624 2766 suggereretur,
655 2721 802 2766 denique
823 2719 979 2754 iudicans
999 2718 1035 2752 id
1057 2718 1222 2753 eiusmodi
1245 2730 1321 2754 esse
1343 2718 1534 2763 negotium,
1565 2718 1603 2753 in

82 2773 87 2777 ·
152 2774 219 2808 quo
240 2775 293 2800 ma
318 2765 348 2799 's
378 2766 616 2811 imperatorem
638 2766 735 2812 regia
755 2765 914 2800 insistere
942 2763 1133 2799 constantia
1154 2765 1257 2800 semel
1278 2764 1410 2810 coeptis
1432 2775 1532 2810 quam
1554 2763 1607 2799 in-

152 2808 266 2844 stabili
319 2811 548 2858 esultoriaque
576 2812 674 2848 modo
704 2811 863 2848 aientium
894 2821 971 2846 mox
999 2810 1191 2856 negantium
1223 2809 1434 2846 consiliorum
1465 2809 1607 2845 levitate
