1858 3126
394 161 469 204 DE
503 159 832 203 ANDRONICO
866 158 1242 203 PALAEOLOGO
1277 160 1323 201 L.
1346 159 1400 202 V.
1531 155 1630 203 403

173 289 340 330 στορας.
406 276 531 316 τοῦτο
568 272 802 329 φημισθέν,
848 270 904 321 ὦς
929 269 1058 324 εἰκός,
1103 279 1191 321 τοῖς
1212 272 1288 324 μὲν
1315 276 1470 322 λοιποῖς
1497 269 1631 322 ἄλλως

107 390 109 392 ,
173 341 418 400 ᾠκονομεῖτο
446 339 472 396 ἦ
500 343 588 396 περὶ
621 341 696 390 τὰς
723 339 927 389 συστολὰς
954 339 1138 395 σπουδή,
1172 339 1248 383 κᾶν
1266 340 1565 397 ἢφροντίστουν
1581 341 1629 383 τὸ

174 410 296 459 τέως·
331 407 389 452 ἑνὶ
418 410 463 451 δὲ
492 407 651 451 τούτων
676 413 735 467 τῷ
755 405 912 451 Ἀλάΐδι
938 407 990 450 τὰ
1010 407 1114 450 κατὰ
1134 409 1206 462 τὴν
1226 411 1396 452 Λυδίαν
1420 410 1631 465 καταδρα-

174 476 318 532 μόντι,
358 476 462 520 ὥστε
491 479 558 519 καὶ
581 478 691 519 λείαν
714 479 902 528 Μυσῶν,
932 475 981 518 οὗ
1001 477 1163 518 Λυδῶν
1192 482 1370 530 φανῆναι
1390 477 1523 530 τάκεῖ,
1554 495 1630 520 κα-

142 560 165 595 5
179 546 434 590 τασεισθέντι
450 550 501 601 τῇ
520 543 637 602 φήμῃ
661 544 757 594 τούς
774 544 991 600 λογισμοὺς
1011 543 1121 593 ἔδοξε
1141 551 1327 599 προνοεῖν
1345 545 1476 604 ἑαυτῷ
1498 563 1540 589 τε
1557 548 1624 588 καὶ
1649 556 1678 590 Β

177 621 263 664 τοῖς
291 615 409 663 ἰδίοις
435 619 518 656 τῶν
547 614 590 655 ἐκ
618 617 802 669 φυλακῆς
829 610 1135 668 συμφερόντων.
1206 611 1342 665 ἀμέλει
1366 628 1430 654 τοι
1456 617 1521 655 καὶ
1547 623 1630 665 τοῖς

176 682 282 726 κατὰ
308 682 355 725 τὸ
381 685 463 725 τῶν
498 679 691 738 Σάρδεων
724 678 922 738 φρούριον
950 680 1099 734 ὀχυρὸν
1125 679 1259 729 ἄλλως
1290 678 1338 722 ὂν
1365 677 1420 729 ὥς
1451 685 1627 733 παλαιᾶς

176 747 395 806 ἀκρόπολιν
415 747 584 803 πόλεως,
619 749 723 792 καθ’
742 748 785 792 ’ἐν
805 749 963 803 ἄβατον
986 751 1109 804 μέρος
1133 750 1199 791 καὶ
1218 748 1264 791 τὸ
1286 748 1426 791 λοιπὸν
1448 746 1633 803 ἀπόκρη-

176 836 305 873 μνον,
341 818 409 861 διὰ
432 818 506 873 τὴν
530 818 633 875 παρ’
658 819 813 861 ἐκείνων
837 818 1155 872 ἐγκεκλεισμένην
1174 818 1359 860 ἐπίθεσιν
1379 817 1547 870 πέμπων
1562 820 1632 860 ἐπὶ
1671 819 1676 823 “

122 898 168 933 10
178 887 322 945 ῥηταῖς
342 885 575 942 ὁμολογίαις
595 886 887 941 συνέπραττεν,
923 886 994 941 ἐφ’
1018 880 1050 944 ᾧ
1076 890 1150 928 τοῦ
1178 887 1378 942 φρουρίου
1400 888 1634 940 διαμεμερι-

176 956 327 1010 σμένου
355 959 501 1013 μακρῷ
528 957 605 998 τινὶ
631 956 747 1009 τείχει
776 957 844 997 καὶ
876 954 1057 1011 ἀσφαλεῖ
1069 953 1195 1009 ἣμισυ
1214 955 1290 1008 μὲν
1312 955 1485 1004 ἐκείνους
1505 954 1631 1010 ἥμισυ

177 1023 221 1066 δ’
252 1022 402 1072 αὖτοῦς
430 1023 553 1077 ἔχειν,
594 1022 815 1066 κάντεῦθεν
843 1025 1008 1077 δεσμοῖς
1034 1020 1225 1076 ὁμονοίας
1251 1025 1515 1075 συνδεῖσθαι,
1563 1026 1629 1066 καὶ
1654 1035 1684 1069 c

174 1091 322 1146 ἀνέδην
340 1089 521 1142 ἐξιόντας
544 1092 715 1141 ἐκείνους
735 1092 808 1145 μὲν
831 1099 915 1141 τοῖς
936 1093 1053 1141 ἰδίοις
1073 1091 1202 1147 ἕργοις
1225 1091 1487 1147 προσανέχειν
1509 1092 1551 1143 ἐξ
1576 1086 1633 1135 ὧν

175 1157 482 1217 τραφήσονται,
520 1159 671 1210 αὐτοὺς
700 1161 744 1202 δὲ
772 1159 824 1202 τὰ
856 1162 982 1202 οἶκεῒα
1014 1157 1179 1210 πάντως
1199 1167 1346 1211 ποιεῖν,
1383 1159 1519 1203 αὐτῶν
1539 1162 1629 1215 μέν,

125 1236 168 1273 15
178 1227 235 1279 ὥς
257 1226 383 1281 εἰκός,
420 1228 668 1283 ἀπέχοντας,
704 1227 843 1278 ἄλλοις
862 1227 904 1271 δ’
925 1228 1229 1282 ἐπιτιθεμένους
1251 1229 1293 1279 ἐξ
1316 1222 1372 1271 ὧν
1390 1231 1631 1283 κερδανοῦοι

178 1297 250 1341 τὸν
269 1299 413 1340 οἰκεῖον
429 1295 583 1354 τρόπον
598 1299 664 1340 καὶ
683 1295 912 1355 λῃστρικόν.
950 1299 1089 1340 ἐκεῖνοι
1107 1298 1181 1350 μὲν
1202 1292 1274 1340 οὖν
1294 1297 1451 1340 τοιαῦτ’
1476 1297 1630 1352 ἠξίουν,

267 1395 303 1429 9.
326 1392 652 1440 ἐγκεκλεισμένοιςί)

176 1477 321 1510 satores.
368 1473 433 1508 hac
460 1471 551 1518 apud
584 1473 747 1508 barbaros
770 1485 831 1520 per
854 1473 1048 1508 Romaniam
1070 1473 1204 1519 impune
1234 1473 1506 1507 latrocinantium
1530 1475 1634 1508 duces

176 1521 248 1556 late
271 1520 440 1562 Catanis,
471 1519 567 1553 cuius
591 1519 777 1563 potentiam
800 1526 942 1561 norant,
977 1520 1230 1554 comminatione
1253 1520 1392 1563 vulgata
1415 1520 1496 1554 moti
1520 1531 1634 1554 omnes

176 1569 277 1608 snut,
305 1565 335 1600 si
356 1565 463 1600 minus
486 1565 529 1599 ad
552 1565 801 1608 continendam,
833 1566 952 1600 saltem
976 1565 1020 1599 ad
1042 1565 1278 1599 moderandam
1300 1565 1517 1610 timidiusque
1539 1565 1635 1599 dein-

176 1623 257 1658 ceps
285 1611 507 1646 exercendam
530 1610 717 1646 saevitiam.
763 1623 839 1646 nam
863 1623 884 1646 a
906 1611 1075 1658 plerisque
1098 1611 1244 1656 ipserum
1276 1623 1395 1656 parum
1418 1611 1502 1644 istas
1526 1611 1634 1646 minas

177 1657 392 1700 curantibus,
422 1656 635 1692 simulatione
667 1662 766 1692 tenus
797 1658 869 1692 sola
899 1670 962 1692 nec
993 1669 1035 1691 ea
1062 1657 1186 1702 longa,
1218 1657 1367 1691 delatum
1395 1657 1506 1690 edicto
1530 1657 1649 1700 Canis,

177 1708 232 1740 est
258 1704 378 1739 absisti
409 1715 431 1738 a
460 1703 685 1738 Romanorum
713 1703 930 1738 infestatione
952 1703 1110 1738 iubentis.
1157 1702 1255 1736 unius
1277 1703 1366 1737 inter
1390 1703 1475 1736 istos
1498 1702 1634 1736 Alaidis

177 1750 278 1797 paulo
313 1750 403 1784 sorte
430 1748 540 1783 minus
569 1754 798 1784 contumacem
831 1749 1004 1784 audaciam
1038 1750 1123 1783 haec
1145 1748 1352 1782 denuntiatio
1377 1747 1557 1782 concussit-
1602 1748 1633 1781 is

177 1801 259 1830 tnnc
287 1795 431 1840 Lydiam
462 1794 658 1836 incursans,
690 1795 788 1841 quasi
817 1801 971 1830 verteret
1002 1802 1102 1829 vetus
1133 1794 1370 1839 proverbium,
1402 1794 1577 1836 Mjsorum
1612 1806 1633 1827 e

177 1841 283 1886 Lydis
304 1841 509 1886 congerebat
530 1841 683 1884 praedas.
729 1842 819 1886 quod
842 1841 918 1875 dum
941 1842 1030 1886 agit,
1063 1841 1139 1874 novi
1164 1840 1307 1873 Cazanis
1332 1851 1406 1873 cum
1428 1839 1633 1882 imperatore

175 1886 324 1921 foederis
344 1887 437 1920 fama
456 1886 639 1930 improviso
659 1887 760 1926 ictus,
780 1887 814 1921 iu
838 1887 1004 1933 quandam
1027 1898 1110 1921 suae
1132 1897 1173 1920 ac
1195 1897 1330 1919 suorum
1352 1884 1531 1918 securitati
1549 1895 1633 1917 con-

178 1931 309 1966 sulendi
331 1931 574 1965 solicitudinem
599 1932 791 1976 ingressus,
825 1933 912 1966 hanc
935 1933 1107 1977 praedae,
1134 1943 1234 1976 quam
1258 1930 1424 1973 ingentem
1449 1935 1632 1974 paraverat

179 1980 218 2011 et
235 1976 289 2010 cni
309 1976 516 2020 potissimum
537 1977 699 2019 timebat,
731 1977 768 2010 in
790 1983 863 2012 tuto
887 1978 1102 2011 collocandae
1124 1977 1289 2010 rationem
1312 1974 1530 2019 excogitavit.
1578 1979 1633 2010 est

180 2021 252 2056 eius
274 2021 468 2066 metropolis
489 2022 682 2066 provinciae
705 2023 846 2067 antiqua
868 2024 951 2057 urbs
973 2022 1122 2064 Sardes,
1154 2021 1190 2054 in
1223 2032 1290 2066 qua
1320 2020 1386 2054 situ
1418 2020 1565 2055 validam
1595 2026 1633 2055 et

178 2066 258 2102 olim
290 2066 447 2100 munitam
477 2077 589 2100 arcem
620 2073 703 2100 tunc
734 2068 844 2102 adhuc
872 2075 1060 2102 nostrorum
1083 2067 1216 2112 quidam
1240 2066 1462 2108 obtinebant,
1496 2067 1540 2101 ab
1563 2078 1631 2102 nnn

179 2117 281 2160 parte
300 2111 506 2146 inaccessam
528 2112 664 2146 obiectu
685 2112 984 2158 impenetrabilium
1009 2113 1163 2153 molium,
1185 2123 1228 2146 ex
1251 2111 1358 2146 altero
1381 2112 1490 2146 latere
1510 2111 1630 2148 imma-

178 2159 276 2193 nibus
299 2157 508 2203 praecipitiis
522 2157 712 2198 defensam3
737 2159 831 2192 cuius
852 2159 928 2192 ideo
953 2158 1052 2192 etiam
1075 2169 1096 2191 a
1119 2157 1237 2202 paucis
1259 2162 1295 2191 et
1317 2157 1455 2202 prodire
1477 2170 1543 2192 non
1566 2170 1629 2192 an-

178 2203 338 2239 dentibus
358 2203 510 2238 insessae
529 2203 667 2237 barbari
688 2203 767 2238 licet
788 2215 924 2238 numero
947 2203 1111 2248 pollentes
1142 2203 1422 2248 expuguationem
1444 2204 1629 2249 desperas-

177 2254 264 2285 sent.
322 2249 420 2284 huius
450 2249 542 2283 Alais
572 2249 812 2294 praesidiarios
844 2249 1008 2294 colloquio
1037 2249 1207 2290 tentavit,
1247 2260 1370 2293 rogans
1405 2255 1443 2284 nt
1472 2250 1630 2295 quoniam

178 2295 351 2342 perampla
373 2300 410 2329 et
430 2295 584 2329 bifariam
608 2295 715 2328 divisa
743 2295 879 2329 munitio
902 2300 996 2334 erat,
1030 2301 1160 2339 partem
1183 2305 1302 2336 unam,
1337 2296 1427 2340 quod
1450 2301 1525 2330 tuto
1547 2307 1629 2341 pos-

177 2345 257 2376 sent
277 2341 409 2382 facere,
440 2340 507 2375 sibi
537 2340 771 2375 concederent.
816 2352 892 2374 nam
923 2345 1160 2385 praeterquam
1180 2339 1215 2373 id
1234 2339 1311 2374 sine
1333 2353 1394 2375 suo
1417 2343 1484 2375 ullo
1507 2341 1628 2376 damno

177 2387 329 2421 facturos
350 2387 420 2421 fide
441 2386 508 2420 illis
531 2397 657 2421 cavere
682 2386 890 2421 sanctissima
919 2385 1129 2431 spondebat,
1157 2386 1259 2420 etiam
1290 2394 1408 2421 contra
1431 2387 1627 2432 periurium,

177 2431 210 2467 si
242 2433 332 2478 quod
362 2437 619 2478 suspectarent,
653 2438 782 2467 certum
804 2433 968 2467 haberent
989 2430 1192 2477 praesidium
1215 2432 1302 2466 muri
1323 2433 1523 2474 firmissimi,
1558 2444 1626 2478 quo

178 2477 289 2522 dnae,
323 2477 367 2512 de
389 2479 510 2524 quibus
532 2483 586 2512 est
610 2477 754 2519 dictum,
788 2478 876 2512 arcis
903 2478 1001 2511 unius
1023 2481 1141 2522 partes
1164 2477 1208 2511 ab
1229 2477 1372 2513 invicem
1397 2479 1627 2513 discinderen-

177 2528 246 2558 tur.
291 2534 334 2557 ea
359 2523 467 2558 nostri
488 2523 662 2558 audientes
685 2523 773 2558 haud
795 2524 844 2558 illi
866 2523 999 2569 quidem
1021 2522 1159 2557 multum
1180 2522 1331 2558 fidebant
1353 2525 1524 2569 promissis
1546 2525 1626 2558 bar-

177 2568 354 2604 barorum:
396 2574 566 2604 caeterum
594 2569 774 2604 diuturnae
804 2569 998 2609 clausurae,
1037 2568 1131 2602 cuius
1160 2568 1262 2603 aliter
1289 2570 1527 2604 relaxationem
1560 2580 1628 2603 non

178 2618 375 2658 sperarent,
395 2614 522 2649 affecti
543 2615 680 2658 taedio,
711 2619 747 2650 et
767 2626 879 2649 rerum
901 2614 1013 2660 inopia
1036 2625 1078 2648 ex
1102 2613 1177 2657 agri
1200 2615 1381 2650 circumsiti
1404 2618 1503 2659 longa
1526 2615 1627 2648 deso-

178 2657 304 2694 latione
326 2660 518 2695 necessario
540 2666 658 2695 semita
679 2661 830 2705 graviter
859 2662 988 2707 pressi,
1023 2658 1239 2694 reiiciendam
1262 2673 1327 2696 non
1349 2664 1512 2706 putarunt
1541 2671 1626 2705 qua-

178 2703 360 2750 lineumque
377 2706 620 2740 *conventionis
649 2707 863 2742 mentionem.
917 2705 1078 2740 Romanis
1110 2716 1192 2751 ergo
1217 2718 1432 2751 congressum
1465 2717 1531 2740 non
1564 2706 1628 2739 ab-

178 2749 359 2785 nuentibus
386 2751 430 2785 ad
458 2749 670 2786 tractandum
705 2753 855 2797 pressius
893 2751 1120 2786 descenditur.
1172 2760 1362 2797 proponunt
1391 2752 1472 2796 quid
1501 2751 1628 2785 vellent

178 2793 326 2830 barbari.
371 2795 459 2831 arcis
493 2797 660 2832 dimidium
684 2797 823 2832 concedi
844 2797 909 2832 sibi
931 2797 1123 2844 postulant,
1153 2797 1213 2832 ubi
1234 2809 1290 2833 res
1312 2798 1347 2832 in
1370 2804 1443 2833 tuto
1467 2809 1547 2832 suas
1569 2798 1631 2833 ba-
