<?xml version="1.0" encoding="UTF-8"?>
<!DOCTYPE html PUBLIC "-//W3C//DTD XHTML 1.0 Transitional//EN"
    "http://www.w3.org/TR/xhtml1/DTD/xhtml1-transitional.dtd">
<html xmlns="http://www.w3.org/1999/xhtml" xml:lang="en" lang="en">
 <head>
  <title>
</title>
<meta http-equiv="Content-Type" content="text/html;charset=utf-8" />
  <meta name='ocr-system' content='tesseract 3.04.00' />
  <meta name='ocr-capabilities' content='ocr_page ocr_carea ocr_par ocr_line ocrx_word'/>
</head>
<body>
  <div class='ocr_page' id='page_1' title='image "./corpusscriptorum18niebuoft_0686.png"; bbox 0 0 1858 3126; ppageno 0'>
   <div class='ocr_carea' id='block_1_1' title="bbox 285 151 1330 202">
    <p class='ocr_par' dir='ltr' id='par_1_1' title="bbox 285 151 1330 202">
     <span class='ocr_line' id='line_1_1' title="bbox 285 151 1330 202; baseline -0.005 -1"><span class='ocrx_word' id='word_1_1' title='bbox 285 153 383 202; x_wconf 84' lang='grc'><strong>670</strong></span> <span class='ocrx_word' id='word_1_2' title='bbox 683 151 988 196; x_wconf 74' lang='lat' dir='ltr'>OBSERVAT.</span> <span class='ocrx_word' id='word_1_3' title='bbox 1021 153 1330 202; x_wconf 67' lang='lat' dir='ltr'>PACHYMRR.</span> 
     </span>
    </p>
   </div>
   <div class='ocr_carea' id='block_1_2' title="bbox 280 255 1766 2828">
    <p class='ocr_par' dir='ltr' id='par_1_2' title="bbox 280 255 1766 2828">
     <span class='ocr_line' id='line_1_2' title="bbox 282 255 1724 316; baseline -0.001 -10"><span class='ocrx_word' id='word_1_4' title='bbox 282 260 464 316; x_wconf 79' lang='grc' dir='ltr'><strong><em>δεύτερος</em></strong></span> <span class='ocrx_word' id='word_1_5' title='bbox 482 255 683 315; x_wconf 60' lang='lat' dir='ltr'><strong>desudatos·</strong></span> <span class='ocrx_word' id='word_1_6' title='bbox 703 262 858 315; x_wconf 68' lang='grc' dir='ltr'><strong><em>κρατεῖν</em></strong></span> <span class='ocrx_word' id='word_1_7' title='bbox 872 258 918 303; x_wconf 74' lang='grc' dir='ltr'><strong>τό</strong></span> <span class='ocrx_word' id='word_1_8' title='bbox 940 257 1261 316; x_wconf 74' lang='grc' dir='ltr'><strong>μονοβᾶμβυλον.</strong></span> <span class='ocrx_word' id='word_1_9' title='bbox 1288 264 1471 304; x_wconf 64' lang='lat' dir='ltr'><strong>ameliae</strong></span> <span class='ocrx_word' id='word_1_10' title='bbox 1486 273 1573 305; x_wconf 79' lang='lat' dir='ltr'><strong>erat</strong></span> <span class='ocrx_word' id='word_1_11' title='bbox 1591 265 1724 316; x_wconf 71' lang='lat' dir='ltr'><strong>aliud,</strong></span> 
     </span>
     <span class='ocr_line' id='line_1_3' title="bbox 283 315 1726 375; baseline 0.005 -20"><span class='ocrx_word' id='word_1_12' title='bbox 283 321 327 358; x_wconf 78' lang='lat' dir='ltr'><strong>in</strong></span> <span class='ocrx_word' id='word_1_13' title='bbox 348 315 459 370; x_wconf 77' lang='lat' dir='ltr'><strong>quod</strong></span> <span class='ocrx_word' id='word_1_14' title='bbox 471 320 701 369; x_wconf 81' lang='lat' dir='ltr'><strong>promiscue</strong></span> <span class='ocrx_word' id='word_1_15' title='bbox 721 318 999 357; x_wconf 77' lang='lat' dir='ltr'><em>conveniebant</em></span> <span class='ocrx_word' id='word_1_16' title='bbox 1024 333 1158 357; x_wconf 80' lang='lat' dir='ltr'><strong>omnes</strong></span> <span class='ocrx_word' id='word_1_17' title='bbox 1181 321 1252 371; x_wconf 82' lang='lat' dir='ltr'><strong>qui</strong></span> <span class='ocrx_word' id='word_1_18' title='bbox 1279 328 1466 371; x_wconf 74' lang='lat' dir='ltr'><strong>cuperent</strong></span> <span class='ocrx_word' id='word_1_19' title='bbox 1478 324 1581 361; x_wconf 67' lang='lat' dir='ltr'><strong>scin</strong></span> <span class='ocrx_word' id='word_1_20' title='bbox 1609 337 1726 375; x_wconf 84' lang='lat' dir='ltr'><strong>quem</strong></span> 
     </span>
     <span class='ocr_line' id='line_1_4' title="bbox 281 372 1728 428; baseline 0.003 -15"><span class='ocrx_word' id='word_1_21' title='bbox 281 375 413 413; x_wconf 82' lang='lat' dir='ltr'><strong>clerus·</strong></span> <span class='ocrx_word' id='word_1_22' title='bbox 421 374 706 425; x_wconf 79' lang='lat' dir='ltr'><em>patriarcham</em></span> <span class='ocrx_word' id='word_1_23' title='bbox 727 381 918 423; x_wconf 74' lang='lat' dir='ltr'><strong>creasset,-</strong></span> <span class='ocrx_word' id='word_1_24' title='bbox 948 381 985 412; x_wconf 81' lang='lat' dir='ltr'><strong>et</strong></span> <span class='ocrx_word' id='word_1_25' title='bbox 1003 374 1111 413; x_wconf 84' lang='lat' dir='ltr'><strong>illud</strong></span> <span class='ocrx_word' id='word_1_26' title='bbox 1133 372 1378 428; x_wconf 76' lang='grc' dir='ltr'><strong><em>διβοὶμβυλον</em></strong></span> <span class='ocrx_word' id='word_1_27' title='bbox 1396 375 1614 417; x_wconf 72' lang='lat' dir='ltr'><strong>dioebatur.</strong></span> <span class='ocrx_word' id='word_1_28' title='bbox 1669 379 1728 417; x_wconf 78' lang='lat' dir='ltr'><strong>ita</strong></span> 
     </span>
     <span class='ocr_line' id='line_1_5' title="bbox 281 429 1727 486; baseline 0.003 -18"><span class='ocrx_word' id='word_1_29' title='bbox 281 430 343 468; x_wconf 88' lang='lat' dir='ltr'><strong>illi</strong></span> <span class='ocrx_word' id='word_1_30' title='bbox 361 430 497 478; x_wconf 76' lang='lat' dir='ltr'><strong>amb03</strong></span> <span class='ocrx_word' id='word_1_31' title='bbox 523 436 563 469; x_wconf 89' lang='lat' dir='ltr'><strong>et</strong></span> <span class='ocrx_word' id='word_1_32' title='bbox 578 429 656 469; x_wconf 90' lang='lat' dir='ltr'><strong>hoc</strong></span> <span class='ocrx_word' id='word_1_33' title='bbox 673 430 858 469; x_wconf 81' lang='lat' dir='ltr'>continue</span> <span class='ocrx_word' id='word_1_34' title='bbox 873 431 1046 483; x_wconf 84' lang='lat' dir='ltr'><strong>probant</strong></span> <span class='ocrx_word' id='word_1_35' title='bbox 1063 431 1232 484; x_wconf 87' lang='lat' dir='ltr'><strong>prolato,</strong></span> <span class='ocrx_word' id='word_1_36' title='bbox 1253 445 1370 482; x_wconf 90' lang='lat' dir='ltr'><strong>quem</strong></span> <span class='ocrx_word' id='word_1_37' title='bbox 1387 445 1508 484; x_wconf 86' lang='lat' dir='ltr'><strong>supra</strong></span> <span class='ocrx_word' id='word_1_38' title='bbox 1525 433 1727 486; x_wconf 72' lang='lat' dir='ltr'>descripsi,</span> 
     </span>
     <span class='ocr_line' id='line_1_6' title="bbox 280 485 1730 540; baseline 0.003 -17"><span class='ocrx_word' id='word_1_39' title='bbox 280 485 501 524; x_wconf 86' lang='lat' dir='ltr'><strong>Phrantzae</strong></span> <span class='ocrx_word' id='word_1_40' title='bbox 528 492 599 524; x_wconf 83' lang='lat' dir='ltr'><strong>aut</strong></span> <span class='ocrx_word' id='word_1_41' title='bbox 623 487 757 540; x_wconf 83' lang='lat' dir='ltr'><strong>potius</strong></span> <span class='ocrx_word' id='word_1_42' title='bbox 784 487 947 526; x_wconf 83' lang='lat' dir='ltr'><strong>Pontani</strong></span> <span class='ocrx_word' id='word_1_43' title='bbox 971 487 1075 527; x_wconf 85' lang='lat' dir='ltr'><strong>loco.</strong></span> <span class='ocrx_word' id='word_1_44' title='bbox 1132 487 1199 525; x_wconf 89' lang='lat' dir='ltr'><strong>sed</strong></span> <span class='ocrx_word' id='word_1_45' title='bbox 1229 487 1272 525; x_wconf 87' lang='lat' dir='ltr'><strong>in</strong></span> <span class='ocrx_word' id='word_1_46' title='bbox 1298 487 1378 526; x_wconf 89' lang='lat' dir='ltr'><strong>hoc</strong></span> <span class='ocrx_word' id='word_1_47' title='bbox 1404 494 1619 540; x_wconf 76' lang='lat' dir='ltr'><strong>utrumque</strong></span> <span class='ocrx_word' id='word_1_48' title='bbox 1644 490 1730 528; x_wconf 65' lang='lat' dir='ltr'><strong>faui</strong></span> 
     </span>
     <span class='ocr_line' id='line_1_7' title="bbox 282 542 1729 595; baseline 0.002 -15"><span class='ocrx_word' id='word_1_49' title='bbox 282 555 366 580; x_wconf 87' lang='lat' dir='ltr'><strong>non</strong></span> <span class='ocrx_word' id='word_1_50' title='bbox 383 542 643 593; x_wconf 78' lang='lat' dir='ltr'><strong>diffitebitur,</strong></span> <span class='ocrx_word' id='word_1_51' title='bbox 673 542 742 595; x_wconf 91' lang='lat' dir='ltr'><strong>qui</strong></span> <span class='ocrx_word' id='word_1_52' title='bbox 766 543 976 582; x_wconf 85' lang='lat' dir='ltr'><strong>attenderit</strong></span> <span class='ocrx_word' id='word_1_53' title='bbox 995 557 1110 595; x_wconf 88' lang='lat' dir='ltr'><strong>quam</strong></span> <span class='ocrx_word' id='word_1_54' title='bbox 1134 543 1301 582; x_wconf 80' lang='lat' dir='ltr'><strong>ridicule</strong></span> <span class='ocrx_word' id='word_1_55' title='bbox 1318 543 1516 582; x_wconf 79' lang='lat' dir='ltr'>diceretur</span> <span class='ocrx_word' id='word_1_56' title='bbox 1531 558 1558 582; x_wconf 77' lang='lat' dir='ltr'><strong>a</strong></span> <span class='ocrx_word' id='word_1_57' title='bbox 1578 543 1729 583; x_wconf 77' lang='lat' dir='ltr'><strong>Codino</strong></span> 
     </span>
     <span class='ocr_line' id='line_1_8' title="bbox 283 594 1731 652; baseline -0.001 -13"><span class='ocrx_word' id='word_1_58' title='bbox 283 594 466 652; x_wconf 75' lang='grc' dir='ltr'><strong><em>δεύτερος</em></strong></span> <span class='ocrx_word' id='word_1_59' title='bbox 484 594 683 650; x_wconf 75' lang='grc' dir='ltr'><em>ὅστιᾶριος</em></span> <span class='ocrx_word' id='word_1_60' title='bbox 708 602 865 651; x_wconf 67' lang='grc' dir='ltr'><strong><em>κρατῶν</em></strong></span> <span class='ocrx_word' id='word_1_61' title='bbox 889 596 933 639; x_wconf 66' lang='lat' dir='ltr'><strong>to*</strong></span> <span class='ocrx_word' id='word_1_62' title='bbox 954 596 1283 651; x_wconf 75' lang='grc' dir='ltr'><strong><em>μονοβᾶμβυλον,</em></strong></span> <span class='ocrx_word' id='word_1_63' title='bbox 1308 598 1507 638; x_wconf 75' lang='lat' dir='ltr'><strong>secundus</strong></span> <span class='ocrx_word' id='word_1_64' title='bbox 1533 602 1731 638; x_wconf 72' lang='lat' dir='ltr'><strong>ostiarius</strong></span> 
     </span>
     <span class='ocr_line' id='line_1_9' title="bbox 283 655 1730 705; baseline 0.003 -14"><span class='ocrx_word' id='word_1_65' title='bbox 283 668 412 692; x_wconf 81' lang='lat' dir='ltr'><strong>manu</strong></span> <span class='ocrx_word' id='word_1_66' title='bbox 441 661 573 693; x_wconf 79' lang='lat' dir='ltr'><strong>tenens</strong></span> <span class='ocrx_word' id='word_1_67' title='bbox 600 655 979 705; x_wconf 76' lang='lat' dir='ltr'><strong>Monohambulum,</strong></span> <span class='ocrx_word' id='word_1_68' title='bbox 1017 656 1050 693; x_wconf 87' lang='lat' dir='ltr'><strong>si</strong></span> <span class='ocrx_word' id='word_1_69' title='bbox 1074 655 1419 694; x_wconf 84' lang='lat' dir='ltr'><strong>Monobambulum</strong></span> <span class='ocrx_word' id='word_1_70' title='bbox 1449 656 1594 694; x_wconf 81' lang='lat' dir='ltr'><strong>atrium</strong></span> <span class='ocrx_word' id='word_1_71' title='bbox 1617 662 1730 704; x_wconf 78' lang='lat' dir='ltr'><strong>esset,</strong></span> 
     </span>
     <span class='ocr_line' id='line_1_10' title="bbox 284 710 1730 764; baseline 0.002 -16"><span class='ocrx_word' id='word_1_72' title='bbox 284 710 400 761; x_wconf 87' lang='lat' dir='ltr'><strong>quale</strong></span> <span class='ocrx_word' id='word_1_73' title='bbox 419 710 557 761; x_wconf 89' lang='lat' dir='ltr'><strong>utique</strong></span> <span class='ocrx_word' id='word_1_74' title='bbox 576 724 703 749; x_wconf 86' lang='lat' dir='ltr'><strong>manu</strong></span> <span class='ocrx_word' id='word_1_75' title='bbox 722 719 846 749; x_wconf 82' lang='lat' dir='ltr'><strong>tenere</strong></span> <span class='ocrx_word' id='word_1_76' title='bbox 869 711 962 761; x_wconf 90' lang='lat' dir='ltr'><strong>(hoc</strong></span> <span class='ocrx_word' id='word_1_77' title='bbox 983 711 1083 749; x_wconf 89' lang='lat' dir='ltr'><strong>enim</strong></span> <span class='ocrx_word' id='word_1_78' title='bbox 1109 718 1167 750; x_wconf 89' lang='lat' dir='ltr'><strong>est</strong></span> <span class='ocrx_word' id='word_1_79' title='bbox 1185 711 1358 764; x_wconf 80' lang='grc' dir='ltr'><strong><em>κρατεῖν)</em></strong></span> <span class='ocrx_word' id='word_1_80' title='bbox 1376 724 1492 750; x_wconf 88' lang='lat' dir='ltr'><strong>nemo</strong></span> <span class='ocrx_word' id='word_1_81' title='bbox 1510 725 1612 751; x_wconf 80' lang='lat' dir='ltr'><strong>unus</strong></span> <span class='ocrx_word' id='word_1_82' title='bbox 1633 718 1730 764; x_wconf 89' lang='lat' dir='ltr'><strong>pot-</strong></span> 
     </span>
     <span class='ocr_line' id='line_1_11' title="bbox 284 766 1732 806; baseline 0.001 -1"><span class='ocrx_word' id='word_1_83' title='bbox 284 772 355 805; x_wconf 87' lang='lat' dir='ltr'><strong>est.</strong></span> <span class='ocrx_word' id='word_1_84' title='bbox 406 766 512 804; x_wconf 88' lang='lat' dir='ltr'><strong>unde</strong></span> <span class='ocrx_word' id='word_1_85' title='bbox 529 767 774 805; x_wconf 77' lang='lat' dir='ltr'><strong>manifestum</strong></span> <span class='ocrx_word' id='word_1_86' title='bbox 793 773 853 806; x_wconf 89' lang='lat' dir='ltr'><strong>est</strong></span> <span class='ocrx_word' id='word_1_87' title='bbox 878 781 929 805; x_wconf 80' lang='lat' dir='ltr'><strong>ex</strong></span> <span class='ocrx_word' id='word_1_88' title='bbox 945 774 1075 806; x_wconf 87' lang='lat' dir='ltr'><strong>mente</strong></span> <span class='ocrx_word' id='word_1_89' title='bbox 1093 766 1231 805; x_wconf 85' lang='lat' dir='ltr'><strong>codini</strong></span> <span class='ocrx_word' id='word_1_90' title='bbox 1249 767 1593 806; x_wconf 86' lang='lat' dir='ltr'><strong>Monobambulum</strong></span> <span class='ocrx_word' id='word_1_91' title='bbox 1611 768 1732 806; x_wconf 82' lang='lat' dir='ltr'><strong>fuisse</strong></span> 
     </span>
     <span class='ocr_line' id='line_1_12' title="bbox 285 822 1731 876; baseline 0.001 -15"><span class='ocrx_word' id='word_1_92' title='bbox 285 835 370 861; x_wconf 85' lang='lat' dir='ltr'><strong>rem</strong></span> <span class='ocrx_word' id='word_1_93' title='bbox 399 822 569 874; x_wconf 84' lang='lat' dir='ltr'><strong>aliquam</strong></span> <span class='ocrx_word' id='word_1_94' title='bbox 601 836 721 861; x_wconf 87' lang='lat' dir='ltr'><strong>manu</strong></span> <span class='ocrx_word' id='word_1_95' title='bbox 749 823 982 874; x_wconf 83' lang='lat' dir='ltr'><strong>gestabilem.</strong></span> <span class='ocrx_word' id='word_1_96' title='bbox 1037 837 1084 861; x_wconf 88' lang='lat' dir='ltr'><strong>ac</strong></span> <span class='ocrx_word' id='word_1_97' title='bbox 1108 824 1271 876; x_wconf 83' lang='lat' dir='ltr'><strong>paritate</strong></span> <span class='ocrx_word' id='word_1_98' title='bbox 1298 823 1514 875; x_wconf 85' lang='lat' dir='ltr'><strong>argumenti</strong></span> <span class='ocrx_word' id='word_1_99' title='bbox 1530 823 1634 862; x_wconf 89' lang='lat' dir='ltr'><strong>idem</strong></span> <span class='ocrx_word' id='word_1_100' title='bbox 1655 824 1731 862; x_wconf 86' lang='lat' dir='ltr'><strong>erit</strong></span> 
     </span>
     <span class='ocr_line' id='line_1_13' title="bbox 286 878 1730 930; baseline 0.001 -13"><span class='ocrx_word' id='word_1_101' title='bbox 286 878 537 917; x_wconf 85' lang='lat' dir='ltr'><strong>statuendum</strong></span> <span class='ocrx_word' id='word_1_102' title='bbox 561 878 610 917; x_wconf 92' lang='lat' dir='ltr'><strong>de</strong></span> <span class='ocrx_word' id='word_1_103' title='bbox 631 879 860 917; x_wconf 84' lang='lat' dir='ltr'><strong>Dibambulo</strong></span> <span class='ocrx_word' id='word_1_104' title='bbox 873 908 884 928; x_wconf 94' lang='lat'><strong>,</strong></span> <span class='ocrx_word' id='word_1_105' title='bbox 913 879 1019 930; x_wconf 90' lang='lat' dir='ltr'><strong>quod</strong></span> <span class='ocrx_word' id='word_1_106' title='bbox 1042 880 1214 918; x_wconf 88' lang='lat' dir='ltr'><strong>eiusdem</strong></span> <span class='ocrx_word' id='word_1_107' title='bbox 1234 880 1384 918; x_wconf 82' lang='lat' dir='ltr'><strong>formae</strong></span> <span class='ocrx_word' id='word_1_108' title='bbox 1410 893 1456 918; x_wconf 80' lang='lat' dir='ltr'><strong>ac</strong></span> <span class='ocrx_word' id='word_1_109' title='bbox 1474 879 1626 930; x_wconf 85' lang='lat' dir='ltr'><strong>generis</strong></span> <span class='ocrx_word' id='word_1_110' title='bbox 1646 891 1730 918; x_wconf 77' lang='lat' dir='ltr'><strong>esse</strong></span> 
     </span>
     <span class='ocr_line' id='line_1_14' title="bbox 287 934 1732 987; baseline 0.001 -15"><span class='ocrx_word' id='word_1_111' title='bbox 287 940 484 986; x_wconf 79' lang='lat' dir='ltr'><strong>gestamen</strong></span> <span class='ocrx_word' id='word_1_112' title='bbox 512 934 691 974; x_wconf 77' lang='lat' dir='ltr'>debuisse</span> <span class='ocrx_word' id='word_1_113' title='bbox 717 941 757 974; x_wconf 89' lang='lat' dir='ltr'><strong>et</strong></span> <span class='ocrx_word' id='word_1_114' title='bbox 788 935 891 974; x_wconf 87' lang='lat' dir='ltr'><strong>ratio</strong></span> <span class='ocrx_word' id='word_1_115' title='bbox 908 936 1126 974; x_wconf 90' lang='lat' dir='ltr'><strong>communis</strong></span> <span class='ocrx_word' id='word_1_116' title='bbox 1145 936 1264 987; x_wconf 83' lang='lat' dir='ltr'><strong>etymi</strong></span> <span class='ocrx_word' id='word_1_117' title='bbox 1286 943 1324 974; x_wconf 90' lang='lat' dir='ltr'><strong>et</strong></span> <span class='ocrx_word' id='word_1_118' title='bbox 1344 936 1460 974; x_wconf 84' lang='lat' dir='ltr'><strong>series</strong></span> <span class='ocrx_word' id='word_1_119' title='bbox 1478 936 1564 987; x_wconf 87' lang='lat' dir='ltr'><strong>ipsa</strong></span> <span class='ocrx_word' id='word_1_120' title='bbox 1586 948 1732 975; x_wconf 73' lang='lat' dir='ltr'><strong>narra-</strong></span> 
     </span>
     <span class='ocr_line' id='line_1_15' title="bbox 287 989 1732 1043; baseline 0.001 -15"><span class='ocrx_word' id='word_1_121' title='bbox 287 990 410 1029; x_wconf 82' lang='lat' dir='ltr'><strong>tionis</strong></span> <span class='ocrx_word' id='word_1_122' title='bbox 428 989 655 1041; x_wconf 83' lang='lat' dir='ltr'><strong>Phrsntzae,</strong></span> <span class='ocrx_word' id='word_1_123' title='bbox 681 997 721 1029; x_wconf 90' lang='lat' dir='ltr'><strong>et</strong></span> <span class='ocrx_word' id='word_1_124' title='bbox 747 996 791 1029; x_wconf 89' lang='lat' dir='ltr'><strong>ut</strong></span> <span class='ocrx_word' id='word_1_125' title='bbox 814 991 862 1029; x_wconf 93' lang='lat' dir='ltr'><strong>ad</strong></span> <span class='ocrx_word' id='word_1_126' title='bbox 877 1005 961 1030; x_wconf 89' lang='lat' dir='ltr'><strong>rem</strong></span> <span class='ocrx_word' id='word_1_127' title='bbox 977 1005 1100 1029; x_wconf 87' lang='lat' dir='ltr'><strong>meam</strong></span> <span class='ocrx_word' id='word_1_128' title='bbox 1119 991 1286 1038; x_wconf 86' lang='lat' dir='ltr'>redeam,</span> <span class='ocrx_word' id='word_1_129' title='bbox 1316 991 1382 1030; x_wconf 90' lang='lat' dir='ltr'><strong>hic</strong></span> <span class='ocrx_word' id='word_1_130' title='bbox 1402 991 1649 1043; x_wconf 80' lang='lat' dir='ltr'><strong>Pachymeris</strong></span> <span class='ocrx_word' id='word_1_131' title='bbox 1665 991 1732 1030; x_wconf 91' lang='lat' dir='ltr'><strong>lo-</strong></span> 
     </span>
     <span class='ocr_line' id='line_1_16' title="bbox 289 1047 1730 1099; baseline 0.001 -15"><span class='ocrx_word' id='word_1_132' title='bbox 289 1059 361 1084; x_wconf 88' lang='lat' dir='ltr'><strong>cus</strong></span> <span class='ocrx_word' id='word_1_133' title='bbox 382 1052 534 1085; x_wconf 86' lang='lat' dir='ltr'><strong>tantum</strong></span> <span class='ocrx_word' id='word_1_134' title='bbox 553 1060 634 1085; x_wconf 89' lang='lat' dir='ltr'><strong>non</strong></span> <span class='ocrx_word' id='word_1_135' title='bbox 662 1047 947 1085; x_wconf 81' lang='lat' dir='ltr'><strong>evidentissime</strong></span> <span class='ocrx_word' id='word_1_136' title='bbox 966 1047 1247 1088; x_wconf 85' lang='lat' dir='ltr'><strong>demonstrant.</strong></span> <span class='ocrx_word' id='word_1_137' title='bbox 1314 1061 1428 1099; x_wconf 87' lang='lat' dir='ltr'><strong>quem</strong></span> <span class='ocrx_word' id='word_1_138' title='bbox 1454 1048 1558 1086; x_wconf 89' lang='lat' dir='ltr'><strong>enim</strong></span> <span class='ocrx_word' id='word_1_139' title='bbox 1585 1060 1730 1099; x_wconf 82' lang='lat' dir='ltr'><strong>quaeso</strong></span> 
     </span>
     <span class='ocr_line' id='line_1_17' title="bbox 286 1102 1731 1155; baseline 0.001 -15"><span class='ocrx_word' id='word_1_140' title='bbox 286 1107 453 1155; x_wconf 79' lang='lat' dir='ltr'><strong>possent</strong></span> <span class='ocrx_word' id='word_1_141' title='bbox 477 1115 638 1141; x_wconf 82' lang='lat' dir='ltr'><strong>sensum</strong></span> <span class='ocrx_word' id='word_1_142' title='bbox 672 1103 915 1142; x_wconf 82' lang='lat' dir='ltr'>tolerabilem</span> <span class='ocrx_word' id='word_1_143' title='bbox 944 1102 1086 1142; x_wconf 86' lang='lat' dir='ltr'><strong>habere</strong></span> <span class='ocrx_word' id='word_1_144' title='bbox 1113 1104 1233 1142; x_wconf 82' lang='lat' dir='ltr'><strong>verba</strong></span> <span class='ocrx_word' id='word_1_145' title='bbox 1258 1102 1355 1141; x_wconf 88' lang='lat' dir='ltr'><strong>haec</strong></span> <span class='ocrx_word' id='word_1_146' title='bbox 1386 1103 1513 1142; x_wconf 80' lang='lat' dir='ltr'>nostri</span> <span class='ocrx_word' id='word_1_147' title='bbox 1543 1102 1731 1151; x_wconf 81' lang='lat' dir='ltr'><strong>auctoris,</strong></span> 
     </span>
     <span class='ocr_line' id='line_1_18' title="bbox 281 1158 1766 1211; baseline 0 -15"><span class='ocrx_word' id='word_1_148' title='bbox 281 1158 526 1210; x_wconf 79' lang='lat' dir='ltr'><strong>patriarcha</strong></span> <span class='ocrx_word' id='word_1_149' title='bbox 547 1160 753 1211; x_wconf 81' lang='lat' dir='ltr'><strong>pastorali</strong></span> <span class='ocrx_word' id='word_1_150' title='bbox 776 1160 920 1197; x_wconf 83' lang='lat' dir='ltr'><strong>baculo</strong></span> <span class='ocrx_word' id='word_1_151' title='bbox 956 1159 1007 1197; x_wconf 79' lang='lat' dir='ltr'><strong>ab</strong></span> <span class='ocrx_word' id='word_1_152' title='bbox 1040 1161 1275 1211; x_wconf 79' lang='lat' dir='ltr'><em>imperatore</em></span> <span class='ocrx_word' id='word_1_153' title='bbox 1301 1166 1481 1210; x_wconf 80' lang='lat' dir='ltr'><strong>accepto,</strong></span> <span class='ocrx_word' id='word_1_154' title='bbox 1509 1158 1732 1197; x_wconf 72' lang='lat' dir='ltr'><strong>honoratur</strong></span> <span class='ocrx_word' id='word_1_155' title='bbox 1761 1164 1766 1169; x_wconf 84' lang='lat'>&#39;</span> 
     </span>
     <span class='ocr_line' id='line_1_19' title="bbox 288 1213 1731 1265; baseline 0.001 -14"><span class='ocrx_word' id='word_1_156' title='bbox 288 1221 328 1251; x_wconf 78' lang='lat' dir='ltr'><strong>et</strong></span> <span class='ocrx_word' id='word_1_157' title='bbox 354 1213 610 1264; x_wconf 83' lang='lat' dir='ltr'><strong>dibambulo,</strong></span> <span class='ocrx_word' id='word_1_158' title='bbox 638 1215 671 1253; x_wconf 90' lang='lat' dir='ltr'><strong>si</strong></span> <span class='ocrx_word' id='word_1_159' title='bbox 692 1215 988 1254; x_wconf 82' lang='lat' dir='ltr'><strong>Dibambulum</strong></span> <span class='ocrx_word' id='word_1_160' title='bbox 1014 1215 1156 1253; x_wconf 84' lang='lat' dir='ltr'><strong>atrium</strong></span> <span class='ocrx_word' id='word_1_161' title='bbox 1185 1220 1284 1254; x_wconf 89' lang='lat' dir='ltr'><strong>esset</strong></span> <span class='ocrx_word' id='word_1_162' title='bbox 1308 1214 1512 1254; x_wconf 70' lang='lat' dir='ltr'><strong>exterius?</strong></span> <span class='ocrx_word' id='word_1_163' title='bbox 1541 1214 1731 1265; x_wconf 78' lang='lat' dir='ltr'><strong>quidnam</strong></span> 
     </span>
     <span class='ocr_line' id='line_1_20' title="bbox 286 1269 1730 1323; baseline 0 -15"><span class='ocrx_word' id='word_1_164' title='bbox 286 1269 408 1321; x_wconf 86' lang='lat' dir='ltr'><strong>igitur</strong></span> <span class='ocrx_word' id='word_1_165' title='bbox 445 1269 513 1309; x_wconf 86' lang='lat' dir='ltr'><strong>hic</strong></span> <span class='ocrx_word' id='word_1_166' title='bbox 549 1271 766 1322; x_wconf 85' lang='lat' dir='ltr'><strong>significare</strong></span> <span class='ocrx_word' id='word_1_167' title='bbox 792 1270 1047 1323; x_wconf 83' lang='lat' dir='ltr'><strong>Pachymeres</strong></span> <span class='ocrx_word' id='word_1_168' title='bbox 1087 1271 1218 1310; x_wconf 86' lang='lat' dir='ltr'><strong>voluit</strong></span> <span class='ocrx_word' id='word_1_169' title='bbox 1250 1271 1370 1310; x_wconf 85' lang='lat' dir='ltr'><strong>verbo</strong></span> <span class='ocrx_word' id='word_1_170' title='bbox 1403 1270 1730 1309; x_wconf 81' lang='lat' dir='ltr'><strong>Dibambulum?</strong></span> 
     </span>
     <span class='ocr_line' id='line_1_21' title="bbox 287 1324 1732 1380; baseline 0.001 -16"><span class='ocrx_word' id='word_1_171' title='bbox 287 1325 394 1365; x_wconf 89' lang='lat' dir='ltr'><strong>idem</strong></span> <span class='ocrx_word' id='word_1_172' title='bbox 419 1326 502 1365; x_wconf 88' lang='lat' dir='ltr'><strong>sine</strong></span> <span class='ocrx_word' id='word_1_173' title='bbox 521 1327 641 1366; x_wconf 86' lang='lat' dir='ltr'><strong>dubio</strong></span> <span class='ocrx_word' id='word_1_174' title='bbox 691 1327 772 1366; x_wconf 84' lang='lat' dir='ltr'><strong>uod</strong></span> <span class='ocrx_word' id='word_1_175' title='bbox 790 1328 883 1365; x_wconf 88' lang='lat' dir='ltr'><strong>alias</strong></span> <span class='ocrx_word' id='word_1_176' title='bbox 905 1327 1047 1366; x_wconf 85' lang='lat' dir='ltr'><strong>clarius</strong></span> <span class='ocrx_word' id='word_1_177' title='bbox 1069 1327 1284 1380; x_wconf 78' lang='lat' dir='ltr'><strong>expressit,</strong></span> <span class='ocrx_word' id='word_1_178' title='bbox 1311 1327 1407 1365; x_wconf 88' lang='lat' dir='ltr'><strong>dum</strong></span> <span class='ocrx_word' id='word_1_179' title='bbox 1429 1327 1552 1366; x_wconf 77' lang='lat' dir='ltr'><strong>refert</strong></span> <span class='ocrx_word' id='word_1_180' title='bbox 1579 1326 1682 1376; x_wconf 78' lang='lat' dir='ltr'><strong>(vol.</strong></span> <span class='ocrx_word' id='word_1_181' title='bbox 1708 1324 1732 1365; x_wconf 86' lang='lat'>1</span> 
     </span>
     <span class='ocr_line' id='line_1_22' title="bbox 286 1381 1731 1435; baseline -0.002 -12"><span class='ocrx_word' id='word_1_182' title='bbox 286 1394 329 1434; x_wconf 85' lang='lat' dir='ltr'><strong>p.</strong></span> <span class='ocrx_word' id='word_1_183' title='bbox 359 1385 441 1426; x_wconf 82' lang='lat'><strong>112</strong></span> <span class='ocrx_word' id='word_1_184' title='bbox 458 1397 497 1422; x_wconf 81' lang='lat' dir='ltr'><strong>v.</strong></span> <span class='ocrx_word' id='word_1_185' title='bbox 517 1387 568 1426; x_wconf 90' lang='lat'><strong>10</strong></span> <span class='ocrx_word' id='word_1_186' title='bbox 590 1397 674 1435; x_wconf 89' lang='lat' dir='ltr'><strong>sqq.</strong></span> <span class='ocrx_word' id='word_1_187' title='bbox 711 1384 883 1422; x_wconf 86' lang='lat' dir='ltr'><strong>solicitos</strong></span> <span class='ocrx_word' id='word_1_188' title='bbox 903 1383 1096 1422; x_wconf 78' lang='lat' dir='ltr'><strong>antistites</strong></span> <span class='ocrx_word' id='word_1_189' title='bbox 1115 1397 1160 1422; x_wconf 88' lang='lat' dir='ltr'><strong>eo</strong></span> <span class='ocrx_word' id='word_1_190' title='bbox 1185 1383 1292 1435; x_wconf 87' lang='lat' dir='ltr'><strong>quod</strong></span> <span class='ocrx_word' id='word_1_191' title='bbox 1313 1382 1496 1421; x_wconf 77' lang='lat' dir='ltr'><strong>Arsenius</strong></span> <span class='ocrx_word' id='word_1_192' title='bbox 1514 1395 1535 1421; x_wconf 87' lang='lat' dir='ltr'><strong>e</strong></span> <span class='ocrx_word' id='word_1_193' title='bbox 1553 1381 1731 1435; x_wconf 83' lang='lat' dir='ltr'><strong>patriar-</strong></span> 
     </span>
     <span class='ocr_line' id='line_1_23' title="bbox 287 1434 1730 1492; baseline 0.001 -17"><span class='ocrx_word' id='word_1_194' title='bbox 287 1437 380 1476; x_wconf 86' lang='lat' dir='ltr'><strong>chio</strong></span> <span class='ocrx_word' id='word_1_195' title='bbox 404 1434 447 1476; x_wconf 82' lang='lat' dir='ltr'><strong>in</strong></span> <span class='ocrx_word' id='word_1_196' title='bbox 475 1441 754 1478; x_wconf 75' lang='lat' dir='ltr'><strong>monasterium</strong></span> <span class='ocrx_word' id='word_1_197' title='bbox 778 1446 918 1492; x_wconf 85' lang='lat' dir='ltr'><strong>sponte</strong></span> <span class='ocrx_word' id='word_1_198' title='bbox 941 1441 1132 1491; x_wconf 81' lang='lat' dir='ltr'><strong>profugus</strong></span> <span class='ocrx_word' id='word_1_199' title='bbox 1158 1440 1305 1491; x_wconf 88' lang='lat' dir='ltr'><strong>scripto</strong></span> <span class='ocrx_word' id='word_1_200' title='bbox 1327 1452 1550 1490; x_wconf 78' lang='lat' dir='ltr'><strong>expressam</strong></span> <span class='ocrx_word' id='word_1_201' title='bbox 1573 1437 1730 1477; x_wconf 81' lang='lat' dir='ltr'><strong>abdica-</strong></span> 
     </span>
     <span class='ocr_line' id='line_1_24' title="bbox 285 1493 1731 1546; baseline 0 -15"><span class='ocrx_word' id='word_1_202' title='bbox 285 1493 433 1532; x_wconf 84' lang='lat' dir='ltr'><strong>tionem</strong></span> <span class='ocrx_word' id='word_1_203' title='bbox 451 1494 544 1533; x_wconf 85' lang='lat' dir='ltr'><strong>dare</strong></span> <span class='ocrx_word' id='word_1_204' title='bbox 563 1502 724 1546; x_wconf 85' lang='lat' dir='ltr'><strong>rogatus</strong></span> <span class='ocrx_word' id='word_1_205' title='bbox 742 1501 978 1544; x_wconf 80' lang='lat' dir='ltr'><strong>recusasset,</strong></span> <span class='ocrx_word' id='word_1_206' title='bbox 1007 1502 1053 1534; x_wconf 87' lang='lat' dir='ltr'><strong>ut</strong></span> <span class='ocrx_word' id='word_1_207' title='bbox 1080 1496 1232 1546; x_wconf 82' lang='lat' dir='ltr'><strong>aliquid</strong></span> <span class='ocrx_word' id='word_1_208' title='bbox 1254 1494 1442 1534; x_wconf 83' lang='lat' dir='ltr'><strong>haberent</strong></span> <span class='ocrx_word' id='word_1_209' title='bbox 1458 1494 1625 1546; x_wconf 72' lang='lat' dir='ltr'><strong>scriptae</strong></span> <span class='ocrx_word' id='word_1_210' title='bbox 1643 1506 1731 1531; x_wconf 86' lang='lat' dir='ltr'><strong>ces-</strong></span> 
     </span>
     <span class='ocr_line' id='line_1_25' title="bbox 285 1547 1731 1603; baseline 0.003 -17"><span class='ocrx_word' id='word_1_211' title='bbox 285 1547 390 1586; x_wconf 83' lang='lat' dir='ltr'><strong>sioni</strong></span> <span class='ocrx_word' id='word_1_212' title='bbox 415 1549 661 1600; x_wconf 83' lang='lat' dir='ltr'><strong>aequivalens</strong></span> <span class='ocrx_word' id='word_1_213' title='bbox 673 1580 686 1600; x_wconf 90' lang='lat'><strong>,</strong></span> <span class='ocrx_word' id='word_1_214' title='bbox 719 1552 766 1589; x_wconf 88' lang='lat' dir='ltr'><strong>ab</strong></span> <span class='ocrx_word' id='word_1_215' title='bbox 796 1565 841 1589; x_wconf 93' lang='lat' dir='ltr'><strong>eo</strong></span> <span class='ocrx_word' id='word_1_216' title='bbox 861 1552 987 1603; x_wconf 86' lang='lat' dir='ltr'><strong>repeti</strong></span> <span class='ocrx_word' id='word_1_217' title='bbox 1007 1565 1160 1590; x_wconf 81' lang='lat' dir='ltr'><strong>curasse</strong></span> <span class='ocrx_word' id='word_1_218' title='bbox 1178 1551 1395 1603; x_wconf 83' lang='grc' dir='ltr'><strong><em>βακτηρίαν</em></strong></span> <span class='ocrx_word' id='word_1_219' title='bbox 1413 1549 1481 1590; x_wconf 81' lang='grc' dir='ltr'><strong>καὶ</strong></span> <span class='ocrx_word' id='word_1_220' title='bbox 1499 1549 1731 1602; x_wconf 57' lang='lat' dir='ltr'><strong>impunem?-</strong></span> 
     </span>
     <span class='ocr_line' id='line_1_26' title="bbox 284 1604 1730 1657; baseline -0.001 -13"><span class='ocrx_word' id='word_1_221' title='bbox 284 1617 355 1656; x_wconf 75' lang='grc' dir='ltr'><strong>χον</strong></span> <span class='ocrx_word' id='word_1_222' title='bbox 377 1604 567 1643; x_wconf 79' lang='lat' dir='ltr'><strong>bacalum</strong></span> <span class='ocrx_word' id='word_1_223' title='bbox 590 1613 626 1642; x_wconf 80' lang='lat' dir='ltr'><strong>et</strong></span> <span class='ocrx_word' id='word_1_224' title='bbox 651 1607 959 1654; x_wconf 77' lang='lat' dir='ltr'><strong>candelabrum,</strong></span> <span class='ocrx_word' id='word_1_225' title='bbox 990 1607 1069 1645; x_wconf 87' lang='lat' dir='ltr'><strong>rati</strong></span> <span class='ocrx_word' id='word_1_226' title='bbox 1089 1607 1122 1645; x_wconf 91' lang='lat' dir='ltr'><strong>si</strong></span> <span class='ocrx_word' id='word_1_227' title='bbox 1147 1620 1189 1644; x_wconf 90' lang='lat' dir='ltr'><strong>ea</strong></span> <span class='ocrx_word' id='word_1_228' title='bbox 1208 1605 1440 1644; x_wconf 86' lang='lat' dir='ltr'><strong>reddidisset</strong></span> <span class='ocrx_word' id='word_1_229' title='bbox 1459 1619 1530 1657; x_wconf 88' lang='lat' dir='ltr'><strong>per</strong></span> <span class='ocrx_word' id='word_1_230' title='bbox 1553 1618 1651 1656; x_wconf 85' lang='lat' dir='ltr'><strong>quse</strong></span> <span class='ocrx_word' id='word_1_231' title='bbox 1666 1604 1730 1642; x_wconf 90' lang='lat' dir='ltr'><strong>in-</strong></span> 
     </span>
     <span class='ocr_line' id='line_1_27' title="bbox 284 1659 1731 1713; baseline 0 -15"><span class='ocrx_word' id='word_1_232' title='bbox 284 1659 451 1698; x_wconf 82' lang='lat' dir='ltr'><strong>vestitus</strong></span> <span class='ocrx_word' id='word_1_233' title='bbox 479 1660 749 1712; x_wconf 77' lang='lat' dir='ltr'><strong>patriarchatu</strong></span> <span class='ocrx_word' id='word_1_234' title='bbox 780 1663 929 1711; x_wconf 84' lang='lat' dir='ltr'><strong>suerat,</strong></span> <span class='ocrx_word' id='word_1_235' title='bbox 960 1661 1038 1699; x_wconf 85' lang='lat' dir='ltr'><strong>hoc</strong></span> <span class='ocrx_word' id='word_1_236' title='bbox 1057 1662 1147 1713; x_wconf 87' lang='lat' dir='ltr'><strong>ipso</strong></span> <span class='ocrx_word' id='word_1_237' title='bbox 1167 1661 1259 1699; x_wconf 87' lang='lat' dir='ltr'><strong>satis</strong></span> <span class='ocrx_word' id='word_1_238' title='bbox 1284 1660 1548 1698; x_wconf 87' lang='lat' dir='ltr'><strong>indicaturum</strong></span> <span class='ocrx_word' id='word_1_239' title='bbox 1575 1660 1657 1698; x_wconf 88' lang='lat' dir='ltr'><strong>sedi</strong></span> <span class='ocrx_word' id='word_1_240' title='bbox 1688 1673 1731 1698; x_wconf 86' lang='lat' dir='ltr'><strong>se</strong></span> 
     </span>
     <span class='ocr_line' id='line_1_28' title="bbox 283 1715 1732 1768; baseline 0 -14"><span class='ocrx_word' id='word_1_241' title='bbox 283 1715 534 1767; x_wconf 84' lang='lat' dir='ltr'><strong>renuntiare,</strong></span> <span class='ocrx_word' id='word_1_242' title='bbox 563 1731 609 1755; x_wconf 93' lang='lat' dir='ltr'><strong>ac</strong></span> <span class='ocrx_word' id='word_1_243' title='bbox 638 1717 799 1755; x_wconf 83' lang='lat' dir='ltr'><strong>liberam</strong></span> <span class='ocrx_word' id='word_1_244' title='bbox 827 1717 978 1768; x_wconf 85' lang='lat' dir='ltr'><strong>synodo</strong></span> <span class='ocrx_word' id='word_1_245' title='bbox 1006 1718 1204 1755; x_wconf 79' lang='lat' dir='ltr'><strong>facturum</strong></span> <span class='ocrx_word' id='word_1_246' title='bbox 1236 1716 1287 1754; x_wconf 89' lang='lat' dir='ltr'><strong>ad</strong></span> <span class='ocrx_word' id='word_1_247' title='bbox 1312 1729 1455 1755; x_wconf 86' lang='lat' dir='ltr'><strong>novam</strong></span> <span class='ocrx_word' id='word_1_248' title='bbox 1483 1715 1732 1768; x_wconf 84' lang='lat' dir='ltr'><strong>patriarchae</strong></span> 
     </span>
     <span class='ocr_line' id='line_1_29' title="bbox 286 1771 1729 1826; baseline 0 -17"><span class='ocrx_word' id='word_1_249' title='bbox 286 1771 516 1810; x_wconf 87' lang='lat' dir='ltr'><strong>electionem</strong></span> <span class='ocrx_word' id='word_1_250' title='bbox 545 1773 785 1824; x_wconf 87' lang='lat' dir='ltr'><strong>procedendi</strong></span> <span class='ocrx_word' id='word_1_251' title='bbox 817 1779 1060 1826; x_wconf 86' lang='lat' dir='ltr'><strong>potestatem.</strong></span> <span class='ocrx_word' id='word_1_252' title='bbox 1126 1772 1195 1810; x_wconf 88' lang='lat' dir='ltr'><strong>hic</strong></span> <span class='ocrx_word' id='word_1_253' title='bbox 1229 1771 1445 1810; x_wconf 82' lang='lat' dir='ltr'><strong>necessario</strong></span> <span class='ocrx_word' id='word_1_254' title='bbox 1485 1772 1534 1810; x_wconf 90' lang='lat' dir='ltr'><strong>de</strong></span> <span class='ocrx_word' id='word_1_255' title='bbox 1566 1771 1729 1823; x_wconf 85' lang='lat' dir='ltr'><strong>antiqua</strong></span> 
     </span>
     <span class='ocr_line' id='line_1_30' title="bbox 286 1828 1730 1882; baseline 0 -17"><span class='ocrx_word' id='word_1_256' title='bbox 286 1828 414 1865; x_wconf 85' lang='lat' dir='ltr'><strong>forma</strong></span> <span class='ocrx_word' id='word_1_257' title='bbox 435 1828 741 1879; x_wconf 83' lang='lat' dir='ltr'><strong>inaugurationis</strong></span> <span class='ocrx_word' id='word_1_258' title='bbox 765 1830 1039 1882; x_wconf 87' lang='lat' dir='ltr'><strong>episcoporum</strong></span> <span class='ocrx_word' id='word_1_259' title='bbox 1059 1828 1316 1880; x_wconf 89' lang='lat' dir='ltr'><strong>repetendum</strong></span> <span class='ocrx_word' id='word_1_260' title='bbox 1337 1841 1358 1866; x_wconf 91' lang='lat' dir='ltr'><strong>e</strong></span> <span class='ocrx_word' id='word_1_261' title='bbox 1376 1828 1637 1866; x_wconf 86' lang='lat' dir='ltr'><strong>monumentis</strong></span> <span class='ocrx_word' id='word_1_262' title='bbox 1655 1840 1730 1865; x_wconf 86' lang='lat' dir='ltr'><strong>ec-</strong></span> 
     </span>
     <span class='ocr_line' id='line_1_31' title="bbox 287 1883 1730 1937; baseline 0.001 -17"><span class='ocrx_word' id='word_1_263' title='bbox 287 1883 514 1923; x_wconf 87' lang='lat' dir='ltr'><strong>clesiasticis</strong></span> <span class='ocrx_word' id='word_1_264' title='bbox 539 1885 687 1936; x_wconf 86' lang='lat' dir='ltr'><strong>aliquid</strong></span> <span class='ocrx_word' id='word_1_265' title='bbox 716 1892 786 1924; x_wconf 89' lang='lat' dir='ltr'><strong>est.</strong></span> <span class='ocrx_word' id='word_1_266' title='bbox 841 1887 1012 1937; x_wconf 88' lang='lat' dir='ltr'><strong>primum</strong></span> <span class='ocrx_word' id='word_1_267' title='bbox 1043 1891 1172 1922; x_wconf 88' lang='lat' dir='ltr'><strong>autem</strong></span> <span class='ocrx_word' id='word_1_268' title='bbox 1197 1884 1386 1922; x_wconf 90' lang='lat' dir='ltr'><strong>admoneo</strong></span> <span class='ocrx_word' id='word_1_269' title='bbox 1408 1883 1730 1922; x_wconf 87' lang='lat' dir='ltr'><strong>consuetudinem</strong></span> 
     </span>
     <span class='ocr_line' id='line_1_32' title="bbox 287 1939 1729 1994; baseline 0 -18"><span class='ocrx_word' id='word_1_270' title='bbox 287 1939 474 1978; x_wconf 86' lang='lat' dir='ltr'><strong>ecclesiae</strong></span> <span class='ocrx_word' id='word_1_271' title='bbox 493 1941 662 1992; x_wconf 86' lang='lat' dir='ltr'><strong>Latinae,</strong></span> <span class='ocrx_word' id='word_1_272' title='bbox 684 1948 730 1980; x_wconf 91' lang='lat' dir='ltr'><strong>ut</strong></span> <span class='ocrx_word' id='word_1_273' title='bbox 750 1942 792 1980; x_wconf 86' lang='lat' dir='ltr'><strong>in</strong></span> <span class='ocrx_word' id='word_1_274' title='bbox 815 1942 899 1980; x_wconf 89' lang='lat' dir='ltr'><strong>aliis</strong></span> <span class='ocrx_word' id='word_1_275' title='bbox 919 1940 1116 1994; x_wconf 84' lang='lat' dir='ltr'><strong>plurimis,</strong></span> <span class='ocrx_word' id='word_1_276' title='bbox 1135 1940 1192 1978; x_wconf 87' lang='lat' dir='ltr'><strong>sic</strong></span> <span class='ocrx_word' id='word_1_277' title='bbox 1210 1942 1251 1977; x_wconf 89' lang='lat' dir='ltr'><strong>in</strong></span> <span class='ocrx_word' id='word_1_278' title='bbox 1268 1939 1349 1978; x_wconf 87' lang='lat' dir='ltr'><strong>hoc</strong></span> <span class='ocrx_word' id='word_1_279' title='bbox 1366 1953 1387 1977; x_wconf 89' lang='lat' dir='ltr'><strong>a</strong></span> <span class='ocrx_word' id='word_1_280' title='bbox 1410 1939 1579 1978; x_wconf 86' lang='lat' dir='ltr'><strong>Graecae</strong></span> <span class='ocrx_word' id='word_1_281' title='bbox 1595 1939 1729 1978; x_wconf 76' lang='lat' dir='ltr'><strong>usibus</strong></span> 
     </span>
     <span class='ocr_line' id='line_1_33' title="bbox 287 1995 1728 2047; baseline 0 -15"><span class='ocrx_word' id='word_1_282' title='bbox 287 1995 541 2047; x_wconf 84' lang='lat' dir='ltr'><strong>discrepasse.</strong></span> <span class='ocrx_word' id='word_1_283' title='bbox 597 1999 637 2038; x_wconf 88' lang='lat' dir='ltr'><strong>S.</strong></span> <span class='ocrx_word' id='word_1_284' title='bbox 658 1998 878 2037; x_wconf 88' lang='lat' dir='ltr'><strong>Bernardus</strong></span> <span class='ocrx_word' id='word_1_285' title='bbox 899 2011 1012 2039; x_wconf 88' lang='lat' dir='ltr'><strong>serm.</strong></span> <span class='ocrx_word' id='word_1_286' title='bbox 1039 1997 1079 2034; x_wconf 88' lang='lat' dir='ltr'><strong>in</strong></span> <span class='ocrx_word' id='word_1_287' title='bbox 1106 1997 1234 2034; x_wconf 89' lang='lat' dir='ltr'><strong>Coena</strong></span> <span class='ocrx_word' id='word_1_288' title='bbox 1258 1995 1433 2034; x_wconf 81' lang='lat' dir='ltr'><strong>Domini:</strong></span> <span class='ocrx_word' id='word_1_289' title='bbox 1463 1996 1600 2033; x_wconf 86' lang='lat' dir='ltr'><strong>variae</strong></span> <span class='ocrx_word' id='word_1_290' title='bbox 1617 2001 1728 2044; x_wconf 73' lang='lat' dir='ltr'><strong>sunt,</strong></span> 
     </span>
     <span class='ocr_line' id='line_1_34' title="bbox 286 2049 1731 2103; baseline -0.001 -15"><span class='ocrx_word' id='word_1_291' title='bbox 286 2049 435 2100; x_wconf 87' lang='lat' dir='ltr'><strong>inquit,</strong></span> <span class='ocrx_word' id='word_1_292' title='bbox 466 2054 727 2091; x_wconf 79' lang='lat' dir='ltr'><strong>investiturae</strong></span> <span class='ocrx_word' id='word_1_293' title='bbox 746 2052 963 2092; x_wconf 72' lang='lat' dir='ltr'><strong>secundum</strong></span> <span class='ocrx_word' id='word_1_294' title='bbox 987 2067 1034 2090; x_wconf 87' lang='lat' dir='ltr'><strong>ea</strong></span> <span class='ocrx_word' id='word_1_295' title='bbox 1065 2051 1112 2090; x_wconf 85' lang='lat' dir='ltr'><strong>de</strong></span> <span class='ocrx_word' id='word_1_296' title='bbox 1139 2052 1286 2103; x_wconf 77' lang='lat' dir='ltr'><strong>quibus</strong></span> <span class='ocrx_word' id='word_1_297' title='bbox 1320 2052 1567 2091; x_wconf 76' lang='lat' dir='ltr'><strong>investimur.</strong></span> <span class='ocrx_word' id='word_1_298' title='bbox 1619 2050 1731 2090; x_wconf 69' lang='lat' dir='ltr'><strong>verbi</strong></span> 
     </span>
     <span class='ocr_line' id='line_1_35' title="bbox 283 2106 1731 2161; baseline 0.001 -19"><span class='ocrx_word' id='word_1_299' title='bbox 283 2109 426 2157; x_wconf 82' lang='lat' dir='ltr'><strong>gratia</strong></span> <span class='ocrx_word' id='word_1_300' title='bbox 446 2110 658 2147; x_wconf 77' lang='lat' dir='ltr'><strong>investitur</strong></span> <span class='ocrx_word' id='word_1_301' title='bbox 677 2112 895 2148; x_wconf 78' lang='lat' dir='ltr'><strong>canonicus</strong></span> <span class='ocrx_word' id='word_1_302' title='bbox 909 2125 981 2161; x_wconf 82' lang='lat' dir='ltr'><strong>per</strong></span> <span class='ocrx_word' id='word_1_303' title='bbox 1001 2109 1160 2159; x_wconf 79' lang='lat' dir='ltr'><strong>librum,</strong></span> <span class='ocrx_word' id='word_1_304' title='bbox 1190 2108 1316 2146; x_wconf 72' lang='lat' dir='ltr'><strong>abbae</strong></span> <span class='ocrx_word' id='word_1_305' title='bbox 1328 2121 1402 2159; x_wconf 86' lang='lat' dir='ltr'><strong>per</strong></span> <span class='ocrx_word' id='word_1_306' title='bbox 1417 2106 1617 2156; x_wconf 76' lang='lat' dir='ltr'><strong>baculum,</strong></span> <span class='ocrx_word' id='word_1_307' title='bbox 1646 2107 1731 2158; x_wconf 80' lang='lat' dir='ltr'><strong>epi-</strong></span> 
     </span>
     <span class='ocr_line' id='line_1_36' title="bbox 285 2162 1729 2214; baseline 0.001 -16"><span class='ocrx_word' id='word_1_308' title='bbox 285 2176 430 2212; x_wconf 73' lang='lat' dir='ltr'><strong>scopas</strong></span> <span class='ocrx_word' id='word_1_309' title='bbox 441 2178 515 2214; x_wconf 84' lang='lat' dir='ltr'><strong>per</strong></span> <span class='ocrx_word' id='word_1_310' title='bbox 534 2165 726 2203; x_wconf 77' lang='lat' dir='ltr'><strong>baculum</strong></span> <span class='ocrx_word' id='word_1_311' title='bbox 746 2173 782 2204; x_wconf 82' lang='lat' dir='ltr'><strong>et</strong></span> <span class='ocrx_word' id='word_1_312' title='bbox 804 2167 1002 2203; x_wconf 82' lang='lat' dir='ltr'><strong>annulum</strong></span> <span class='ocrx_word' id='word_1_313' title='bbox 1017 2165 1154 2204; x_wconf 73' lang='lat' dir='ltr'><strong>simul.</strong></span> <span class='ocrx_word' id='word_1_314' title='bbox 1199 2164 1254 2202; x_wconf 76' lang='lat' dir='ltr'><strong>ita</strong></span> <span class='ocrx_word' id='word_1_315' title='bbox 1272 2164 1350 2203; x_wconf 83' lang='lat' dir='ltr'><strong>ille.</strong></span> <span class='ocrx_word' id='word_1_316' title='bbox 1397 2163 1558 2201; x_wconf 79' lang='lat' dir='ltr'><strong>ecclesia</strong></span> <span class='ocrx_word' id='word_1_317' title='bbox 1576 2162 1729 2200; x_wconf 68' lang='lat' dir='ltr'><strong>Graeca</strong></span> 
     </span>
     <span class='ocr_line' id='line_1_37' title="bbox 285 2216 1728 2274; baseline 0 -20"><span class='ocrx_word' id='word_1_318' title='bbox 285 2218 366 2255; x_wconf 89' lang='lat' dir='ltr'><strong>duo</strong></span> <span class='ocrx_word' id='word_1_319' title='bbox 394 2219 550 2268; x_wconf 88' lang='lat' dir='ltr'><strong>quidem</strong></span> <span class='ocrx_word' id='word_1_320' title='bbox 581 2227 618 2258; x_wconf 86' lang='lat' dir='ltr'><strong>et</strong></span> <span class='ocrx_word' id='word_1_321' title='bbox 643 2222 727 2274; x_wconf 86' lang='lat' dir='ltr'><strong>ipsa</strong></span> <span class='ocrx_word' id='word_1_322' title='bbox 753 2221 994 2260; x_wconf 86' lang='lat' dir='ltr'><strong>coniunctim</strong></span> <span class='ocrx_word' id='word_1_323' title='bbox 1024 2219 1203 2258; x_wconf 84' lang='lat' dir='ltr'><strong>adhibuit</strong></span> <span class='ocrx_word' id='word_1_324' title='bbox 1230 2218 1406 2271; x_wconf 84' lang='lat' dir='ltr'><strong>symbola</strong></span> <span class='ocrx_word' id='word_1_325' title='bbox 1430 2217 1473 2255; x_wconf 88' lang='lat' dir='ltr'><strong>in</strong></span> <span class='ocrx_word' id='word_1_326' title='bbox 1495 2216 1728 2255; x_wconf 72' lang='lat' dir='ltr'><strong>conserenda</strong></span> 
     </span>
     <span class='ocr_line' id='line_1_38' title="bbox 287 2271 1728 2329; baseline 0 -20"><span class='ocrx_word' id='word_1_327' title='bbox 287 2272 421 2311; x_wconf 87' lang='lat' dir='ltr'><strong>electis</strong></span> <span class='ocrx_word' id='word_1_328' title='bbox 449 2276 668 2325; x_wconf 88' lang='lat' dir='ltr'><strong>pastoribus</strong></span> <span class='ocrx_word' id='word_1_329' title='bbox 696 2284 734 2316; x_wconf 90' lang='lat' dir='ltr'><strong>et</strong></span> <span class='ocrx_word' id='word_1_330' title='bbox 765 2278 916 2329; x_wconf 88' lang='lat' dir='ltr'><strong>sponsis</strong></span> <span class='ocrx_word' id='word_1_331' title='bbox 944 2276 1196 2315; x_wconf 87' lang='lat' dir='ltr'><strong>ecclesiarum</strong></span> <span class='ocrx_word' id='word_1_332' title='bbox 1228 2273 1460 2326; x_wconf 86' lang='lat' dir='ltr'><strong>episcopalis</strong></span> <span class='ocrx_word' id='word_1_333' title='bbox 1487 2271 1728 2324; x_wconf 82' lang='lat' dir='ltr'><strong>possessione</strong></span> 
     </span>
     <span class='ocr_line' id='line_1_39' title="bbox 287 2326 1728 2384; baseline -0.001 -18"><span class='ocrx_word' id='word_1_334' title='bbox 287 2327 512 2379; x_wconf 86' lang='lat' dir='ltr'><strong>dignitatis,</strong></span> <span class='ocrx_word' id='word_1_335' title='bbox 541 2345 640 2382; x_wconf 90' lang='lat' dir='ltr'><strong>quae</strong></span> <span class='ocrx_word' id='word_1_336' title='bbox 666 2332 846 2372; x_wconf 86' lang='lat' dir='ltr'><strong>similiter</strong></span> <span class='ocrx_word' id='word_1_337' title='bbox 871 2332 1152 2384; x_wconf 88' lang='lat' dir='ltr'><strong>responderent</strong></span> <span class='ocrx_word' id='word_1_338' title='bbox 1180 2331 1332 2368; x_wconf 90' lang='lat' dir='ltr'><strong>duobus</strong></span> <span class='ocrx_word' id='word_1_339' title='bbox 1354 2328 1574 2367; x_wconf 84' lang='lat' dir='ltr'><strong>memoratis</strong></span> <span class='ocrx_word' id='word_1_340' title='bbox 1601 2326 1728 2365; x_wconf 85' lang='lat' dir='ltr'><strong>titulis</strong></span> 
     </span>
     <span class='ocr_line' id='line_1_40' title="bbox 281 2382 1728 2440; baseline -0.001 -20"><span class='ocrx_word' id='word_1_341' title='bbox 281 2386 463 2435; x_wconf 74' lang='lat' dir='ltr'><strong>pastoris</strong></span> <span class='ocrx_word' id='word_1_342' title='bbox 493 2392 530 2423; x_wconf 85' lang='lat' dir='ltr'><strong>et</strong></span> <span class='ocrx_word' id='word_1_343' title='bbox 559 2389 710 2437; x_wconf 75' lang='lat' dir='ltr'><strong>sponsi.</strong></span> <span class='ocrx_word' id='word_1_344' title='bbox 766 2395 805 2426; x_wconf 86' lang='lat' dir='ltr'><strong>at</strong></span> <span class='ocrx_word' id='word_1_345' title='bbox 830 2389 869 2426; x_wconf 87' lang='lat' dir='ltr'><strong>in</strong></span> <span class='ocrx_word' id='word_1_346' title='bbox 898 2389 1025 2440; x_wconf 89' lang='lat' dir='ltr'><strong>primo</strong></span> <span class='ocrx_word' id='word_1_347' title='bbox 1057 2387 1262 2425; x_wconf 82' lang='lat' dir='ltr'><strong>dumtaxat</strong></span> <span class='ocrx_word' id='word_1_348' title='bbox 1295 2397 1385 2423; x_wconf 88' lang='lat' dir='ltr'><strong>cum</strong></span> <span class='ocrx_word' id='word_1_349' title='bbox 1409 2382 1556 2420; x_wconf 86' lang='lat' dir='ltr'><strong>Latinis</strong></span> <span class='ocrx_word' id='word_1_350' title='bbox 1587 2382 1728 2420; x_wconf 85' lang='lat' dir='ltr'><strong>Graeci</strong></span> 
     </span>
     <span class='ocr_line' id='line_1_41' title="bbox 286 2437 1729 2494; baseline 0 -18"><span class='ocrx_word' id='word_1_351' title='bbox 286 2440 564 2478; x_wconf 88' lang='lat' dir='ltr'><strong>convenientes</strong></span> <span class='ocrx_word' id='word_1_352' title='bbox 573 2469 585 2489; x_wconf 94' lang='lat'>‚</span> <span class='ocrx_word' id='word_1_353' title='bbox 615 2443 660 2480; x_wconf 88' lang='lat' dir='ltr'><strong>in</strong></span> <span class='ocrx_word' id='word_1_354' title='bbox 687 2443 894 2493; x_wconf 88' lang='lat' dir='ltr'><strong>posteriori</strong></span> <span class='ocrx_word' id='word_1_355' title='bbox 924 2443 1142 2494; x_wconf 84' lang='lat' dir='ltr'><strong>lampadem</strong></span> <span class='ocrx_word' id='word_1_356' title='bbox 1175 2440 1327 2493; x_wconf 87' lang='lat' dir='ltr'><strong>sponsis</strong></span> <span class='ocrx_word' id='word_1_357' title='bbox 1357 2437 1545 2490; x_wconf 85' lang='lat' dir='ltr'><strong>praeferri</strong></span> <span class='ocrx_word' id='word_1_358' title='bbox 1571 2437 1729 2476; x_wconf 84' lang='lat' dir='ltr'><strong>solitam</strong></span> 
     </span>
     <span class='ocr_line' id='line_1_42' title="bbox 287 2493 1729 2548; baseline -0.001 -15"><span class='ocrx_word' id='word_1_359' title='bbox 287 2507 340 2533; x_wconf 83' lang='lat' dir='ltr'><strong>ex</strong></span> <span class='ocrx_word' id='word_1_360' title='bbox 359 2495 576 2545; x_wconf 89' lang='lat' dir='ltr'><strong>evangelica</strong></span> <span class='ocrx_word' id='word_1_361' title='bbox 602 2498 786 2548; x_wconf 88' lang='lat' dir='ltr'><strong>parabola</strong></span> <span class='ocrx_word' id='word_1_362' title='bbox 808 2505 846 2537; x_wconf 81' lang='lat' dir='ltr'><strong>et</strong></span> <span class='ocrx_word' id='word_1_363' title='bbox 868 2512 943 2536; x_wconf 86' lang='lat' dir='ltr'><strong>usu</strong></span> <span class='ocrx_word' id='word_1_364' title='bbox 963 2497 1222 2537; x_wconf 85' lang='lat' dir='ltr'><strong>Orientalium</strong></span> <span class='ocrx_word' id='word_1_365' title='bbox 1243 2494 1463 2541; x_wconf 84' lang='lat' dir='ltr'><strong>nationum,</strong></span> <span class='ocrx_word' id='word_1_366' title='bbox 1492 2493 1543 2531; x_wconf 86' lang='lat' dir='ltr'><strong>ad</strong></span> <span class='ocrx_word' id='word_1_367' title='bbox 1564 2494 1729 2545; x_wconf 70' lang='lat' dir='ltr'><strong>nuptia-</strong></span> 
     </span>
     <span class='ocr_line' id='line_1_43' title="bbox 285 2549 1729 2601; baseline -0.001 -13"><span class='ocrx_word' id='word_1_368' title='bbox 285 2549 363 2588; x_wconf 91' lang='lat' dir='ltr'><strong>lem</strong></span> <span class='ocrx_word' id='word_1_369' title='bbox 382 2551 637 2590; x_wconf 87' lang='lat' dir='ltr'><strong>ceremoniam</strong></span> <span class='ocrx_word' id='word_1_370' title='bbox 658 2554 1107 2601; x_wconf 81' lang='lat' dir='ltr'><strong>accommodatissimam,</strong></span> <span class='ocrx_word' id='word_1_371' title='bbox 1138 2551 1284 2589; x_wconf 82' lang='lat' dir='ltr'><strong>annulo</strong></span> <span class='ocrx_word' id='word_1_372' title='bbox 1309 2549 1591 2600; x_wconf 83' lang='lat' dir='ltr'><strong>praetulerunt,</strong></span> <span class='ocrx_word' id='word_1_373' title='bbox 1611 2561 1729 2600; x_wconf 84' lang='lat' dir='ltr'><strong>quem</strong></span> 
     </span>
     <span class='ocr_line' id='line_1_44' title="bbox 286 2604 1729 2660; baseline 0 -17"><span class='ocrx_word' id='word_1_374' title='bbox 286 2611 417 2644; x_wconf 87' lang='lat' dir='ltr'><strong>tamen</strong></span> <span class='ocrx_word' id='word_1_375' title='bbox 444 2606 706 2646; x_wconf 88' lang='lat' dir='ltr'><strong>Occidentalis</strong></span> <span class='ocrx_word' id='word_1_376' title='bbox 733 2608 783 2646; x_wconf 87' lang='lat' dir='ltr'><strong>ad</strong></span> <span class='ocrx_word' id='word_1_377' title='bbox 818 2609 860 2646; x_wconf 83' lang='lat' dir='ltr'><strong>id</strong></span> <span class='ocrx_word' id='word_1_378' title='bbox 888 2609 1019 2660; x_wconf 87' lang='lat' dir='ltr'><strong>potius</strong></span> <span class='ocrx_word' id='word_1_379' title='bbox 1054 2607 1230 2645; x_wconf 86' lang='lat' dir='ltr'><strong>adhibuit</strong></span> <span class='ocrx_word' id='word_1_380' title='bbox 1260 2604 1439 2652; x_wconf 90' lang='lat' dir='ltr'><strong>ecclesia,</strong></span> <span class='ocrx_word' id='word_1_381' title='bbox 1467 2610 1514 2642; x_wconf 93' lang='lat' dir='ltr'><strong>ut</strong></span> <span class='ocrx_word' id='word_1_382' title='bbox 1542 2604 1729 2657; x_wconf 85' lang='lat' dir='ltr'><strong>populari</strong></span> 
     </span>
     <span class='ocr_line' id='line_1_45' title="bbox 288 2659 1730 2715; baseline -0.001 -15"><span class='ocrx_word' id='word_1_383' title='bbox 288 2662 389 2700; x_wconf 87' lang='lat' dir='ltr'><strong>forte</strong></span> <span class='ocrx_word' id='word_1_384' title='bbox 407 2663 579 2712; x_wconf 90' lang='lat' dir='ltr'><strong>gentium</strong></span> <span class='ocrx_word' id='word_1_385' title='bbox 597 2663 887 2715; x_wconf 85' lang='lat' dir='ltr'><strong>Europaearum</strong></span> <span class='ocrx_word' id='word_1_386' title='bbox 904 2663 1004 2701; x_wconf 85' lang='lat' dir='ltr'><strong>mori</strong></span> <span class='ocrx_word' id='word_1_387' title='bbox 1023 2661 1300 2713; x_wconf 87' lang='lat' dir='ltr'><strong>congruentius</strong></span> <span class='ocrx_word' id='word_1_388' title='bbox 1323 2659 1538 2709; x_wconf 80' lang='lat' dir='ltr'><strong>coniugalis</strong></span> <span class='ocrx_word' id='word_1_389' title='bbox 1556 2659 1730 2698; x_wconf 85' lang='lat' dir='ltr'><strong>necessi-</strong></span> 
     </span>
     <span class='ocr_line' id='line_1_46' title="bbox 289 2715 1729 2770; baseline -0.001 -16"><span class='ocrx_word' id='word_1_390' title='bbox 289 2717 440 2756; x_wconf 89' lang='lat' dir='ltr'><strong>tudinis</strong></span> <span class='ocrx_word' id='word_1_391' title='bbox 461 2718 626 2770; x_wconf 85' lang='lat' dir='ltr'><strong>signum.</strong></span> <span class='ocrx_word' id='word_1_392' title='bbox 682 2719 872 2770; x_wconf 83' lang='lat' dir='ltr'><strong>quidquid</strong></span> <span class='ocrx_word' id='word_1_393' title='bbox 900 2732 1020 2770; x_wconf 89' lang='lat' dir='ltr'><strong>porro</strong></span> <span class='ocrx_word' id='word_1_394' title='bbox 1043 2718 1147 2756; x_wconf 87' lang='lat' dir='ltr'><strong>circa</strong></span> <span class='ocrx_word' id='word_1_395' title='bbox 1164 2717 1241 2755; x_wconf 90' lang='lat' dir='ltr'><strong>hoc</strong></span> <span class='ocrx_word' id='word_1_396' title='bbox 1260 2716 1302 2754; x_wconf 89' lang='lat' dir='ltr'><strong>in</strong></span> <span class='ocrx_word' id='word_1_397' title='bbox 1323 2715 1604 2755; x_wconf 79' lang='lat' dir='ltr'><strong>consuetudine</strong></span> <span class='ocrx_word' id='word_1_398' title='bbox 1621 2716 1729 2754; x_wconf 79' lang='lat' dir='ltr'><strong>Lati-</strong></span> 
     </span>
     <span class='ocr_line' id='line_1_47' title="bbox 292 2771 1728 2828; baseline 0 -18"><span class='ocrx_word' id='word_1_399' title='bbox 292 2785 435 2813; x_wconf 86' lang='lat' dir='ltr'><strong>norum</strong></span> <span class='ocrx_word' id='word_1_400' title='bbox 452 2774 586 2826; x_wconf 84' lang='lat' dir='ltr'><strong>fuerit,</strong></span> <span class='ocrx_word' id='word_1_401' title='bbox 611 2773 775 2814; x_wconf 80' lang='lat' dir='ltr'><strong>Asianos</strong></span> <span class='ocrx_word' id='word_1_402' title='bbox 793 2775 951 2828; x_wconf 88' lang='lat' dir='ltr'><strong>quidem</strong></span> <span class='ocrx_word' id='word_1_403' title='bbox 969 2774 1174 2828; x_wconf 81' lang='lat' dir='ltr'><strong>episcopos</strong></span> <span class='ocrx_word' id='word_1_404' title='bbox 1189 2771 1380 2826; x_wconf 82' lang='lat' dir='ltr'><strong>lampadis</strong></span> <span class='ocrx_word' id='word_1_405' title='bbox 1399 2771 1638 2825; x_wconf 83' lang='lat' dir='ltr'><strong>praelatione</strong></span> <span class='ocrx_word' id='word_1_406' title='bbox 1656 2781 1728 2811; x_wconf 75' lang='lat' dir='ltr'><strong>au-</strong></span> 
     </span>
    </p>
   </div>
  </div>
 </body>
</html>
