1858 3126
243 172 343 219 402
663 171 900 216 GEORGH
933 171 1283 215 PACHYMERIS

247 303 372 339 μονος
398 284 617 335 Ἰωάννου,
665 284 810 334 καθὼς
843 282 892 326 ἂν
928 281 950 326 ὅ
979 282 1131 333 Λυδὸς
1157 280 1284 336 εἶ’ποι,
1331 284 1569 338 ἐπιστασία,
1619 285 1660 328 ἓν
1687 279 1715 342 ᾗ

248 355 360 411 παρὰ
386 358 488 396 θεοῦ
512 350 801 409 φυλάττεσθαι
822 348 1091 395 ἐπιστεύοντυ.

195 461 225 493 c
392 444 470 490 16.
530 438 611 486 Ἠν
629 445 704 498 μέν
725 435 798 484 οὖν
818 441 870 483 τὰ
891 441 998 484 καθ’
1023 439 1135 495 ἡμᾶς
1160 443 1226 484 καὶ
1249 442 1339 484 λιάν
1361 440 1493 494 δεινά,
1530 448 1611 487 τῶν
1639 446 1714 497 μέν

247 513 362 563 ἐκτὸς
391 512 546 562 πόλεως
574 511 692 552 οὐδὲν
722 508 991 553 ὑποστάντων
1018 510 1093 565 τὴν
1122 515 1205 553 τῶν
1224 514 1401 567 Περσῶν
1428 509 1714 557 ἀνυπόστατον

245 580 403 637 ῥύμην,
442 583 506 623 καὶ
534 577 603 620 διὰ
633 583 755 621 τοῦτο
790 582 873 621 τῶν
904 579 978 632 μὲν
1000 579 1284 635 φονευομένων
1307 585 1390 622 τῶν
1412 580 1456 623 δ’
1482 579 1745 626 (inamata-5

243 650 395 701 με’νων,
434 650 516 689 τῶν
537 647 610 701 μὲν
631 649 686 696 εἷς
707 644 842 696 πόλεις
864 649 931 690 καὶ
952 646 1132 704 φρούρια
1154 652 1238 690 τῶν
1268 649 1313 691 δ’
1338 651 1394 698 εἲς
1423 646 1599 704 νήσους,
1637 649 1712 692 ἄλ-

244 723 323 760 λων
350 717 395 758 δὲ
424 717 490 757 καὶ
518 717 572 765 εἷς
603 716 656 758 τὰ
686 715 779 758 κατ’
804 715 1068 771 ἀντιπεραίαν
1101 716 1296 773 ἀσφαλῆ,
1335 715 1438 761 ὅπου
1462 716 1512 760 ἂν
1537 720 1604 761 καὶ
1627 735 1714 762 σω-

242 791 378 836 θεῖεν,
413 782 650 839 βλεπόντων
678 787 746 826 καὶ
775 782 1024 839 ὁρμώντων,
1061 789 1144 827 τῶν
1174 785 1216 827 δ’
1239 786 1353 836 ἐντὸς
1372 788 1439 829 καὶ
1457 787 1548 829 λίαν
1567 787 1712 838 ἐνδεῶς

191 864 222 897 D
246 851 420 908 ἐχόντων
439 857 522 895 τῶν
542 852 770 908 ἀναγκαίων
790 852 856 895 διὰ
876 854 951 907 τὴν
971 858 1053 897 τῶν
1072 855 1316 910 ἐξωτερικῶν
1333 853 1591 905 ἓξαπῶλειαν.
1627 861 1712 910 βα-

241 922 376 972 σιλεὺς
404 922 478 975 μὲν
506 917 580 965 οὖν
609 922 678 965 διὰ
709 925 842 964 ταῦτα
861 920 915 972 ὥς
936 920 1022 965 οἷόν
1052 922 1094 965 τ’
1121 918 1170 977 ἦν
1191 921 1583 978 ἀντιπαλαμῶμενος
1608 925 1711 980 πρὸς
1723 934 1766 967 10

241 991 317 1040 τὰς
349 995 431 1033 τῶν
465 992 608 1033 δεινῶν
640 991 872 1046 ἐπιρροίας,
905 991 1087 1034 Ἀλανῶν
1117 992 1191 1043 μέν
1220 992 1380 1035 ἐκείνων
1405 993 1472 1034 καὶ
1494 996 1576 1035 τῶν
1595 995 1710 1036 ἰδίων

241 1056 503 1115 ἀπεγνωκώς,
543 1059 607 1101 ἐπὶ
637 1064 815 1112 σαθροῖς
845 1061 889 1102 δὲ
919 1058 1103 1102 σαλεύων
1131 1066 1215 1108 τοῖς
1247 1063 1431 1112 ξενικοῖς,
1466 1060 1611 1114 πέμπει
1642 1064 1711 1104 καὶ

242 1129 345 1184 πρὸς
377 1125 573 1183 Καζάνην
601 1128 673 1171 τὸν
703 1132 786 1171 τῶν
819 1127 1071 1171 ἀνατολικῶν
1111 1126 1336 1184 Τοχάρων,
1373 1127 1430 1178 ὥς
1452 1129 1569 1172 αὐτοὶ
1590 1137 1708 1186 φαῖεν

242 1197 293 1240 ἄν
306 1230 319 1250 ,
364 1195 521 1249 mim,
567 1198 634 1240 καὶ
675 1196 849 1251 γαμικᾶς
891 1198 1091 1251 ἐπιμιξίας
1130 1198 1351 1252 προτείνει,
1396 1198 1464 1240 καὶ
1491 1197 1709 1252 ἐπαμύνειν

101 1280 127 1313 Ρ
152 1279 219 1313 280
243 1269 465 1320 προσαξιοΐ
478 1272 564 1314 τοῖς
587 1269 669 1308 τῶν
685 1264 895 1319 Ῥωμαίων
923 1263 1104 1320 ἐσχάτως
1131 1264 1268 1320 ἔχουσι
1295 1263 1543 1322 πράγμασιν.
1615 1265 1638 1309 ὅ
1662 1267 1762 1310 δὲίὸ

241 1337 309 1379 καὶ
329 1335 402 1388 τὴν
422 1334 587 1384 ἀξίωσιν
606 1333 786 1388 δέχεται,
822 1337 889 1376 καὶ
907 1335 955 1377 τὸ
974 1336 1098 1388 κῆδος
1135 1335 1225 1390 (ἐπὶ
1243 1334 1322 1390 γὰρ
1340 1339 1492 1392 φυσικῇ
1512 1338 1705 1391 θυγατρί,

240 1399 291 1459 ἧς
331 1402 457 1452 αὐτὸς
491 1403 686 1456 βασιλεὺς
717 1403 854 1459 πατὴρ
886 1404 1086 1457 ἐνομίζετο
1097 1435 1111 1455 ,
1159 1402 1406 1460 συνεφώνει)
1453 1404 1707 1460 προσαπεδέ·

237 1489 331 1527 χετο
347 1505 359 1524 ,
397 1473 463 1514 καὶ
492 1469 728 1527 ὑποσχέσεις
758 1471 959 1530 ἀσφαλῶς
986 1473 1123 1515 ἐδίδου
1149 1469 1468 1526 μετελεύσεσθαι
1485 1472 1583 1522 τούς
1601 1470 1707 1515 ἀλά-

242 1638 408 1674 pauperes
436 1626 568 1661 crebris
600 1629 637 1660 et
667 1626 798 1671 magnis
831 1627 951 1662 merito
985 1628 1211 1670 nominatum,
1246 1638 1329 1661 suae
1349 1627 1516 1672 peculiari
1539 1638 1643 1663 curae
1664 1639 1705 1663 ac

239 1673 444 1719 protectioni
473 1673 602 1718 (quam
628 1671 843 1709 ἐπιστασίαν
865 1674 983 1719 Lydus
1005 1674 1166 1718 diceret)
1198 1673 1406 1708 commissam
1438 1685 1460 1709 a
1489 1674 1555 1709 deo
1589 1678 1706 1710 custo-

241 1721 334 1755 disse
357 1732 398 1754 ac
421 1719 537 1754 sedulo
559 1719 756 1754 defensasse
780 1719 989 1764 Magnesiam
1011 1720 1194 1754 civitatem.

333 1766 388 1801 16.
435 1765 548 1799 Erant
573 1776 673 1810 porro
703 1776 766 1811 per
796 1765 882 1800 haec
911 1771 1064 1811 tempora
1086 1776 1142 1799 res
1164 1767 1301 1799 nostrae
1326 1764 1622 1812 Constantinopoli
1644 1765 1705 1800 de-

241 1812 389 1857 gentium
421 1811 456 1845 in
486 1810 623 1845 summis
659 1811 836 1855 angustiis.
881 1823 957 1845 nam
990 1811 1048 1855 qui
1077 1817 1176 1845 extra
1198 1812 1314 1844 urbem
1336 1811 1371 1845 in
1394 1812 1497 1846 Asiae
1520 1811 1705 1846 continenti

240 1858 441 1892 domicilium
471 1857 662 1899 habebant,
694 1857 792 1902 plane
826 1857 955 1892 conscii
977 1869 1017 1891 ac
1039 1857 1152 1891 multis
1174 1857 1436 1902 miserrimisque
1465 1857 1705 1903 experimentis

240 1904 514 1950 quotidianarum
542 1903 718 1944 caedium,
751 1903 875 1949 quibus
907 1903 1032 1949 passim
1061 1902 1167 1938 sterni
1199 1903 1407 1938 contribules
1441 1915 1521 1938 suos
1544 1915 1566 1938 a
1587 1903 1704 1938 Persis

239 1951 413 1992 videbant,
437 1949 618 1984 manifesto
642 1949 798 1995 persuasi
820 1949 940 1984 nullam
964 1949 1031 1983 sibi
1052 1949 1120 1982 vim
1143 1959 1220 1983 esse
1243 1949 1285 1983 ad
1309 1949 1538 1984 obsistendum
1559 1949 1601 1983 iis
1623 1950 1705 1984 bar-

241 1996 352 2037 baris,
385 1996 505 2041 partim
531 1995 567 2030 in
590 1997 692 2030 urbes
716 2000 776 2030 aut
798 2007 897 2030 arces
920 1995 1181 2039 confugiebant,
1211 1995 1335 2040 partim
1357 1996 1501 2030 salutem
1523 1995 1559 2029 in
1581 1994 1703 2029 insulis

239 2042 472 2086 quaerebant,
496 2041 619 2087 partim
642 2053 742 2088 quam
766 2046 926 2087 poterant
946 2041 1138 2086 longissime
1161 2053 1199 2075 se
1221 2053 1241 2075 a
1265 2041 1414 2087 periculo
1436 2044 1648 2076 removentes
1668 2041 1703 2076 in

239 2087 364 2121 abditis
403 2089 568 2123 adversae
607 2087 810 2123 continentis
840 2088 922 2122 locis
952 2099 1105 2122 securum
1144 2088 1304 2132 effugium
1336 2087 1471 2134 trepide
1507 2087 1704 2133 captabant.

240 2134 348 2178 ipsius
371 2138 482 2167 autem
506 2146 647 2178 magnae
670 2135 765 2168 urbis
785 2134 914 2168 incolae
935 2146 1058 2179 magna
1083 2134 1174 2168 intus
1196 2145 1309 2168 rerum
1331 2133 1374 2168 ad
1396 2134 1523 2168 victum
1543 2143 1703 2168 necessa-

238 2179 361 2213 riarum
387 2179 528 2224 penuria
549 2181 753 2224 urgebamur
775 2181 818 2215 ob
840 2184 993 2214 vastatas
1016 2180 1140 2214 circum
1162 2180 1400 2226 desolatasque
1414 2179 1587 2224 regiones,
1612 2178 1702 2213 unde

240 2225 290 2259 ad>
317 2235 379 2258 nos
409 2225 542 2259 solebat
579 2238 711 2260 annona
743 2227 903 2261 conferri.
951 2226 994 2260 ad
1026 2227 1112 2260 haec
1138 2226 1346 2260 emendanda
1375 2230 1535 2271 quantum
1563 2227 1701 2270 poterat

239 2281 323 2304 cura
345 2270 552 2315 consilioque
571 2271 769 2306 incumbens
791 2273 995 2318 imperator,
1029 2284 1103 2306 cum
1134 2273 1258 2306 nullam
1288 2272 1356 2306 iam
1385 2282 1479 2316 spem
1501 2270 1644 2304 haberet
1664 2269 1699 2303 in

239 2316 399 2350 Romanis
423 2317 541 2360 copiis,
565 2323 684 2352 extera
706 2329 789 2352 vero
814 2318 971 2352 auxiliari
994 2318 1114 2352 militia
1135 2323 1298 2364 proterva
1321 2327 1492 2361 saevaque
1514 2314 1699 2360 eademque

239 2362 329 2397 haud
353 2361 437 2396 satis
460 2362 532 2396 fida
553 2366 726 2405 uteretur,
749 2364 838 2397 unde
860 2376 923 2398 nec
947 2364 1164 2409 acquiescere
1185 2363 1295 2398 animo
1318 2366 1453 2407 posset,
1477 2359 1582 2395 vertit
1604 2361 1699 2405 cogi-

237 2407 401 2443 tationem
435 2407 479 2442 ad
511 2408 638 2442 certius
661 2409 820 2443 auxilium
838 2421 859 2443 a
883 2410 1021 2444 Cazane
1042 2410 1273 2443 Tocharorum
1297 2406 1518 2441 Orientalium
1538 2417 1698 2451 supremo

237 2453 394 2500 principe
422 2453 561 2497 (Canin
583 2454 650 2499 ipsi
672 2456 825 2498 vocant)
855 2456 1006 2496 Romano
1029 2454 1170 2500 imperio
1192 2453 1443 2488 conciliandum.
1490 2451 1596 2486 mittit
1617 2463 1699 2496 ergo

238 2499 282 2534 ad
314 2500 402 2534 hunc
433 2499 492 2544 qui
521 2499 671 2533 foederis
701 2511 814 2534 secum
849 2500 1071 2534 conditionem
1103 2499 1246 2544 nuptiali
1277 2497 1525 2532 necessitudine
1544 2497 1699 2532 firmandi

238 2546 398 2587 offerant,
422 2549 588 2589 orentque
611 2548 651 2578 ut
672 2556 741 2590 qua
762 2545 902 2580 valebat
924 2545 1127 2580 auctoritate
1149 2545 1182 2578 in
1205 2545 1310 2578 duces
1332 2544 1495 2578 barbaros
1512 2544 1698 2578 Romanam

237 2592 398 2626 ditionem
421 2590 648 2625 crudelissime
669 2595 866 2632 vastantes,
897 2590 949 2624 eis
972 2596 1010 2625 ut
1033 2592 1075 2624 ab
1098 2590 1232 2624 iniuriis
1265 2589 1430 2624 desistant
1461 2589 1624 2635 imperet,
1656 2601 1699 2624 ac

239 2637 274 2672 ni
295 2637 446 2680 faciant,
469 2636 616 2670 ulturum
639 2647 677 2670 se
699 2636 866 2678 minetur,
891 2634 1007 2681 sicque
1029 2647 1228 2670 succurrere
1244 2635 1404 2680 dignetur
1426 2640 1579 2670 extreme
1602 2635 1698 2670 labo-

238 2683 391 2718 rantibus
413 2694 455 2717 ac
477 2694 565 2727 pene
585 2682 652 2716 iam
675 2682 819 2727 perditis
843 2682 1002 2716 Romanis
1024 2683 1137 2716 rebus.
1182 2681 1265 2716 talia
1281 2682 1437 2716 Cazanes
1452 2681 1592 2716 audiens
1606 2681 1699 2716 hand

237 2734 438 2774 aspernatus
460 2728 661 2763 affinitatem
686 2733 758 2769 est3
792 2728 992 2773 oblatasque
1016 2728 1169 2774 puellae,
1194 2739 1282 2773 quae
1305 2727 1420 2772 proles
1443 2727 1605 2762 naturalis
1627 2728 1699 2762 An·-

235 2775 368 2810 dronici
401 2774 543 2820 Augusti
576 2774 780 2819 putabatur,
814 2774 996 2808 admittens
1019 2774 1172 2819 nuptias,
1205 2773 1316 2818 ample
1339 2785 1380 2808 ac
1402 2773 1596 2808 solemniter
1618 2785 1698 2819 pro-

236 2820 327 2855 misit
349 2832 424 2856 sese
446 2819 698 2863 coerciturum,
729 2825 765 2856 et
787 2820 821 2855 ni
843 2824 1022 2867 parerent,
1053 2820 1157 2855 armis
1187 2830 1420 2866 repressurum
1442 2819 1585 2866 iniquos,
1598 2829 1698 2865 gras-
