1858 3126
284 167 381 214 708
689 162 999 207 OBSERVAT.
1028 162 1336 208 PAGHYMER.

284 279 325 317 in
343 275 490 327 templo
513 275 679 312 Sanctae
699 272 890 326 Sophiae:
920 272 977 312 ibi
1006 272 1134 324 enim,
1163 278 1210 311 ut
1238 272 1364 323 dixit,
1395 274 1633 312 collocatum
1650 274 1741 312 sue-

285 339 348 373 rat
367 332 556 370 feretrum
577 337 645 368 aut
661 330 775 369 theca
793 330 939 368 ossium
953 329 1107 368 Arsenii
1128 329 1328 381 quondam
1350 329 1606 381 patriarchae,
1625 344 1741 381 quam

287 389 489 428 occasione
522 400 741 426 concursus
768 387 880 425 istius
906 386 976 424 tali
1006 386 1070 424 die
1098 387 1254 424 solitam
1285 386 1460 437 relinqui
1477 393 1652 437 apertam
1674 387 1739 424 ait.

286 459 367 484 non
384 458 508 493 vana,
539 445 702 496 opinor,
732 443 959 481 coniectura
981 443 1101 481 fuerit
1127 443 1295 482 electum
1316 441 1425 480 hunc
1444 443 1610 479 locum
1599 457 1641 479 m
1662 457 1742 494 quo

287 502 538 554 potissimum
564 501 734 539 residere
759 501 916 551 angelos
950 499 1198 549 caederetur,
1237 512 1287 537 ex
1311 511 1356 536 eo
1389 498 1496 549 quod
1518 499 1608 536 Luc.
1638 501 1658 538 1
1691 502 1738 539 11

288 566 404 596 stans
427 572 454 595 a
474 555 624 595 dextris
639 557 787 594 altaris·
806 559 957 594 incensi
978 558 1217 608 apparuisse
1235 555 1464 593 Zachariae
1483 555 1655 606 angelus
1681 553 1745 592 di.

291 617 424 666 citur5
455 614 589 651 unde‘
579 627 621 651 ιιι
642 614 750 651 illam
769 620 968 664 tamquam
993 612 1207 663 legitimam
1227 618 1266 650 et
1285 611 1406 650 sacris
1427 611 1598 649 oraculis
1613 610 1748 648 decla-

289 678 416 710 ratam
437 670 668 720 angelorum
689 670 821 708 sedem
845 683 891 707 ac
909 670 1019 720 quasi
1045 669 1253 707 stationem
1277 668 1415 720 populi
1443 668 1600 718 angelos
1623 680 1747 705 vene-

289 728 415 767 rantis
435 727 594 765 devotio
616 727 800 768 ferretur.
859 732 938 777 q'uo
960 726 1130 776 pertinet
1151 724 1301 762 dictum
1327 724 1467 762 Hilarii
1490 725 1583 761 can.
1603 723 1676 762 ult.
1703 723 1748 760 in

287 783 554 832 Matthaeum,
585 782 819 821 affirmantis
841 782 1102 833 significatum
1118 781 1302 819 scissione
1322 780 1415 829 veli,
1444 780 1602 832 quaein
1621 785 1748 817 morte

289 840 437 879 Christi
472 839 664 889 contigit,
707 839 919 877 discessum
946 839 1176 889 angelorum
1202 852 1223 875 a
1262 837 1440 875 custodia
1471 849 1691 888 synagogae
1709 842 1749 873 et

291 909 494 935 sacrorum
519 895 791 944 Iudaicorum,
825 896 965 946 quibus
994 894 1241 933 excubabant
1267 895 1316 932 ad
1342 894 1476 932 velum
1498 893 1637 945 templi
1653 905 1747 930 con-

290 954 495 1000 sistentes,
537 951 613 990 hoc
645 957 703 989 est
731 965 853 1003 prope
883 953 1006 990 altare
1034 952 1206 999 incensi,
1247 950 1352 1002 quod
1378 951 1517 988 intime
1545 949 1748 988 admotum

291 1009 381 1049 velo
401 1014 485 1046 erat
508 1014 640 1046 saneta
661 1015 888 1046 sanctorum
911 1008 1130 1060 operienti,
1161 1013 1207 1045 ut
1227 1006 1476 1045 notissimum
1498 1012 1569 1045 est.
1626 1005 1750 1044 verba

292 1071 387 1104 sunt
405 1064 568 1102 Hilarii:
598 1064 677 1103 veli
705 1064 832 1102 Ιιοηοι·
855 1078 946 1101 cum
972 1063 1159 1102 custodia
1187 1064 1327 1116 angeli
1342 1064 1585 1114 protegentis
1605 1063 1749 1110 aufer-

292 1129 376 1160 ίιιν.
434 1127 614 1172 superest
631 1128 678 1158 ut
703 1121 895 1159 rationem
921 1122 1064 1159 lectori
1094 1120 1255 1158 reddam
1276 1119 1559 1158 emendationis
1583 1131 1632 1156 ex
1651 1131 1750 1155 con-

292 1180 443 1216 iectura
464 1176 716 1216 necessariae.
773 1177 816 1214 in
837 1177 991 1215 duobus
1014 1177 1218 1214 codicibus
1249 1176 1408 1228 optimis
1427 1176 1459 1213 B
1486 1181 1525 1213 et
1543 1175 1572 1213 A
1589 1177 1696 1225 (nam
1715 1174 1749 1213 V

292 1234 402 1273 hunc
419 1234 551 1272 locum
575 1234 756 1271 funditus
776 1231 943 1286 omittit)
961 1249 1062 1286 προς
1088 1248 1164 1285 την
1189 1235 1270 1272 ταῖν
1295 1231 1454 1285 ὁδηγων
1482 1231 1747 1270 scribebatur·
1738 1259 1750 1279 ,

294 1303 394 1342 quae
411 1303 503 1327 sane
524 1289 643 1328 lectio
661 1291 847 1328 intricata
871 1295 942 1328 est
998 1301 1188 1340 quorsum
1209 1289 1313 1327 enim
1343 1289 1451 1327 istud
1470 1284 1546 1341 τήν
1567 1288 1750 1352 pertinet,

295 1352 365 1386 aut
389 1359 508 1398 quam
526 1358 610 1384 rem
628 1346 804 1397 indicat,
840 1360 930 1384 cum
958 1347 1068 1384 nulla
1097 1352 1291 1384 oecunat
1305 1345 1339 1382 ei
1356 1345 1489 1396 generi
1510 1344 1751 1382 conveniens

295 1416 317 1442 e
335 1403 450 1455 prius
469 1408 538 1440 aut
558 1409 650 1455 post
672 1403 927 1442 memoratis?
956 1403 1082 1441 solent
1097 1408 1275 1440 veterum
1291 1401 1514 1440 istiusmodi
1529 1400 1753 1453 descripto-

293 1472 356 1498 res
377 1459 570 1497 librorum
598 1466 705 1497 certa
727 1459 923 1497 vocabula
944 1458 1248 1510 compendiariis
1269 1458 1372 1496 notis
1392 1458 1567 1509 pingere.
1625 1457 1752 1495 multa

294 1515 338 1552 in
371 1514 447 1551 hoc
481 1521 648 1564 utroque
682 1516 777 1553 talia
802 1516 1005 1564 visuntur,
1051 1515 1118 1553 ubi
1141 1515 1284 1566 passim
1309 1510 1405 1562 οἶνος
1422 1527 1496 1566 pro
1517 1510 1751 1565 ἅνθρωπος,

297 1563 421 1618 ου’νος
447 1583 523 1621 pro
550 1566 801 1623 οὐρανός-,ιι
774 1577 821 1609 ut
847 1578 1032 1609 sexcenta
1058 1571 1236 1609 omittam
1259 1570 1414 1610 similia
1470 1569 1641 1622 putarim
1660 1582 1753 1619 ergo

295 1624 366 1664 hic
393 1622 468 1678 τήν
489 1627 780 1677 compendiarie
796 1627 991 1678 scriptum
1014 1641 1088 1679 pro
1108 1624 1247 1679 τιμήν,
1277 1626 1504 1665 vocabulo
1492 1639 1570 1663 lam
1595 1625 1643 1663 a'd
1658 1638 1754 1663 sen-

297 1682 464 1721 tentiam
483 1696 563 1720 non
583 1682 833 1720 incommode
855 1683 1069 1733 quadrante
1086 1683 1193 1720 iuxta
1211 1682 1328 1720 modo
1349 1682 1541 1734 exposita.
1601 1681 1754 1720 confir-

297 1745 380 1777 mat
398 1738 474 1776 hoc
494 1739 595 1776 alius
617 1739 746 1777 nostri
762 1739 932 1777 auctoris
951 1739 1064 1777 locus
1078 1739 1181 1777 infra
1201 1752 1238 1789 p.
1258 1741 1340 1781 302
1362 1752 1401 1776 v.
1423 1737 1473 1779 14
1492 1738 1558 1776 ubi
1577 1750 1753 1791 προσκυ-
1779 1780 1782 1782 ,

301 1790 353 1847 νή
359 1807 455 1842 σεως
471 1794 586 1834 ἕνεκα
606 1796 816 1847 procedere
833 1795 997 1833 solitum
1014 1795 1110 1833 feria
1128 1795 1245 1833 tertia
1265 1795 1308 1831 in
1322 1795 1602 1832 monasterium
1616 1794 1754 1832 Hode—

301 1864 441 1902 gotum
467 1851 663 1902 populum
688 1858 727 1890 et
751 1852 884 1902 ipsum
914 1852 1139 1903 principem
1169 1850 1330 1920 ἰιιᾶἰεειτῐ.
1386 1850 1507 1889 verba
1537 1851 1620 1889 eius
1654 1850 1753 1888 haec

301 1913 415 1946 sunt:
449 1904 524 1947 εἶτ’
541 1907 699 1948 ἐκεῖθεν
722 1906 787 1948 ἐπὶ
800 1908 922 1978 τρίτῃ
947 1911 1018 1959 τῆς
1041 1903 1264 1960 ἑβδομάδος
1281 1901 1335 1959 ἦν
1351 1907 1419 1947 καί
1446 1922 1469 1958 γ
1479 1902 1555 1956 ’ἐξ
1577 1903 1756 1960 ἀνάγκης

302 1964 346 2004 ἐκ
369 1965 519 2004 πολλοῦ
539 1966 596 2018 τῷ
616 1965 770 2016 βασιλεῖ
787 1959 840 2016 ἦν
863 1967 912 2032 τῆ
930 1960 1109 2035 ‘Odn‘yniv
1131 1966 1238 2018 μονῇ
1260 1961 1359 2003 και-οὶ
1385 1960 1533 2014 ταύτην
1556 1979 1638 2015 την
1652 1962 1755 2015 ἡμέ-

302 2036 375 2070 ραν
400 2017 668 2072 παραβαλλειν
690 2033 996 2074 προσκυνησεως
1017 2020 1144 2061 ἕνεκα.
1180 2033 1230 2058 ex
1250 2020 1390 2071 quibus
1417 2019 1528 2058 vides
1546 2019 1654 2058 feriis
1671 2025 1757 2058 ter-

301 2075 367 2112 tiis
384 2075 544 2114 solitum
566 2076 861 2129 imperatorem,
903 2091 953 2115 ex
983 2091 1093 2115 more
1113 2076 1300 2116 videlicet
1332 2076 1449 2114 etiam
1468 2075 1673 2140 populari,
1703 2076 1755 2114 ad

302 2131 495 2182 templum
526 2134 751 2172 monasterii
769 2134 1044 2183 Hodegorum,
1076 2132 1163 2180 cui,
1193 2132 1756 2184 utlicetsuspica1i‚nomen

302 2186 347 2224 id
375 2181 612 2227 adhaesisset
640 2200 690 2227 ex
719 2204 765 2228 eo
786 2190 894 2242 quod
923 2189 1004 2228 illic
1035 2189 1246 2242 peculiaris
1267 2189 1449 2227 memoria
1472 2191 1555 2228 ταῖν
1581 2187 1754 2240 ὁδηγῶν,

303 2241 380 2281 hoc
403 2250 462 2310 est
485 2244 598 2282 iuxta
614 2245 724 2297 prius
747 2246 851 2283 dicta
872 2247 1099 2297 angelorum
1119 2245 1352 2293 custodum,
1385 2244 1662 2282 celebraretur.

417 2296 441 2338 ὅ
456 2314 552 2339 ντω
565 2312 641 2349 σις
668 2315 710 2372 p.
731 2301 812 2344 248
831 2316 867 2341 v.
885 2305 922 2343 3.
967 2301 995 2355 ἡ
1012 2305 1115 2342 θεοῦ
1131 2297 1335 2355 α’γαθότης
1355 2295 1457 2352 α’ρχή
1482 2315 1542 2347 τις
1561 2298 1755 2352 γενομένη

305 2356 387 2401 τοῖς
411 2353 464 2405 μὴ
499 2358 614 2396 οὐσιν
650 2357 706 2404 εἰς
741 2371 919 2398 οντωσιν.
985 2358 1041 2396 sic
1061 2359 1091 2395 B
1114 2363 1152 2396 et
1177 2357 1213 2395 A
1245 2356 1422 2394 codices:
1462 2355 1496 2393 V
1521 2361 1648 2393 totum
1675 2351 1754 2393 hoe

310 2422 463 2447 comma
482 2411 667 2451 transilit.
708 2410 877 2453 όντωσιν
899 2413 963 2451 hic
980 2419 1144 2466 apparet
1162 2426 1183 2450 a
1203 2411 1442 2463 Pachymere
1458 2408 1647 2449 dietam
1619 2425 1755 2463 υπαρ-

309 2466 371 2514 ξιν
388 2469 629 2513 astantiam,
661 2474 728 2506 aut
757 2475 808 2507 ut.
831 2469 989 2507 scholae
1018 2471 1238 2520 loquuntur
1255 2469 1518 2508 existentiam.
1575 2469 1755 2520 exempla

307 2521 473 2570 desunt,
513 2536 611 2573 quae
643 2524 802 2574 quidem
831 2525 999 2562 viderim
1024 2525 1142 2563 huius
1168 2523 1216 2561 ab
1243 2523 1329 2560 aliis
1359 2523 1537 2574 usurpati
1559 2524 1754 2563 vocabuli.

307 2578 413 2629 quod
433 2578 465 2616 si
484 2592 563 2616 non
580 2579 673 2616 alibi
697 2586 830 2618 noster
850 2580 1014 2630 legerat,
1045 2580 1198 2618 viderat
1215 2585 1346 2617 tamen
1375 2585 1480 2617 certe
1504 2580 1571 2617 illa
1595 2581 1634 2618 S.
1657 2581 1755 2618 Dio-

308 2634 413 2685 nysii
434 2634 501 2673 lib.
520 2634 570 2674 de
591 2635 720 2675 Divin.
744 2635 976 2674 Nominibus
1000 2645 1034 2675 c.
1052 2637 1078 2679 5
1106 2635 1154 2673 de
1180 2635 1254 2673 deo
1275 2635 1447 2687 scripta,
1476 2629 1577 2689 ἅρχη
1595 2635 1663 2677 καὶ
1685 2635 1755 2688 μὲ-

307 2705 403 2741 τρον
424 2687 601 2738 almvm,
631 2691 699 2732 καὶ
721 2688 875 2744 χρόνων
892 2678 1077 2744 οντώτης.
1136 2703 1235 2742 quae
1258 2691 1375 2729 etiam
1395 2690 1514 2730 verba
1539 2692 1647 2731 idem
1670 2693 1754 2730 Pa-

309 2745 512 2797 chymeres
546 2747 702 2800 prolixe
731 2747 944 2786 declaravit
969 2747 1011 2786 in
1038 2761 1108 2786 sua
1140 2747 1190 2785 ad
1221 2760 1310 2786 eum
1346 2748 1480 2787 locum
1507 2747 1753 2817 paraphrasi.

309 2814 400 2842 cum
431 2816 521 2855 ergo
558 2815 704 2844 nomen
728 2795 902 2858 ὅνταὶτης
929 2803 985 2843 ibi
1011 2803 1220 2862 reperisset
1246 2804 1360 2856 quasi
1386 2817 1437 2844 ex
1462 2805 1582 2845 verbo
1610 2800 1751 2854 ὄντόω,
