1820 3112
193 154 290 200 204
613 150 847 196 GEORGII
874 151 1224 196 PACHYMERIS

194 274 305 312 λεται
335 266 394 310 δι’
425 265 552 309 αὐτοῦ
583 264 685 320 πρὸς
705 265 802 315 τοὺς
830 264 981 322 ῥῆγας,
1018 265 1067 309 τὸ
1089 265 1134 308 δὲ
1155 264 1277 309 πλέον
1302 266 1405 323 πρὸς
1427 266 1499 309 τὸν
1510 264 1654 322 Ἀρμέ-

193 355 300 389 νιον,
342 333 398 384 ὥς
421 334 473 377 ἂν
505 335 659 377 ἐκεῖθεν
695 331 861 391 νύμφην
892 331 1022 391 ἀγάγῃ
1054 338 1113 393 τῷ
1145 338 1317 389 βασιλεῖ.
1397 335 1478 378 ἐπεὶ
1506 338 1605 390 γοῦν
1632 331 1652 376 ὅ

192 400 536 458 ἀποστελλόμενος
566 402 842 459 συγκατέθετο
873 405 940 446 καὶ
971 399 1105 446 πάντα
1133 406 1450 460 μεγαλοπρεπῶς
1481 399 1655 457 ἡτοιμά-

192 478 384 529 σθησαν,
420 471 474 514 τὰ
494 476 638 529 πρῶτα
661 472 735 526 μέν
753 473 795 523 ἐξ
814 471 955 528 οὐρίας
984 471 1092 514 ἔπλει
1124 469 1145 515 ὃ
1173 469 1428 529 πατριάρχης
1459 472 1522 513 ἐπὶ
1539 467 1656 527 τριή-

143 554 173 589 Β
199 558 298 599 ρεως
319 539 557 598 ἀσφαλοῦς,
605 538 929 597 συνεπαγόμενος
955 542 1022 583 καὶ
1052 541 1124 584 τὸν
1144 540 1325 596 μοναχὸν
1339 539 1530 595 ἓκτομίαν
1548 536 1655 582 Νεό·
1668 551 1690 585 5

191 624 342 669 φυτον·
392 607 446 659 ὥς
475 610 520 652 δὲ
550 610 645 666 περί
671 626 750 652 που
778 609 853 666 τὴν
884 606 1079 653 Φώκαιαν
1113 604 1219 664 ἦσαν
1227 643 1241 662 ,
1293 614 1503 667 πειραταῖς
1542 625 1658 663 περι-

191 681 430 731 πίπτουσιν,
470 677 513 721 οἳ
527 679 595 720 καὶ
622 676 879 735 περισχόντες
907 678 1060 728 αὖτοῦς
1083 676 1237 736 φόρτον
1258 678 1408 722 ἐκεῖνον
1438 674 1659 734 διεφόρουν

194 749 262 792 καὶ
297 745 472 796 τούτους
500 747 816 803 παρακατέχειν,
865 745 920 797 ὥς
952 747 1171 791 ἀποδοΐι·το
1187 781 1200 800 ,
1245 744 1486 802 ἠβούλοντο.
1557 744 1655 788 ἀλλ’

195 817 387 872 ἐξαίφνης
406 817 597 872 φαίνεταί
610 833 671 866 τις
691 818 837 872 φορτὶς
855 814 1012 873 πλήρης
1033 816 1248 872 ἀγωγίμων
1266 815 1371 859 κατὰ
1403 814 1450 865 τὸ
1469 812 1657 870 πέλαγος,

194 880 244 940 ἧς
265 885 315 940 δὴ
336 885 403 926 καὶ
422 885 617 941 φανείσης
644 883 859 940 μακρόθεν
890 886 980 940 περὶ
1008 884 1055 928 τὸ
1076 885 1229 928 ἐκεῖθεν
1246 884 1389 942 κέρδος
1415 883 1455 927 οἳ
1473 884 1659 941 πειραταὶ
1673 890 1716 924 10

197 951 501 1008 λιχνευσᾶμενοι
521 953 667 1010 ἀφιᾶσι
686 954 763 1006 μὲν
784 953 887 1009 πρὸς
906 958 964 1012 τῷ
976 940 1120 1007 ’λιμένι
1144 952 1231 1007 ἅμα
1263 953 1370 1011 αὐτῇ
1387 950 1541 1008 τριήρει
1562 951 1662 1001 τούς

150 1033 181 1067 C
204 1024 296 1079 περὶ
329 1020 400 1064 τὸν
427 1019 708 1078 πατριάρχην,
746 1021 890 1078 ἀφιᾶσι
920 1023 966 1064 δὲ
993 1024 1059 1064 καὶ
1091 1021 1162 1065 τὸν
1179 1022 1365 1078 περιττὸν
1381 1019 1538 1079 φόρτον
1561 1021 1662 1063 ἐκεῖ·

197 1109 269 1134 νον
282 1123 296 1143 ,
333 1091 401 1133 καὶ
422 1088 478 1140 ὥς
509 1088 849 1146 προσμενούντων
871 1091 1106 1140 ἐλπίσαντες
1127 1091 1191 1144 (τὸ
1212 1090 1291 1147 γὰρ
1313 1094 1388 1134 τοῦ
1406 1087 1661 1147 πατριάρχου

195 1164 336 1215 σχῆμα
357 1163 469 1215 σφᾶς
488 1158 624 1202 ἔπειθε
643 1159 702 1215 μὴ
720 1159 793 1203 τὸν
814 1159 957 1215 ἀγεννῆ
978 1159 1164 1216 δρασμὸν
1180 1158 1346 1215 ἐννοεῖν)
1366 1158 1530 1216 ἀπτέρῳ
1549 1156 1663 1212 τάχει

197 1230 265 1271 καὶ
283 1229 500 1287 προθυμίᾳ
521 1229 586 1270 ἐπὶ
605 1227 680 1283 τὴν
696 1222 895 1284 φανεῖσαν
915 1226 1077 1284 ὥρμων.
1147 1232 1232 1271 τῶν
1254 1227 1299 1270 δ’
1324 1227 1403 1270 ἀπ’
1427 1226 1662 1284 ὀφθαλμῶν
1675 1228 1718 1263 15

195 1295 443 1354 γεγονότων,
482 1296 611 1346 εὐθὺς
635 1296 759 1339 κακὸν
791 1297 987 1351 ἐλπισμόν
1013 1298 1105 1353 περὶ
1138 1295 1295 1340 ἑαυτῶν
1318 1296 1466 1352 οἱπερὶ
1487 1295 1560 1338 τὸν
1580 1312 1662 1337 πα-

195 1363 394 1421 τριάρχην
410 1366 581 1419 ἔχοντες,
615 1367 651 1408 εἴ
668 1366 870 1408 ἒπισταῖεν
888 1367 954 1408 καὶ
974 1361 1113 1418 αὖθις,
1152 1364 1339 1422 δρασμὸν
1361 1366 1556 1408 ἐννοοῦσι.
1597 1365 1666 1406 καὶ

198 1434 251 1489 δὴ
270 1438 346 1489 τῆς
366 1434 464 1488 νηὸς
485 1432 713 1488 ἀποβάντες
734 1432 791 1484 ὥς
808 1432 915 1489 ε’ἶχον
934 1432 1081 1488 μόναις
1099 1438 1266 1484 στολαῖς
1285 1435 1352 1477 καὶ
1378 1431 1602 1487 βλαύταις,
1636 1426 1665 1489 ᾗ

200 1504 341 1546 ποδῶν
362 1500 482 1557 εἶχον,
511 1499 729 1558 φεύγουσιν
751 1502 830 1545 ἀνὰ
848 1500 1012 1559 κράτος,
1037 1500 1167 1546 πάτον
1185 1503 1260 1557 μὲν
1278 1499 1516 1558 ἀνθρώπων
1537 1501 1667 1544 ἀλεεί-

154 1583 183 1618 D
207 1588 366 1623 νοντες,
402 1569 611 1623 ἀτρίπτοις
635 1571 680 1612 δὲ
702 1572 974 1627 δυσχωρίαις,
1010 1571 1057 1613 τὸ
1085 1572 1159 1625 μὲν
1189 1572 1256 1613 καὶ
1276 1568 1443 1625 θελήσει
1467 1570 1514 1612 τὸ
1534 1570 1579 1612 δὲ
1598 1570 1721 1612 namo

178 1640 181 1642 ’
205 1643 263 1698 τῷ
283 1639 342 1694 μὴ
361 1637 508 1681 εἰδέναι
530 1637 634 1689 ὅλως
662 1643 751 1681 τῶν
762 1637 921 1693 τόπων,
949 1636 1068 1693 μόλις
1095 1638 1197 1694 μετὰ
1215 1639 1289 1694 τὴν
1310 1638 1463 1693 πολλὴν
1482 1642 1565 1682 τῶν
1588 1655 1666 1682 πο-

203 1798 310 1829 tatem
332 1805 400 1841 qua
422 1795 630 1831 venerationi
654 1798 728 1830 erat
749 1795 919 1839 omnibus,
942 1796 1031 1830 hunc
1054 1798 1150 1830 ratus
1172 1795 1301 1837 virum,
1323 1794 1527 1839 legationem
1550 1794 1583 1828 ei
1605 1793 1667 1828 de-

202 1841 340 1875 mandat
364 1840 408 1876 ad
429 1853 549 1886 reges,
579 1842 783 1892 praesertim
815 1846 928 1877 autem
957 1842 1001 1876 ad
1024 1841 1234 1884 Armenium,
1266 1845 1306 1875 ut
1335 1841 1414 1876 inde
1436 1851 1593 1886 sponsam
1614 1840 1668 1874 iu-

200 1886 290 1921 niori
326 1887 477 1932 Augusto
512 1888 670 1923 duceret..
712 1900 778 1934 quo
812 1888 1039 1929 assentiente,
1072 1887 1316 1933 magnificeque
1347 1887 1426 1921 inde
1456 1886 1524 1932 ipsi
1545 1890 1670 1931 parata

204 1932 324 1977 regiae
344 1933 523 1978 legationis
554 1935 763 1980 supellectile
796 1946 837 1969 ac
867 1946 1010 1980 pompa,
1039 1934 1138 1968 firma
1170 1939 1207 1968 et
1227 1934 1315 1967 bene
1335 1932 1504 1967 instructa
1525 1931 1670 1975 triremi,

206 1983 312 2012 vento
336 1990 358 2013 a
379 1980 485 2025 puppi
514 1991 676 2026 prospero
709 1980 814 2015 flante
833 1981 1030 2026 patriarcba
1050 1980 1163 2023 solvit,
1188 1979 1323 2014 ducem(
1337 1990 1452 2013 secum
1474 1978 1671 2013 monachum

207 2025 394 2058 eunuchum
418 2026 475 2070 qui
497 2026 700 2072 Neophytus
722 2027 920 2062 vocabatur.
963 2037 1079 2061 verum
1104 2026 1139 2060 hi
1161 2026 1253 2060 circa
1275 2026 1464 2060 Phocaeam
1484 2024 1522 2059 in
1542 2024 1672 2069 piratas

205 2069 376 2112 incidunt;
412 2072 470 2116 qui
492 2072 641 2107 redactis
662 2073 707 2107 iis
729 2073 764 2107 in
785 2076 1009 2118 potestatem,
1045 2084 1134 2119 quae
1165 2072 1315 2118 ipsorum
1340 2082 1428 2106 nave
1459 2070 1671 2111 serebantur,

206 2126 290 2160 opes
313 2115 535 2162 diripiebant,
567 2119 855 2165 decreverantque
886 2119 1040 2153 detinere
1062 2119 1176 2164 ipsos,
1208 2121 1248 2152 ut
1278 2117 1426 2164 prodere
1455 2128 1498 2151 ac
1526 2115 1672 2151 reddere

206 2166 370 2206 cogerent
392 2163 422 2196 si
444 2175 531 2208 quae
554 2165 755 2210 pretiosiora
776 2165 1045 2201 recondiderant.
1093 2176 1174 2199 ecce
1200 2167 1315 2199 autem
1336 2162 1525 2197 latronibus
1557 2162 1589 2196 ei
1610 2172 1672 2195 cn-

205 2218 268 2241 rae
291 2207 411 2242 defixis
432 2212 590 2254 apparuit
610 2211 644 2244 in
666 2212 749 2246 mari
772 2211 930 2247 oneraria
953 2211 1086 2257 multis,
1123 2214 1285 2256 quantum
1317 2208 1488 2244 aestimari
1510 2219 1532 2242 a
1553 2206 1673 2252 procul

207 2253 418 2288 intuentibus
448 2261 604 2301 poterat,
640 2259 794 2292 conferta
827 2258 1007 2293 mercibus.
1053 2258 1154 2291 tracti
1183 2268 1264 2302 ergo
1294 2255 1458 2291 aviditate
1490 2258 1608 2287 certae
1629 2263 1672 2286 ac

209 2299 376 2333 uberioris
407 2301 555 2345 praedae
585 2303 718 2347 piratae
747 2304 918 2339 triremem
948 2305 983 2338 in
1009 2307 1111 2350 portu
1136 2303 1311 2349 linquunt,
1344 2303 1381 2334 et
1400 2299 1436 2333 in
1459 2309 1500 2332 ea
1523 2297 1673 2344 patriar-

209 2345 306 2378 cham
328 2357 402 2379 cum
425 2346 482 2380 illa
505 2348 642 2392 copiosa
665 2350 887 2395 supellectili,
911 2349 1070 2384 arbitrati
1092 2361 1112 2384 e
1134 2349 1307 2394 gravitate
1329 2345 1396 2380 viri
1417 2354 1673 2390 permansurum

207 2390 256 2424 ibi
280 2402 355 2425 eum
377 2392 454 2426 dum
478 2394 640 2436 redirent,
663 2407 726 2429 nec
747 2395 960 2430 inducturum
985 2396 1021 2430 in
1043 2395 1198 2436 animum,
1222 2393 1281 2439 qui
1301 2402 1405 2437 equos
1428 2402 1494 2425 non
1517 2390 1672 2432 haberet,

207 2436 350 2482 pedibus
374 2442 413 2471 ut
435 2437 510 2472 vilis
533 2444 567 2473 et
590 2441 744 2485 ignobilis
767 2441 957 2486 quispiam,
981 2451 1145 2476 exscensn
1166 2440 1203 2473 in
1225 2443 1350 2473 terram
1373 2439 1467 2471 facto
1489 2436 1671 2481 diffugere.

208 2482 272 2516 tali
304 2483 447 2526 fiducia,
479 2490 608 2530 quanta
638 2487 780 2521 maxima
811 2487 992 2521 velocitate
1022 2489 1162 2520 valuere
1182 2486 1342 2530 impetum
1364 2483 1400 2517 in
1422 2482 1531 2517 visam
1552 2493 1675 2516 onera-

209 2528 295 2562 riam
318 2530 448 2564 faciunt
502 2531 555 2565 his
578 2532 627 2566 sic
649 2544 671 2567 a
694 2537 875 2577 conspectu
899 2532 1031 2574 amotis,
1057 2531 1253 2577 patriarcha
1274 2542 1348 2564 cum
1371 2528 1442 2564 suis
1462 2528 1580 2574 peiora
1602 2539 1675 2562 me-

211 2576 367 2617 tuentes,
391 2575 422 2610 si
444 2587 560 2611 rursus
584 2579 647 2612 sub
675 2578 965 2623 rapacissimorum
989 2578 1154 2611 hominum
1177 2577 1354 2611 arbitrium
1376 2574 1545 2618 venirent,
1568 2585 1678 2620 expe-

211 2619 288 2654 dire
310 2621 424 2665 fugam
447 2624 622 2665 statuunt,
655 2624 851 2670 triremique
884 2624 1007 2669 raptim
1030 2623 1224 2657 desilientes
1247 2623 1284 2656 in
1307 2623 1423 2663 littus,
1457 2620 1494 2654 in
1516 2620 1613 2654 stolis
1635 2622 1675 2654 ut

213 2669 313 2700 erant
334 2667 470 2712 singuli,
495 2680 536 2703 ac
559 2669 727 2714 crepidiS,
749 2674 790 2704 ut
815 2669 960 2716 quisque
981 2669 1123 2704 maxime
1144 2668 1288 2714 pedibus
1310 2667 1427 2707 valuit,
1450 2677 1551 2700 cursu
1573 2676 1674 2712 quam

211 2711 444 2748 incitatissimo
466 2714 581 2758 fugam
605 2715 791 2759 arripiunt,
813 2717 915 2751 tritas
937 2719 973 2750 et
995 2714 1151 2759 vestigiis
1172 2715 1324 2759 signatas
1347 2713 1554 2747 declinantes
1575 2711 1674 2746 serni-

214 2760 280 2798 tas,
305 2770 428 2804 aspera
450 2763 489 2794 et
508 2760 598 2795 invia
621 2762 697 2795 loca
719 2766 911 2805 sectantes,
938 2761 1062 2807 partim
1085 2761 1237 2802 consilio,
1254 2769 1304 2794 ne
1329 2759 1676 2810 deprehenderent-uf,

215 2803 339 2847 partim
368 2805 560 2850 ignorantia
591 2807 750 2842 locorum.
798 2807 850 2842 ita
881 2812 959 2854 post
988 2807 1125 2842 multam
1156 2807 1199 2841 ad
1231 2806 1355 2853 stirpes
1387 2810 1423 2840 et
1457 2816 1542 2840 saxa
1577 2804 1676 2838 obm
