1858 3126
280 171 377 221 464
627 174 634 187 ³
679 171 931 216 GEORGII
964 173 1309 224 PAGHYMFms
1350 187 1377 222 ,·

279 284 497 345 λατρεύητε
528 283 750 342 πνεύματι,
795 287 863 330 καὶ
880 280 1151 331 ’κατὰ-τοῦτο
1177 288 1369 342 μισοῒσθ’
1404 288 1454 335 ἂν
1483 289 1662 338 δικαίως.
1701 283 1727 343 ἦ

276 357 380 415 yde,-
415 355 464 400 οὗ
485 355 584 413 λέγει
612 357 730 399 ταυτὶ
761 352 964 413 ἇριδήλως
990 353 1013 399 ὅ
1032 356 1134 413 πρὸς
1152 361 1204 414 τῇ
1221 358 1430 418 μαθητείᾳ
1445 362 1521 401 τοῦ
1545 362 1604 418 τῷ
1620 361 1730 414 Χρι-

277 432 364 486 στῷ
387 424 650 483 ἠγαπημένον
682 426 750 468 καὶ
773 426 986 484 μαρτυρίῳ
1013 426 1299 482 τετιμημένος,
1342 425 1370 471 ὅ
1394 425 1602 485 θεοφόρος
1616 427 1730 483 οἶμαι

277 498 343 539 καὶ
365 495 416 538 τὰ
437 499 535 538 θεῖα
557 493 687 552 σοφὸς
703 491 918 551 Ἰγνάτιος,·
953 493 978 550 ἢ
998 492 1226 550 βούλεσθε,
1263 498 1330 540 καὶ
1357 497 1728 556 ἄναγινωσκομίνου

228 574 260 608 D
285 570 358 610 τοῦ
387 561 509 620 λόγου
529 561 726 607 ἀκούοιτε.
792 565 863 606 ’ἵνα
885 565 926 607 τί
945 569 1042 621 γοῦν
1075 565 1289 622 ἄνθρωποι
1312 571 1399 627 θεῷ
1421 568 1496 622 μὲν
1527 572 1762 625 affluam-5

275 635 388 691 μένοι
409 633 534 690 ἀρετῇ
555 634 600 676 δὲ
621 631 909 689 προσέχοντες,
941 636 1007 676 καὶ
1030 635 1196 691 προσέτι
1216 635 1341 679 οἱονεί
1355 653 1446 680 τινα
1464 634 1655 691 abinaam
1670 654 1733 681 τι·

224 699 228 703 '
275 722 340 755 νες
371 707 453 746 τῶν
485 706 560 745 τοῦ
598 705 787 758 Χριστοῦ
825 700 1086 757 παθημάτων
1127 705 1170 746 ἓν
1195 709 1247 761 τῇ
1277 706 1398 759 σαρκὶ
1435 705 1730 763 περιφέροντες,

274 776 473 817 τοσοῦτον
503 771 688 814 κίνδυνον
718 770 1009 827 ἀναρρίπτετες
1045 774 1159 816 δυοῖν
1180 773 1260 830 γὰρ
1287 771 1439 830 ἀνάγκη
1457 771 1585 828 μόνον
1603 773 1734 818 θάτε-

276 860 348 897 ρον
376 839 574 896 αὔταρκες
607 836 796 883 τοιούτου
825 837 1013 884 κινδύνου
1040 839 1149 895 ὑμᾶς
1177 842 1447 898 ἐξαιρεῖσθαι,
1483 841 1510 897 ἢ
1534 843 1582 886 τὸ
1603 845 1733 895 δεῖξαι

273 906 301 970 ᾗ
321 907 371 965 δή
395 926 470 952 τινι
489 909 678 968 ἐκκλησίᾳ
698 906 1103 965 προσεσχηκότες.ἔπ’
1124 911 1272 962 αἰτίαις
1290 909 1468 968 εὐλόγοις
1483 913 1550 954 καὶ
1570 922 1733 968 nasove-i
1743 916 1787 951 10

277 984 357 1030 κῶς
385 977 501 1034 ἡμῶν
522 978 707 1032 σχίζεσθε
719 1009 732 1030 ,
770 977 794 1032 ἢ
816 978 862 1020 τὸ
884 982 1020 1021 πᾶσαν
1047 976 1234 1030 εἰακότας
1253 981 1540 1037 σμικρολογίαν
1562 985 1614 1038 τῇ
1634 979 1734 1036 ἦμε-

276 1049 374 1109 τέρᾳ
396 1045 526 1104 ταύτῃ
549 1046 600 1101 δὴ
625 1047 692 1089 καὶ
715 1050 917 1103 καθολικῇ
937 1045 1135 1090 ἕνοῢσθαι
1163 1046 1380 1102 βούλεσθε.
1447 1050 1484 1092 εἲ
1501 1050 1546 1092 δὲ
1569 1050 1616 1092 τὸ
1638 1047 1733 1093 dni-

140 1121 167 1155 P
190 1119 256 1156 324
282 1135 400 1175 τερον
430 1115 507 1170 οὐχ
536 1115 741 1172 αἱρεῖσθε,
776 1115 822 1158 τὸ
853 1113 1050 1173 πρότερον
1071 1117 1239 1167 δείξατε.
1307 1119 1373 1160 καὶ
1390 1118 1426 1160 εἲ
1442 1118 1501 1171 μὴ
1519 1118 1732 1173 ἐκκλησίαν

274 1188 380 1243 ἔχετε
409 1186 560 1237 δεῖξαι,
607 1182 703 1227 ἀλλ’
743 1183 770 1240 ἢ
809 1183 994 1241 ἀρχιερέα
1024 1184 1124 1235 τέως
1161 1185 1297 1228 εἴπατε
1317 1217 1330 1237 ,
1367 1184 1472 1241 παρ’
1502 1179 1551 1228 οὗ
1579 1185 1632 1241 δὴ
1663 1187 1732 1228 καὶ

273 1254 449 1310 συνοχὴν
467 1251 628 1303 ἑαυτοῖς
637 1285 651 1307 ,
689 1250 745 1303 ὥς
765 1252 822 1309 μὴ
841 1254 1059 1310 διαρρυῆτε
1074 1253 1133 1310 μὴ
1152 1253 1300 1307 δεσμὸν
1317 1253 1475 1309 ἔχοντες
1487 1286 1501 1307 ,
1537 1254 1730 1298 ἓπικατα-
1743 1260 1786 1296 15

275 1322 476 1378 σκευάζειν
498 1322 804 1380 διισχυρίζεσθε.
875 1322 1011 1379 γέγονέ
1025 1339 1122 1373 ποτε
1143 1327 1290 1376 τοῦτο,
1325 1324 1393 1367 καὶ
1415 1322 1498 1379 ἤδη
1518 1326 1732 1382 θαρροῦν-

275 1464 393 1505 pterea
414 1457 504 1492 iusta
526 1456 692 1491 hominum
726 1456 790 1490 deo
817 1455 884 1491 rite
905 1456 1122 1492 servientium
1151 1457 1185 1491 in
1220 1469 1279 1492 vos
1302 1456 1379 1492 odia
1394 1456 1553 1492 vertatis.
1599 1467 1642 1491 au
1666 1467 1732 1491 uon

272 1507 336 1539 hoc
359 1503 445 1539 enim
469 1503 594 1537 diserte
616 1501 800 1548 periculum
823 1502 969 1537 intentat
985 1510 1019 1537 et
1034 1503 1182 1538 inculcat
1203 1503 1362 1538 monitum
1385 1502 1523 1537 idoneus
1548 1501 1646 1548 plane
1669 1513 1730 1536 au-

272 1556 359 1591 ctor,
384 1549 511 1595 quippe
534 1548 592 1593 qui
614 1552 851 1593 praeterquam
874 1549 1004 1583 Christi
1035 1549 1219 1594 discipulus
1246 1550 1401 1594 idemque
1434 1547 1602 1593 magistri·
1616 1551 1733 1582 aman-

271 1595 420 1630 tissimus
442 1594 549 1627 fuisse
570 1593 740 1633 noscitur,
776 1593 879 1627 etiam
902 1595 1056 1639 martyrii
1077 1599 1186 1628 morte
1208 1594 1426 1629 consummati
1446 1593 1731 1628 commendatione

270 1641 471 1686 dignitatem
493 1638 796 1684 auctoritatemque
819 1639 1014 1683 obsignavit
1036 1651 1149 1682 suam,
1172 1640 1279 1674 deifer
1301 1639 1458 1675 videlicet
1478 1650 1520 1674 ac
1541 1638 1731 1673 divinorum

273 1685 540 1733 sapientissimus
562 1684 735 1730 Ignatius3
770 1685 863 1719 cuius
887 1686 949 1720 hac
971 1685 1014 1719 de
1037 1697 1076 1721 re
1097 1685 1346 1729 testimonium,
1379 1695 1527 1731 quaeso,
1549 1684 1667 1719 audire
1687 1695 1731 1718 ue

271 1731 469 1779 gravemini,
493 1731 570 1766 dum
593 1730 717 1776 legitur
727 1755 875 1766 .....
901 1757 912 1775 s
936 1754 1085 1766 .....
1111 1743 1269 1775 quorsum
1290 1731 1395 1776 igitur
1417 1741 1499 1773 vos,
1522 1730 1672 1765 homines
1694 1735 1732 1764 et

273 1781 336 1814 deo
360 1777 544 1812 consecrati
566 1782 602 1811 et
626 1775 745 1814 >studio
767 1776 871 1811 dediti
893 1776 1048 1819 virtutis,
1071 1785 1318 1823 praetereaque
1338 1777 1491 1821 symbola
1511 1776 1607 1810 velut
1650 1787 1731 1810 uae·

273 1826 349 1861 dam
366 1823 497 1859 Christi
518 1822 767 1870 perpessionum
789 1822 825 1857 in
849 1834 952 1858 carne
969 1829 1087 1858 vestra
1108 1823 1394 1864 circumferentes,
1408 1825 1525 1857 tantae
1547 1821 1599 1856 rei
1621 1833 1643 1856 a
1656 1832 1730 1855 eam

271 1872 403 1913 iacifis,
432 1874 502 1904 tam
532 1867 708 1916 praecipiti
743 1868 926 1904 discrimini
956 1880 1020 1903 non
1043 1869 1205 1904 dubitatis
1226 1872 1372 1904 vestram
1394 1871 1566 1903 aeternam
1588 1867 1732 1902 salutem

273 1917 471 1964 exponere?
493 1915 633 1950 duorum
657 1914 823 1949 enimvero
845 1916 987 1950 alterum
1009 1915 1109 1950 video
1132 1927 1207 1949 esse
1229 1923 1368 1950 necesse
1416 1914 1557 1948 matari
1579 1925 1600 1948 a
1622 1912 1732 1954 vobis,

274 1969 313 1999 ut
343 1963 457 2009 aliqua
487 1960 663 1996 verisimili
689 1960 816 1995 fiducia
844 1972 985 1996 securae
1014 1961 1048 1995 in
1079 1961 1140 1996 tali
1169 1965 1262 1996 statu
1285 1959 1510 1995 conscientiae
1533 1959 1595 1994 uiti
1614 1959 1731 2002 videa·

275 2009 367 2051 mini,
390 2020 508 2054 nempe
530 2012 570 2042 ut
591 2006 647 2041 vel
667 2006 913 2048 demonstretis,
938 2006 1067 2042 cuinam
1090 2006 1248 2042 uniamini
1270 2006 1446 2048 ecclesiae,
1466 2005 1656 2052 quibusque
1677 2004 1733 2039 iu-

276 2055 339 2090 stis
364 2060 399 2089 et
422 2052 591 2089 canonicis
614 2053 657 2087 de
681 2052 791 2087 causis
811 2053 877 2088 rite
899 2065 941 2088 ac
961 2065 1055 2088 more
1076 2053 1236 2088 maiorum
1259 2057 1407 2088 nostram
1430 2052 1516 2086 hauc
1530 2049 1732 2097 repudietis,

276 2101 352 2136 vice
367 2109 371 2113 '
385 2101 480 2134 huius
511 2099 567 2133 isti
598 2098 824 2145 qualicunque
846 2099 1096 2144 praeeligentes
1124 2100 1313 2134 adhaerere
1333 2097 1450 2142 alteri,
1481 2097 1536 2132 vel
1557 2097 1589 2132 si
1610 2095 1646 2131 id
1669 2095 1731 2130 de-

276 2152 463 2180 monstrare
493 2157 560 2180 non
590 2145 754 2191 potestis,
781 2144 904 2180 omisso
938 2157 1099 2180 vanorum
1130 2146 1270 2180 obtentu
1301 2148 1559 2190 praetextuum,
1593 2146 1731 2183 nostrae

277 2191 356 2226 huic
386 2191 510 2238 quippe
541 2191 722 2226 universali
753 2203 795 2226 ac
823 2203 904 2226 vere
935 2192 1122 2226 catholicae
1142 2191 1268 2226 reuniri
1289 2189 1402 2225 velitis
1423 2189 1598 2226 ecclesiae.
1641 2197 1728 2232 quo-

274 2249 346 2271 rum
371 2237 398 2271 si
422 2238 486 2271 hoc
509 2237 687 2271 secundum
707 2249 770 2271 non
793 2237 925 2282 eligitis,
948 2250 1012 2283 age
1034 2250 1127 2279 sane,
1153 2238 1246 2283 prius
1267 2237 1347 2271 illud
1371 2235 1550 2272 ostendite.
1593 2232 1645 2267 sin
1666 2243 1728 2266 ex-

274 2283 386 2328 cipitis
408 2283 582 2316 ecclesiam
615 2283 669 2316 cui
697 2283 846 2317 devincti
875 2283 951 2317 sitis
982 2287 1170 2318 monstrare
1191 2294 1252 2317 vos
1273 2294 1340 2318 non
1362 2293 1473 2333 posse,
1495 2281 1613 2314 saltem
1637 2276 1729 2312 anti-

273 2329 384 2363 stitem
410 2329 463 2362 cui
485 2328 651 2371 subestis,
681 2328 830 2363 indicare
863 2340 905 2363 ne
936 2329 1146 2364 cunctemini.
1191 2341 1257 2363 nou
1286 2329 1371 2363 enim
1393 2335 1551 2361 recusare
1571 2322 1674 2365 vobis,
1692 2323 1727 2357 id

273 2374 408 2420 quidem
439 2375 493 2408 sas
516 2379 589 2417 est,
626 2374 780 2419 quoniam
803 2374 865 2408 nisi
886 2381 989 2420 caput
1011 2374 1191 2410 ostenditis
1213 2374 1269 2408 cui
1298 2373 1346 2407 uti
1377 2372 1524 2406 membr·
1546 2370 1728 2404 subnecta-

273 2419 374 2460 mini,
405 2426 602 2464 argumento
632 2419 757 2454 caretis
789 2431 855 2465 quo
890 2420 1144 2456 continuitatem
1167 2420 1311 2465 probare
1331 2423 1477 2452 vestram
1502 2426 1576 2450 cum
1601 2413 1728 2449 Christi

274 2477 416 2511 corpore
447 2464 605 2509 possim,
639 2465 836 2510 omninoque
867 2466 970 2499 fateri
1002 2465 1159 2511 cogimini
1187 2465 1314 2500 solutos
1347 2474 1407 2497 vos
1429 2474 1517 2498 nexu
1541 2460 1728 2495 catholicae

275 2510 427 2553 unitatis,
442 2510 534 2544 velut
556 2510 724 2545 abscissos
748 2514 842 2544 artus
863 2522 925 2544 nee
948 2511 1010 2546 iarn
1035 2522 1169 2546 succum
1192 2522 1233 2545 ac
1254 2508 1408 2554 spiritum
1431 2520 1452 2543 e
1473 2506 1544 2542 vivi
1566 2517 1729 2552 compage

275 2556 426 2602 corporis
448 2557 634 2596 trahentes,
654 2555 784 2589 vinculo
808 2556 953 2600 quippe,
973 2568 1039 2600 quo
1063 2556 1094 2590 ei
1116 2555 1424 2595 committebantur,
1455 2553 1616 2588 diffracto
1640 2551 1730 2586 cari-

274 2605 380 2646 tatis,
414 2612 584 2647 exangues
618 2603 653 2635 et
678 2601 749 2634 tabi
772 2600 897 2634 vicinos
920 2601 1085 2635 diffluere.
1132 2602 1234 2645 agite,
1257 2600 1430 2634 adstamus
1453 2598 1565 2645 parati
1587 2597 1727 2632 audiree

275 2649 431 2695 proferre
460 2659 503 2683 ne
533 2646 665 2694 pigeat,
697 2646 727 2680 si
760 2645 840 2691 quid
874 2646 1004 2680 habetis
1025 2646 1068 2680 ad
1092 2658 1161 2680 rem
1187 2650 1314 2691 aptum.
1359 2645 1466 2680 fuitne
1487 2645 1552 2680 hoc
1573 2654 1728 2690 umquam

274 2695 451 2740 probatum
473 2694 509 2729 in
526 2692 673 2732 ,ecclesia
696 2691 900 2736 exemplum,
935 2692 1100 2726 hominum
1133 2702 1310 2737 paucorum
1343 2702 1423 2726 suas
1446 2691 1512 2726 sibi
1534 2702 1591 2725 res
1614 2688 1728 2735 priva-

275 2741 336 2776 tim
359 2739 572 2782 habentium,
603 2737 661 2784 qui
693 2749 766 2772 cum
795 2737 976 2772 ostendere
1007 2737 1186 2784 nequirent
1216 2737 1269 2771 cui
1289 2737 1474 2779 ecclesiae,
1503 2736 1556 2771 cui
1580 2732 1728 2781 praesuli

276 2785 570 2826 communicarent,
584 2783 770 2819 Christiani
786 2786 898 2818 tamen
913 2783 1134 2830 catholicique
1150 2784 1392 2819 censerentur?
1413 2783 1587 2824 audacter,
1611 2780 1728 2815 adiuro

277 2844 347 2875 vos,
378 2832 500 2867 dicite:
533 2831 759 2868 demonstrate
792 2829 883 2876 quod
912 2834 968 2865 est
993 2841 1099 2876 opus,
1129 2829 1159 2865 si
1189 2830 1344 2876 potestis.
1391 2830 1481 2865 forte
1509 2838 1670 2874 magnum.
1691 2828 1728 2859 et
