1858 3126
493 154 497 160 “
563 157 681 202 .1.1B.
710 156 746 203 1.
814 156 1175 204 GLOSSARIUM.
1499 160 1598 208 689

588 267 734 304 Graeci
762 270 1010 320 cognominis
1035 281 1116 307 usu

368 319 436 358 hic
460 321 686 361 caniclinus
708 331 807 364 erat.
864 323 979 363 nobis
1005 325 1253 364 cameran‘ue
1273 322 1378 364 idem

368 390 449 414 ease
477 384 620 428 potest.

153 435 215 468 est
245 430 289 468 in
320 431 453 470 eadem
475 434 669 472 sententia
688 435 946 488 Spelmannus
967 434 1011 473 in
1031 435 1322 488 Archaeologo,
1352 436 1472 475 verbo
1493 451 1590 477 cm-

152 486 342 524 cellarius
371 493 412 525 et
443 490 682 531 caniclinus,
739 491 894 530 videtur
914 491 1017 530 idem
1038 492 1268 531 confirmare
1287 492 1440 532 Nicetas
1457 493 1484 531 l.
1502 497 1531 536 2
1547 495 1590 533 in

150 541 310 591 Alexio,
349 542 442 582 dum
473 543 523 582 de
550 545 683 585 officio
710 546 897 598 praefecti
929 547 1103 587 canicleo
1135 547 1295 597 scribit,
1324 549 1588 589 existimatum
1610 562 1639 596 p
1662 562 1728 598 435

149 597 195 636 id
221 597 341 637 fuisse
367 612 538 638 summae
565 603 671 654 apud
697 602 968 655 imperatorem
985 610 1054 641 aut
1069 603 1140 642 sub
1161 604 1396 656 imperatore
1413 612 1588 656 potesta-

149 652 219 692 tis.
273 652 394 691 verba
422 655 505 693 eius
532 663 646 696 sunt:
676 656 784 707 παριὶ
803 660 957 711 βασιλεῖ
972 655 1172 700 δύνασθαι
1191 658 1239 700 τοὶ
1258 657 1391 701 πάντα
1407 658 1588 714 οἰόμενος

148 705 194 749 vd
214 705 287 759 μὲν
305 708 370 750 ἐπὶ
386 713 460 750 τοῦ
479 714 701 754 κανικλείου
721 710 925 764 σ’φφίκιον.
954 715 1060 767 quod
1078 716 1142 754 cui
1159 715 1279 767 magis
1297 730 1415 768 quam
1431 721 1586 769 magni,

148 769 195 802 ut
227 777 300 803 nos
328 765 549 817 loquimur,
577 770 808 807 cancellarii
827 770 958 809 officio
977 773 1206 821 conveniat,
1237 785 1318 810 nou
1342 773 1480 811 video:
1507 773 1586 812 hoc

148 819 251 858 enim
269 820 337 871 qui
355 829 523 872 exercet,
546 837 654 863 mens
672 826 798 864 veluti
815 833 855 864 et
870 840 1008 865 manus
1028 834 1085 866 est
1099 827 1306 880 principis.
1334 830 1586 871 κανικλείονα

147 889 226 914 uno
248 876 454 928 vocabulo,
480 881 753 931 camdenum,
779 881 855 920 isto
874 883 1096 933 fungentem
1115 884 1345 934 magistratu
1362 885 1492 923 virum
1514 899 1585 938 ap-

144 931 334 983 pellatum
354 933 524 973 affirmat
534 936 779 988 Gregentius.
812 951 928 989 agens
940 940 1041 977 enim
1060 940 1110 978 de
1127 940 1296 991 quodam
1306 940 1458 990 Herba,
1486 955 1583 993 pro-

144 987 236 1025 bato
269 994 310 1027 et
338 1001 429 1028 caro
461 990 708 1043 imperatori,
739 993 806 1044 qui
832 1001 871 1032 et
898 994 1007 1033 hunc
1037 1008 1058 1034 e
1087 1009 1198 1034 sacro
1218 996 1327 1034 fonte
1344 1004 1585 1048 susceperat,

144 1043 201 1082 ait
223 1056 311 1082 eum
339 1058 362 1082 a
389 1046 548 1085 favente
570 1048 646 1100 ipsi
664 1049 841 1100 Augusto
863 1057 1091 1102 cooptatum
1110 1052 1153 1089 in
1171 1058 1350 1090 senatum
1372 1058 1413 1091 et
1432 1053 1584 1093 factum

141 1097 432 1152 ὖπεκκλησίονα
451 1101 798 1154 leffe-eclesiarum,
823 1107 1002 1157 qualem,
1030 1113 1076 1145 ut
1096 1107 1227 1157 addit,
1255 1109 1434 1146 Romani
1444 1111 1583 1160 patri-

143 1156 250 1193 cium
276 1163 312 1193 et
339 1159 599 1198 canicleonem
629 1162 846 1212 appellunt.
902 1162 973 1204 ἕνα
1000 1166 1072 1215 τῆς
1093 1160 1311 1216 συγκλήτου
1330 1166 1471 1205 τοῦτον
1488 1161 1583 1205 εἰπέ-

142 1225 266 1262 φηνε,
295 1209 587 1266 damnandam
606 1213 727 1258 αὐτόν
743 1214 935 1270 ποιήσας,
964 1215 1013 1259 ὃν
1031 1219 1073 1259 οἱ
1089 1217 1271 1270 Ῥωμαῖοι
1287 1220 1494 1273 πατρίκιον
1512 1220 1583 1262 καὶ

140 1268 391 1308 manatione
416 1268 763 1324 προσαγορεύουσι.
820 1273 890 1312 ubi
916 1274 1039 1312 obiter
1061 1273 1249 1314 habemus
1270 1288 1355 1313 non
1381 1289 1582 1315 memora-

139 1328 226 1360 tum
244 1323 339 1360 alibi
355 1325 601 1376 magistratus
617 1327 734 1367 huius
753 1342 894 1368 nomen
916 1328 1220 1381 ὗπεκκλησίονα.
1277 1330 1326 1369 de
1351 1337 1482 1383 etymo
1507 1346 1581 1371 vo-

141 1377 272 1416 cabuli
292 1377 431 1429 huius,
457 1382 536 1419 nisi
563 1389 621 1421 est
639 1397 661 1420 a
680 1384 817 1422 Latina
838 1398 935 1423 voce
956 1386 1136 1434 cancelli,
1165 1386 1272 1425 unde
1289 1388 1579 1426 cancellarium

139 1433 279 1472 merito
295 1435 554 1486 spelmannus
572 1439 753 1488 deducit,
777 1440 968 1480 rationem
984 1441 1144 1493 originis
1162 1442 1382 1495 explicam,
1411 1445 1579 1497 ampli-

138 1490 401 1540 quaerendum
420 1499 531 1544 puto.

250 1541 420 1594 Κᾶνις
445 1562 485 1600 p.
501 1549 583 1591 456
601 1563 640 1588 v.
662 1554 727 1592 11.
783 1551 832 1590 de
858 1565 958 1591 voce
987 1548 1116 1601 Κᾶνις
1145 1559 1236 1604 aut,
1264 1560 1310 1593 ut
1330 1553 1423 1592 alibi
1442 1561 1579 1595 noster

136 1599 274 1639 scribit
290 1597 443 1654 Κάνης,
472 1604 556 1643 dixi
576 1606 762 1656 quaedam
783 1608 981 1647 Glossario
1000 1609 1138 1661 priori.
1192 1609 1240 1648 iis
1258 1623 1366 1649 nunc
1383 1609 1480 1649 haec
1498 1610 1577 1649 ha..

135 1655 211 1694 heo
230 1670 328 1708 quae
347 1658 499 1700 addam.
538 1661 796 1701 animadverti
818 1665 859 1701 in
877 1664 1072 1703 Chronico
1093 1665 1258 1704 Arabico
1277 1666 1575 1718 Abulpharagii,

134 1712 241 1751 ‘unde
258 1713 480 1754 universam
496 1715 649 1769 imperii
664 1718 929 1759 Tocharorum
950 1721 1136 1772 Mogulici
1153 1721 1458 1772 chronologiam,
1478 1735 1574 1772 qua-

135 1774 251 1806 tenus
276 1769 328 1807 ad
355 1771 680 1823 Pachymerianae
710 1774 897 1815 historiae
919 1777 1226 1816 illustrationem
1246 1777 1441 1829 pertinet,
1469 1777 1574 1815 infe-

135 1822 219 1861 rius
246 1824 350 1863 libro
376 1825 517 1866 harum
546 1829 876 1870 Observationum
901 1836 928 1874 3
957 1846 990 1872 c.
1019 1835 1046 1874 7
1075 1832 1267 1883 digeram,
1296 1832 1569 1882 animadverti,

134 1878 307 1928 inquam,
336 1880 533 1932 duplicem
552 1884 595 1922 in
614 1899 688 1923 usu
706 1887 963 1926 Orientalium
979 1888 1151 1938 gentium
1172 1887 1302 1926 affinis
1323 1887 1411 1925 soni
1429 1901 1571 1928 vocem

136 1933 256 1972 fuisse
278 1947 480 1986 supremae
500 1938 756 1979 indicativam
776 1944 998 1991 potestatis,
1028 1957 1192 1993 quarum
1215 1944 1335 1980 altera
1356 1943 1572 1982 communis

134 1988 323 2027 Tocharis
343 2003 432 2029 cum
450 1993 855 2041 Praesteiannensibus
875 2004 911 2035 et
929 1998 1164 2047 Sinensibus,
1193 1998 1267 2035 alia
1284 1998 1571 2048 Mogulensium

134 2044 214 2082 fuit
240 2046 412 2097 propria.
467 2060 584 2087 voces
605 2049 679 2088 hae
701 2059 792 2090 sunt
816 2053 930 2090 Cizan
954 2059 994 2090 et
1015 2055 1145 2091 Kaan.
1201 2053 1334 2104 priore
1361 2053 1570 2104 insignitus

133 2100 279 2150 legitur
305 2101 372 2152 qui
399 2102 564 2142 ultimus
590 2105 624 2142 ei
652 2107 822 2157 praefuit
844 2108 1010 2158 imperio
1039 2108 1146 2159 quod
1171 2109 1390 2160 presbyteri
1408 2110 1567 2150 Ioannis

131 2156 425 2207 appellabatur3
456 2171 505 2196 ex
533 2159 645 2198 cuius
671 2163 872 2200 eversione
896 2164 1134 2213 Mogulicum
1163 2170 1292 2203 ortum
1320 2171 1390 2204 est.
1445 2167 1568 2205 refert

132 2212 235 2249 enim
258 2213 567 2265 Abulpharagius
587 2222 804 2256 extremum
822 2218 936 2256 illum
955 2219 1142 2257 Ioannem
1161 2220 1282 2258 fuisse
1299 2220 1460 2272 proprio
1484 2235 1566 2260 vo·-

131 2267 271 2307 cabulo
308 2270 538 2320 Ung-Clzan
563 2273 814 2323 appellatum.
867 2273 977 2312 hunc
1000 2275 1065 2326 qui
1090 2275 1236 2314 occidit
1256 2276 1415 2327 eiusque
1435 2290 1566 2316 occu-

130 2324 245 2375 pavit
274 2326 412 2363 solium
450 2327 686 2366 Tamuiinue
716 2330 885 2380 primum
914 2330 1067 2380 dictus,
1104 2344 1209 2370 novo
1242 2332 1382 2371 deinde
1412 2332 1563 2372 adscito

135 2380 282 2430 Gingiz
300 2381 451 2419 nomini
472 2383 624 2420 Cltanie
639 2385 993 2424 nomenclationem
1015 2393 1061 2424 ut
1080 2387 1190 2438 regui
1206 2387 1376 2426 indicem
1392 2389 1562 2436 addidit,

132 2434 450 2475 Ginhiz-Chanes
479 2446 742 2491 nuncupatus.
796 2440 913 2480 huius
933 2442 1040 2479 filius
1060 2449 1100 2480 et
1115 2442 1250 2482 haeres
1265 2444 1376 2496 prius
1396 2451 1560 2483 vocatus

135 2491 280 2541 Ogtai,
310 2494 466 2531 Kaanis
496 2494 540 2533 iu
567 2496 753 2547 auspiciis
780 2498 890 2547 regni
912 2497 1148 2536 vocabulum
1178 2500 1349 2552 accepit,
1386 2500 1493 2551 quod
1519 2505 1560 2538 et

129 2544 282 2585 illustre
298 2549 471 2587 reddidit
487 2551 603 2601 gestis
618 2552 731 2590 rebus
749 2554 998 2604 victoriisque
1015 2554 1248 2594 clarissimis.
1301 2555 1394 2594 inde
1409 2557 1558 2594 sactum

129 2607 227 2651 puto
255 2609 300 2641 ut
332 2605 490 2655 quidam
521 2607 601 2645 eius
626 2615 869 2659 posterorum
896 2623 1038 2648 nomen
1067 2610 1167 2648 illud
1191 2624 1264 2664 pro
1285 2612 1393 2662 regni
1415 2611 1558 2659 insigni

129 2666 375 2708 usurparent.
433 2661 523 2700 dico
561 2664 742 2714 quidam:
777 2679 857 2703 non
885 2666 986 2704 enim
1016 2679 1172 2716 omnes,
1208 2680 1298 2705 cum
1335 2667 1402 2717 qui
1432 2665 1559 2704 Kaani

126 2708 223 2747 huic
248 2713 324 2764 ipsi
349 2711 503 2766 ἆμέσως
526 2721 712 2758 successit
734 2721 815 2759 eius
835 2720 941 2760 filius
960 2721 1190 2774 Cayuchus‚
1216 2737 1297 2761 non
1315 2723 1471 2760 Kaam's
1490 2721 1560 2760 sed

132 2765 282 2804 Cleonis
308 2772 561 2822 appendicem
582 2774 624 2812 in
647 2776 802 2828 imperii
819 2783 952 2817 notam
975 2778 1133 2831 pu'vato
1151 2779 1302 2818 nomini
1321 2777 1556 2826 adiunxerit,

181 2826 352 2874 Georgius
375 2831 594 2876 Paula-maeres
621 2835 669 2868 11.
1230 2833 1285 2874 44
