1858 3126
55 460 71 481 δ

308 136 384 179 DE
417 133 742 178 ANDRONICO
768 132 1135 176 PALAEOLOGO
1170 134 1217 176 L.
1242 132 1337 176 vn.
1473 133 1571 179 629

130 246 391 305 πολισμάτων
424 254 658 302 κατασχεῖν,
700 245 774 290 οὒκ
798 245 943 289 ἀπέλυε
974 245 1069 299 με’ν,
1109 244 1220 300 ὅμως
1249 262 1292 302 γε
1318 244 1455 299 μέντοι
1483 252 1569 296 τοῖς

128 320 233 368 νέοις
250 319 316 361 καὶ
338 315 544 372 ὃμοζύγοις
564 318 749 359 διενοεῖτο
770 318 900 357 ταῦτα
919 315 1136 369 διατηρεῖν.
1202 314 1393 367 βασιλεὺς
1411 315 1476 356 καὶ
1492 314 1568 356 ἄλ-

127 391 210 436 λως
231 386 365 428 θέλων
395 382 582 440 πράττειν
615 383 664 426 τὸ
691 379 952 436 συνάλλαγμα
981 382 1128 424 ἐκεῖνον
1156 381 1364 436 ἇνὲβαλλε.
1430 384 1496 424 καὶ
1523 382 1564 424 ἓν

127 451 311 512 τοσούτῳ
330 455 476 501 ἐκεῖνος
491 451 690 506 μετέωρος
708 450 763 493 ὧν
782 450 851 492 τὸν
868 450 990 492 ἐκεῖσε
1017 456 1129 492 σῖτον
1158 435 1475 501 διαπλωῖζεσθαι
1491 467 1566 492 κα-

93 523 268 578 ὃθυφιέι
279 553 294 573 ,
328 522 395 564 καὶ
415 519 522 562 οὕτω
535 518 723 573 Ῥωμαῖοι
744 518 1027 575 ἐσιταρκοῦντο
1040 549 1054 569 ,
1089 519 1155 560 καὶ
1174 515 1391 574 φάρμακον
1413 513 1462 572 ἦν
1488 520 1563 560 τοῦ

127 593 247 644 λιμοῦ
263 588 312 631 τὸ
328 585 616 645 πραττόμενον.
1075 623 1077 630 ,

262 656 339 701 28.
412 656 500 705 Τὰς
527 656 572 697 δὲ
604 651 791 707 δυνάμεις
815 654 854 696 οἱ
878 650 1151 709 Ἀμογᾶβαροι
1174 651 1235 695 ἀεὶ
1259 652 1363 695 κατὰ
1393 649 1560 712 Θρᾴκην
1584 663 1612 698 Ρ
1636 663 1702 700 438

125 724 302 776 ἐκίνουν,
350 725 417 765 καὶ
446 729 531 772 τοῖς
560 721 654 766 κατ’
682 721 810 775 αὐτὴν
837 723 1049 778 φρουρίοις
1077 721 1378 776 προσέβαλλον,
1422 721 1565 770 καθώς

125 794 194 834 καὶ
218 789 371 847 Βρῦσει
400 796 451 848 τῇ
482 791 693 847 λεγομένῃ·
728 788 831 831 ἀλλὰ
859 797 947 838 ταῖς
967 790 1136 832 ἔνδοθεν
1153 788 1343 843 ἀντοχαΐς
1362 787 1437 831 οὐκ
1458 786 1562 843 εἶχον

72 858 148 904 1οὸ
168 877 207 902 τι
227 866 390 903 ποιοῖεν.
454 862 611 912 μᾶλλον
627 858 700 912 μὲν
721 852 794 900 οὖν
812 859 877 899 καὶ
895 861 1232 913 προσεζημιοῦντο
1255 853 1562 913 ἀφιππευόντων

122 929 187 969 ἐπὶ
208 932 318 984 σφᾶς
337 926 507 978 ἐκείνων,
526 927 592 968 καὶ
612 924 919 981 περιγενομένων
940 923 1130 974 πολλάκις
1150 929 1209 982 τῷ
1227 924 1413 978 ἀκμῆτας
1433 941 1562 979 προσ-

121 992 286 1049 βάλλειν
313 996 380 1036 καὶ
405 992 689 1049 κραταιότερον
717 990 1003 1046 διαμάχεσθαι.
1067 994 1220 1034 ἐκεῖθεν
1241 993 1375 1035 τοίνυν
1392 992 1431 1034 οἶ
1449 992 1555 1048 ἀμφὶ
1578 1003 1607 1038 P
1629 1003 1696 1039 439

121 1062 194 1105 τὸν
218 1063 406 1118 Φαρέντα
429 1064 582 1116 Τζιμῆν
606 1063 669 1103 ἐπὶ
691 1059 841 1115 Βιζύης
861 1066 1062 1115 προῆγον,
1095 1059 1181 1114 ἅμα
1200 1060 1382 1115 Πέρσαις
1401 1061 1561 1110 πλείους

121 1128 334 1186 γενόμενοι.
386 1131 452 1172 καὶ
473 1130 511 1172 οἱ
530 1129 635 1185 ἀμφὶ
652 1129 722 1171 τὸν
742 1128 867 1183 μέγαν
889 1126 1124 1180 τζακούσιον
1143 1127 1214 1170 τὸν
1240 1125 1562 1183 Οὗμπερτόπου-

71 1205 112 1240 15
123 1203 215 1250 λον,
248 1198 410 1246 πλείους
425 1202 505 1240 τῶν
525 1198 739 1239 διακοσίων
768 1196 878 1245 ὄντες
896 1197 1049 1247 ἱππεῖς,
1082 1195 1204 1250 ὀλίγοι
1233 1195 1307 1250 τὴν
1327 1195 1428 1248 πρὸς
1457 1199 1559 1238 πολ-

122 1265 219 1315 λοὺς
247 1265 320 1308 οὐκ
353 1263 560 1321 ἐθάρρουν
591 1265 833 1320 ἀφίππευσιν
863 1267 929 1306 καὶ
957 1269 1014 1322 τῷ
1040 1264 1224 1320 φρουρίῳ
1254 1263 1558 1317 ἐγκεκλεισμένοι

121 1331 356 1388 παρέμενον.
425 1332 528 1375 ἀλλὰ
552 1332 598 1374 τὸ
629 1334 712 1373 ε’κεῖ
733 1335 894 1384 πλῆθος
919 1336 1030 1385 λῆμα
1056 1329 1254 1385 λαμβάνει
1277 1328 1455 1386 ἇρεϊκόν,
1491 1332 1559 1372 καὶ

121 1398 377 1458 περιστάντες
393 1403 464 1443 τὸν
484 1400 634 1456 ι’ίγοντα
653 1401 770 1453 δῆλοι
789 1395 916 1455 ἦσαν,
957 1401 991 1441 εἰ
1019 1399 1212 1455 ἐκχωροίη
1237 1398 1404 1451 ἐκεῖνος,
1438 1402 1556 1441 πολε-

207 1543 242 1577 6.
266 1541 396 1587 λοιμοῦ
418 1541 457 1575 P.
593 1542 647 1576 10.
669 1538 826 1586 saprum?
961 1541 1015 1576 11.
1037 1537 1364 1585 περιγιγνομένωνὶὶ

114 1665 260 1722 -nuebat,
290 1676 431 1720 causans
452 1665 567 1700 liberis
580 1677 628 1718 se
650 1676 692 1719 ᾳ
713 1664 882 1698 destinato
904 1663 1058 1709 coniugio
1081 1664 1388 1717 suscipiendis‚·et
1409 1661 1490 1715 ipsis
1513 1673 1555 1715 ex

117 1716 330 1791 zm&
339 1710 1152 1802 p‘ssssffsb.{¹;t¹3¹²tz‚1efflqzt‘vsss‘xms202?ss
1175 1711 1557 1788 23533330‘2323123

120 1803 238 1846 itaque
258 1812 419 1846 responso
441 1801 628 1835 differendo
650 1801 819 1845 negotium
842 1801 1062 1844 extrahebat,
1097 1800 1184 1834 hand
1207 1805 1318 1833 tamen
1339 1808 1431 1841 spem
1455 1807 1556 1840 prae-

119 1846 253 1888 cidens,
275 1847 485 1880 cunctatione
507 1848 676 1880 Romanae
697 1853 777 1880 tunc
800 1846 849 1880 rei
871 1846 1020 1890 perutili.
1065 1857 1141 1878 nam
1164 1842 1481 1889 Ospbentistblabus
1503 1841 1555 1874 in-

119 1890 240 1931 terim,
275 1891 352 1924 dum
383 1891 508 1935 pendet
529 1892 562 1924 in
584 1892 735 1935 ambiguo
767 1890 991 1924 conventionis
1016 1892 1059 1924 ab
1086 1891 1158 1934 ipso
1180 1892 1347 1922 tractatae
1368 1897 1556 1928 successus,

116 1937 321 1969 frumentum
342 1947 408 1979 quo
431 1936 623 1969 abundabat
638 1936 799 1979 Balgaria
818 1935 895 1968 inde
918 1935 1084 1979 asportari
1105 1935 1210 1979 plenis
1232 1933 1373 1966 navibus
1385 1933 1556 1965 Constan-

120 1981 287 2024 tinopolim
303 1980 463 2024 permisit.
507 1981 595 2024 quod
617 1986 849 2025 praeterquam
871 1986 1093 2024 opportunum
1117 1978 1274 2022 penuriae
1296 1978 1362 2010 iam
1383 1976 1452 2013 illic
1474 1987 1555 2021 pre-

120 2026 226 2060 menti
254 2025 456 2065 subsidium,
490 2025 590 2058 etiam
622 2025 820 2059 formidatae
852 2024 888 2058 in
916 2026 1062 2059 futurum
1094 2024 1176 2058 fami
1198 2022 1296 2068 quasi
1316 2021 1488 2057 antidotus
1510 2032 1553 2055 ac

120 2074 367 2117 praesumptum
390 2069 424 2102 in
445 2072 595 2113 tempore
616 2069 682 2103 fuit
702 2069 891 2103 remedium.

211 2117 267 2150 28.
314 2115 438 2159 Copias
470 2125 570 2159 porro
602 2125 680 2148 suas
701 2113 904 2157 Amogabari
924 2114 1130 2147 incessanter
1150 2124 1212 2158 per
1234 2112 1414 2147 Thraciam
1435 2123 1553 2146 move-

121 2162 224 2202 bant,
246 2160 517 2194 circumferentes
542 2159 662 2192 bellum
684 2159 717 2192 in
740 2170 835 2193 arces
859 2158 932 2191 eius
954 2159 1118 2203 regionis,
1141 2170 1224 2202 quas
1240 2157 1428 2202 singillatim
1443 2167 1555 2201 oppu-

119 2207 279 2251 gnabant.
324 2205 414 2239 inter
435 2206 495 2238 bas
518 2216 635 2245 unam,
672 2204 726 2237 cui
749 2203 867 2247 Brysis
888 2215 1004 2236 nomen
1028 2210 1101 2245 est,
1133 2203 1242 2238 adorti
1266 2203 1336 2237 acri
1358 2213 1469 2236 eorum
1491 2201 1552 2246 qui

121 2256 220 2286 erant
252 2251 342 2284 intus
370 2250 561 2283 defensione
582 2249 817 2293 redigebantur
840 2251 882 2282 ad
903 2249 1045 2292 inopiam
1067 2249 1216 2291 consilii,
1248 2248 1327 2284 nihil
1347 2246 1551 2282 invenientes

120 2296 210 2342 quod
231 2297 412 2341 proficeret
434 2298 476 2329 ad
498 2298 629 2336 votum,
652 2294 732 2339 quin
754 2299 790 2328 et
811 2293 937 2327 damnis
958 2294 1090 2327 interim
1106 2305 1170 2327 non
1184 2293 1403 2333 mediocribus
1423 2291 1551 2326 affecti.

121 2342 340 2386 erumpebant
361 2341 446 2374 enim
469 2340 506 2374 in
527 2351 585 2374 eos
608 2352 627 2374 e
651 2343 762 2374 castro
786 2339 931 2383 equites,
955 2344 989 2372 et
1011 2339 1202 2384 plerumque
1222 2339 1435 2384 superabant,
1457 2337 1550 2382 quod

122 2391 159 2421 et
186 2386 325 2421 iuvenes
357 2386 487 2420 robusti
515 2390 610 2420 erant
632 2388 667 2418 et
688 2396 813 2418 summa
837 2384 1047 2418 contentione
1075 2385 1304 2419 decertabant.
1347 2384 1425 2417 inde
1446 2383 1550 2426 igitur

121 2432 283 2465 recedens
312 2431 489 2466 Pharenda
521 2431 658 2465 Tzimes
688 2431 824 2475 Bizyam
856 2430 1020 2474 promovit
1041 2441 1121 2463 suas
1142 2430 1273 2474 copias,
1303 2429 1417 2462 Persis
1438 2428 1548 2461 obiter

122 2476 286 2510 adiunctis
319 2476 560 2510 numerosiores
591 2487 688 2520 quam
711 2477 754 2509 ad
778 2475 897 2518 Brysin
927 2478 1103 2508 steterant.
1148 2486 1284 2520 magnus
1305 2474 1374 2508 illic
1396 2472 1548 2510 tzauzius

122 2521 382 2567 Umpertopulus
411 2521 542 2567 equites
563 2523 624 2557 sub
647 2532 684 2555 se
706 2521 854 2554 habebat
885 2520 996 2564 plures
1029 2519 1202 2561 ducentis,
1229 2519 1290 2554 sed
1314 2519 1435 2565 quibus
1455 2529 1550 2551 com-

123 2567 297 2610 paratione
326 2570 418 2601 tanto
448 2567 582 2602 maioris
607 2565 825 2600 multitudinis
847 2565 988 2598 hostium
1001 2589 1011 2604 ,
1049 2564 1192 2609 impares
1213 2577 1288 2600 sese
1309 2564 1352 2598 ad
1374 2564 1415 2597 iis
1437 2572 1546 2606 aequo
1578 2580 1584 2582 ἡ

125 2621 196 2644 cam
221 2623 241 2644 ο
264 2615 380 2646 contra
413 2613 565 2646 standum
588 2612 824 2650 sentientibus,
855 2611 980 2645 animus
1002 2609 1090 2643 haud
1111 2614 1184 2650 erat
1204 2609 1409 2656 prodeundi3
1441 2617 1547 2652 quare

125 2665 164 2688 se
235 2668 312 2691 usos
334 2657 512 2691 munitione
535 2657 757 2691 continebant.
802 2656 899 2700 longe
930 2655 1070 2693 diversis
1101 2655 1235 2700 vigebat
1254 2655 1404 2689 sensibus
1426 2652 1547 2695 vulgus

125 2699 234 2744 plebis
261 2701 454 2746 Bizyensis,
487 2703 645 2737 Martium
678 2702 809 2747 spirans
838 2704 874 2734 et
904 2700 1143 2745 impatientiam
1173 2698 1357 2746 praeliandi
1379 2708 1452 2732 cum
1473 2697 1548 2731 vin·

127 2744 223 2778 condi
251 2746 373 2782 fiducia
403 2751 586 2782 ostentans.
630 2758 712 2792 ergo
742 2746 902 2793 praesidii
931 2747 1048 2780 ducem
1068 2746 1261 2792 frequentes
1281 2743 1549 2784 circumstabant,
