1858 3126
561 175 664 219 LIB.
691 175 727 219 1.
795 170 1152 217 GLOSSARIUM.
1483 166 1580 215 685

152 289 270 327 lunae
297 291 539 325 menstruum
573 291 731 323 cursum
762 281 943 333 allegoria
962 280 1131 332 quadam
1151 277 1339 318 aedificii:
1368 278 1459 330 quia
1479 277 1584 319 enim

150 341 454 382 substructionis
472 340 627 379 initium
646 338 940 377 fundamentum
958 342 1029 386 est,
1048 336 1209 375 Graecis
1226 335 1373 374 dictum
1388 334 1586 387 θεμέλιον,

150 405 258 438 recte
275 397 479 437 transferri
498 409 614 448 posse
633 395 677 434 id
694 406 837 433 nomen
859 393 1013 446 putavit
1031 393 1081 430 ad
1102 391 1401 442 significandum
1430 391 1586 429 initium

149 461 308 503 motus,
336 466 414 504 quo
436 453 530 490 luna
551 451 682 489 statim
703 464 726 488 a
743 455 894 502 puncto
912 448 1037 486 coitus
1058 461 1147 486 cum
1166 449 1250 487 sole
1274 447 1321 485 ad
1345 461 1492 485 novum
1511 446 1586 485 cir-

150 509 304 548 cuitum
336 521 419 546 sese
445 507 597 546 incitat.
650 507 754 545 forte
779 511 907 544 autem
937 504 1187 556 κυριολογίαν
1218 503 1414 555 quandam
1450 508 1588 541 auctor

148 564 285 618 posuit
310 564 352 602 in
375 576 472 601 voce
495 559 597 615 μήν,
624 568 671 600 ut
696 575 767 614 per
792 574 874 599 eam
905 559 1054 611 alioqui
1078 566 1203 597 totum
1228 554 1589 611 τριακονταήμερον

150 620 322 673 spatium
349 619 509 669 triginta
522 646 538 665 ,
564 624 604 656 et
618 618 649 655 si
669 617 764 668 quid
780 615 976 663 excurrit,
1004 615 1157 654 dierum
1180 614 1356 653 indicare
1374 615 1496 665 vulgo
1518 627 1589 652 so·-

150 677 282 724 litam,
309 674 377 722 hic
395 675 554 726 proprie
571 673 811 711 intellexerit
828 671 1016 711 kalendas
1034 670 1137 723 ipsas
1156 670 1237 709 sive
1255 672 1422 722 primam
1444 669 1590 708 mensis

150 731 254 770 diem
266 746 279 782 ;
307 729 363 768 ita
381 737 439 779 ut,
469 743 559 767 cum
579 729 678 767 dicit
694 731 802 781 μῆνα
822 726 865 768 δὲ
878 727 1045 781 Ληναίῳ
1063 722 1199 778 πρώτη
1219 723 1334 778 βάσις
1353 726 1484 766 ’ἵστατο
1507 721 1587 777 μή·

149 800 248 838 νης,
276 786 452 824 indicare
474 785 579 836 quod
597 784 683 823 dixi
702 784 895 832 voluerit,
925 795 1093 821 mensem
1114 782 1290 820 lunarem
1312 794 1358 819 eo
1376 794 1476 819 anno
1497 794 1587 819 cum

148 842 258 880 civili
281 841 391 894 paria
413 841 636 879 inchoando
663 840 825 889 fecisse,
862 853 908 877 ac
939 838 1069 891 primo
1097 838 1185 890 ipso
1212 837 1385 875 Ianuarii
1411 838 1584 889 primum

148 898 309 936 inivisse
333 897 484 935 lunaris
513 895 664 948 periodi
691 895 807 934 diem.
864 895 972 946 quod
1002 907 1052 932 ex
1082 893 1226 932 tabulis
1243 892 1439 946 hodieque
1457 898 1586 931 astro-

148 953 315 992 nomicis
330 952 575 992 verissimum
595 950 912 1003 deprehenditur.

147 1050 152 1052 ⁷
258 1009 406 1061 ἴκταρ
434 1022 474 1060 p.
487 1009 540 1050 43
560 1021 596 1046 v.
610 1008 649 1050 4.
680 1009 823 1045 iterum
840 1021 879 1059 p.
895 1006 974 1048 155
992 1007 1111 1047 v.10.
1167 1003 1387 1056 Hesychius
1404 1000 1448 1044 τό
1470 1003 1583 1056 ἴκταρ

148 1065 311 1117 exponit
324 1059 439 1117 ἐγγύς
446 1077 583 1115 prope.
639 1062 743 1101 idem
762 1063 878 1101 docet
896 1060 1125 1101 Eustathius
1140 1061 1190 1099 ad
1206 1061 1348 1112 Odyss.
1364 1069 1399 1112 ψ
1417 1065 1456 1098 et
1471 1065 1583 1106 uterf

148 1133 227 1172 que
261 1120 399 1159 recitat
426 1125 655 1170 usurpatum
679 1118 832 1157 Platoni
861 1121 887 1160 9
915 1118 964 1156 de
988 1119 1086 1169 Rep.
1113 1116 1315 1167 adagium,
1357 1110 1446 1156 οὐδ’
1471 1115 1583 1169 ἴκταρ

147 1173 303 1229 βάλλει,
331 1175 380 1214 de
401 1175 616 1214 iaculatore
644 1174 812 1224 infelici,
843 1173 912 1225 qui
940 1187 1020 1211 nou
1047 1173 1171 1211 solum
1200 1186 1281 1210 non
1308 1171 1399 1210 ferit
1419 1185 1585 1224 scopum

148 1231 218 1271 sed
235 1245 285 1270 ne
302 1245 426 1283 prope
446 1231 600 1282 quidem
619 1230 783 1268 accedit.
840 1229 889 1266 ad
907 1228 1011 1266 hanc
1032 1228 1150 1266 huius
1167 1228 1277 1266 vocis
1295 1227 1497 1265 notionem
1518 1241 1585 1265 co-.
1606 1229 1634 1264 Ρ
1656 1228 1722 1263 482

147 1287 309 1337 gitatam
330 1287 371 1324 in
392 1285 456 1324 his
473 1286 570 1324 locis
587 1285 815 1336 Pachymeri
842 1284 1203 1336 interpretationem
1230 1283 1438 1335 utrobique
1460 1296 1586 1322 meam

149 1341 470 1386 accommodans,
499 1341 604 1378 haud
631 1340 824 1378 abelrasse
843 1353 904 1377 me
932 1340 978 1377 ab
998 1340 1170 1377 auctoris
1197 1339 1387 1377 sententia
1415 1337 1589 1388 confido,

149 1397 329 1436 adiiciam
351 1397 477 1435 obiter
498 1397 603 1447 quod
620 1397 660 1434 in
681 1403 848 1434 mentem
871 1395 1000 1445 venit,
1030 1401 1189 1446 etymon
1208 1395 1317 1434 vocis
1336 1395 1496 1433 Latinae
1522 1396 1584 1432 in-

149 1461 238 1493 star
264 1467 347 1491 non
377 1452 536 1490 aliunde
561 1451 690 1490 videri
719 1465 833 1503 quam
853 1451 901 1489 ab
923 1450 997 1489 hac
1017 1451 1163 1489 Graeca
1184 1451 1295 1504 ἴκταρ
1317 1450 1588 1502 repetendum.

148 1515 208 1547 est
234 1508 366 1560 ἴκταρ,
392 1514 439 1546 ut
466 1514 599 1546 monet
624 1507 867 1559 Hesychius,
896 1502 974 1546 οἷπό
1002 1509 1076 1547 τοῦ
1098 1507 1320 1556 ἱκνεῖσθαι,
1348 1507 1455 1558 quod
1471 1511 1588 1544 sonat

142 1566 368 1616 pervenire,
396 1577 445 1602 ex
475 1577 519 1602 ea
546 1563 694 1613 origine
713 1563 1051 1601 accommodatum
1071 1563 1120 1601 ad
1137 1562 1431 1614 significandam
1451 1562 1587 1600 imita-

148 1620 295 1668 tionem
320 1632 391 1658 seu
419 1619 707 1671 expressionem
736 1619 905 1667 formae,
935 1631 1033 1668 quae
1058 1624 1214 1656 tantum
1241 1632 1323 1656 non
1343 1617 1524 1670 pervenit
1544 1623 1587 1656 et

147 1675 259 1724 'abest
275 1676 450 1728 proxime
470 1689 491 1713 a
510 1688 602 1713 vera
622 1670 875 1712 similitudine
894 1673 1119 1726 archetypi,
1146 1680 1191 1712 ut
1209 1680 1316 1712 recte
1333 1674 1457 1711 instar
1475 1673 1584 1711 illius

148 1732 273 1783 possit
297 1731 442 1769 haberi.
498 1730 758 1781 grammatici,
797 1737 834 1768 et
860 1730 901 1768 in
931 1729 994 1768 his
1021 1730 1233 1768 novissime
1267 1728 1585 1767 accuratissimus

147 1786 333 1836 Vossius,
361 1788 526 1835 frustra,
555 1786 597 1824 ni
626 1786 764 1834 fallor,
800 1786 1082 1824 conflictantur
1110 1785 1152 1823 in
1184 1784 1435 1823 extundendo
1461 1783 1586 1822 Musis

147 1841 283 1885 invitis
308 1842 525 1892 veriloquio
551 1842 659 1879 vocis
686 1841 804 1880 huius
832 1855 853 1879 e
878 1841 998 1879 verbo
1029 1841 1189 1879 instare.
1242 1839 1430 1878 habemus
1458 1851 1508 1876 ex
1534 1851 1584 1877 eo

150 1896 256 1947 quod
284 1897 447 1934 subiicio
471 1897 586 1934 etiam
611 1897 765 1934 literam
791 1911 840 1945 n,
869 1909 919 1934 ex
945 1912 969 1935 ν
993 1899 1066 1937 τοῦ
1095 1895 1286 1946 ἴκνέομαι.
1342 1908 1466 1945 cappa
1484 1907 1580 1932 vero

150 1949 264 1989 facile
282 1952 389 1989 credi
410 1957 537 2002 potest
554 1951 603 1988 ob
624 1951 860 2002 euphoniam
879 1951 1076 1989 sublatum
1098 1957 1167 1988 aut
1189 1951 1232 1988 in
1257 1965 1275 1988 s
1303 1948 1518 1987 emollitum
1536 1949 1579 1987 in

149 2006 340 2050 vocabulo
358 2007 494 2043 Latino
516 2008 658 2044 instar.
698 2007 755 2044 sic
773 2006 986 2058 opinabar:
1014 2006 1190 2044 iudicent
1207 2005 1248 2045 οἷ
1261 2007 1423 2045 τοιαῦτα
1442 2005 1579 2052 δεινοί,

150 2068 318 2114 quorum
348 2061 515 2099 arbitriis
547 2061 741 2098 obnoxius
766 2068 804 2099 et
828 2061 952 2099 libens
980 2067 1134 2099 stetero.
1190 2066 1395 2111 antequam
1431 2060 1580 2109 desino,

149 2118 338 2156 admoneo
368 2116 526 2155 tertium
559 2116 618 2153 uti
650 2116 772 2154 verbo
802 2116 880 2154 hoc
909 2115 1206 2166 Pachymerem,
1234 2130 1273 2168 p.
1293 2115 1476 2154 nimirum
1497 2119 1580 2158 290

148 2186 189 2219 v.
205 2177 251 2215 1:
283 2166 374 2213 οὔδ’
399 2172 508 2223 ἴκταρ
529 2169 639 2219 ὅξιον
659 2172 847 2222 κρίνουσα
866 2168 910 2212 td
932 2169 1181 2222 συνάλλαγμα
1200 2171 1248 2208 de
1268 2171 1440 2222 Augusta
1457 2177 1582 2210 matre

147 2228 305 2267 Ioannis
328 2228 511 2279 despotae
531 2226 646 2264 huius
674 2226 965 2264 matrimonium
987 2239 1075 2263 cum
1099 2226 1180 2264 filia
1203 2225 1367 2265 Chumni
1391 2226 1582 2278 praefecti

149 2284 344 2332 cameleo,
369 2283 461 2321 licet
481 2282 522 2320 id
547 2283 793 2320 Andronicus
822 2288 934 2334 pater
954 2281 1136 2333 despotae
1154 2288 1328 2335 optaret,
1355 2283 1481 2334 impar
1506 2281 1582 2321 di-

147 2339 288 2390 gnitati
314 2339 387 2377 filii
413 2339 593 2377 ducente.
650 2338 716 2375 sed
736 2344 774 2376 et
794 2338 891 2375 alter
914 2337 1087 2375 occurrit
1106 2337 1218 2376 locus
1236 2351 1276 2390 p.
1297 2341 1379 2380 502
1396 2351 1435 2378 v.
1455 2340 1503 2379 2:
1532 2335 1579 2379 td

147 2393 221 2446 μὲν
236 2391 383 2446 ὅσαπερ
403 2392 523 2450 ᾔτουν
540 2389 712 2442 διδόναι,
743 2389 831 2434 οὐδ’
848 2393 958 2445 ἴκταρ
979 2389 1133 2443 βάλλων
1150 2389 1346 2444 οὐμενοῦν
1361 2393 1577 2445 ἐδοκίμαζε.

148 2449 342 2500 significat
366 2463 415 2488 ne
439 2450 565 2501 prima
595 2449 754 2500 quidem
777 2449 1010 2499 cogitatione
1033 2453 1147 2486 tenus
1177 2449 1329 2488 venisse
1346 2449 1389 2487 in
1409 2454 1578 2487 mentem

148 2504 376 2556 imperatori
405 2505 497 2543 dare
523 2503 714 2543 Catelanis
745 2504 941 2556 stipendia
966 2503 1228 2554 flagitantibus
1249 2511 1437 2557 quantum
1455 2516 1578 2557 pecu-

148 2559 236 2598 niae
253 2567 526 2612 poposcerant.
582 2561 674 2599 vide
694 2560 809 2598 etiam
828 2573 868 2612 p.
886 2561 970 2602 480
990 2572 1029 2600 v,
1050 2559 1114 2601 15.

263 2613 416 2663 ἰπνὸς
446 2613 586 2670 ἅγιος
613 2630 653 2668 p.
671 2619 725 2659 80
752 2629 792 2654 v.
813 2619 877 2658 11.
933 2614 1090 2665 vulgata
1114 2614 1275 2654 notione
1302 2610 1414 2662 ἶπνός
1435 2614 1579 2652 furnus

151 2674 234 2718 est,
258 2677 327 2708 aut
354 2671 469 2710 etiam
497 2672 672 2710 fimetum
691 2677 731 2709 et
749 2670 1035 2722 receptaculum
1064 2670 1249 2708 sordium.
1303 2670 1397 2709 hinc
1412 2669 1455 2707 in
1473 2668 1578 2707 aedi-

150 2723 223 2761 bus
241 2725 360 2763 sacris
380 2726 492 2764 locus
510 2727 553 2764 in
572 2740 685 2777 quem
706 2740 768 2766 res
792 2739 922 2764 sacrae
941 2725 1147 2777 putredine
1166 2725 1323 2764 inutiles
1348 2737 1579 2764 consumen-

150 2777 223 2817 dae
239 2779 505 2830 proiiciuntur
524 2782 702 2829 Graecis,
731 2788 776 2821 ut
795 2780 864 2820 hic
881 2782 998 2821 docet
1017 2786 1173 2831 noster,
1203 2778 1315 2831 ἰπνός
1338 2777 1450 2835 ἅγιος
1477 2778 1576 2820 diei-
