1858 3126
255 141 354 188 626
673 138 909 183 GEORGII
945 139 1298 185 PACHYMERIS

256 257 379 299 δυτον
414 250 605 308 Φαρέντα
639 252 793 306 Τζιμῆς
821 249 989 305 πέμπων
1024 250 1234 308 ἀντέλεγεν·
1283 253 1318 295 εἰ
1345 252 1424 309 γὰρ
1453 250 1710 313 ἡμερώτερον

259 318 379 371 οὗτος
401 320 514 375 παρὰ
537 320 608 362 τὸν
621 316 900 376 Ῥομοφόρτον
915 326 1002 369 τοῖς
1016 318 1226 374 Ῥωμαίων
1249 317 1494 376 πράγμασιν.
1562 325 1710 373 ἐῑιεΐνος

259 389 346 444 ἅμα
368 386 568 443 Τοῦρκοις
588 390 654 430 καὶ
674 395 760 438 τοῖς
781 389 918 440 ἰδίοις,
955 387 1014 430 ἔτι
1033 389 1083 443 δὴ
1108 391 1173 431 καὶ
1195 395 1282 440 τοΐς
1294 387 1508 443 Ῥωμαίοις
1527 388 1710 434 ἀποστα-

256 456 429 513 τήσασιν
458 458 499 507 ἐξ
531 456 758 512 ἀνατολῆς,
793 457 838 499 οἳ
855 456 904 510 δὴ
929 458 993 498 καὶ
1015 461 1144 515 κουρᾷ
1163 461 1310 510 τριχῶν
1336 459 1402 500 καὶ
1425 459 1575 513 γενείου
1587 458 1712 511 Ἀμο-

257 523 454 583 γαβάροις
484 525 743 575 ἓξοικειοῦντο
755 557 767 577 ,
814 523 927 567 οὔπω
961 529 1094 574 καλῶς
1121 525 1196 574 τὰς
1222 525 1453 580 ἀποκρίσεις
1486 530 1561 568 τοῦ
1598 525 1744 579 ἆββᾶὄ

261 592 427 645 δόντος,
465 591 660 644 διατάξας
679 593 751 647 τὴν
771 594 987 648 στρατείαν
1007 591 1140 650 κρότῳ
1163 597 1288 649 κερῶν
1308 595 1426 650 μέχρι
1447 595 1514 636 καὶ
1537 598 1611 647 τῆς
1633 591 1715 636 πό-

261 666 361 711 λεως
379 661 541 716 ἤλαυνε.
605 662 670 703 καὶ
690 657 737 715 ἦν
760 661 949 704 ἐντεῦθεν
970 662 1129 714 βλέπειν
1149 666 1502 717 σκευαγωγοῦντας
1522 661 1619 710 τοῦς
1636 660 1715 712 ἕξω

216 740 247 774 C
270 731 336 773 καὶ
357 729 506 778 αὐτοῧς
525 729 576 784 δὴ
596 729 692 779 τοὺς
710 730 751 771 ἓν
773 730 920 788 περαίᾳ
939 730 1271 789 κατῳκημένους,
1304 728 1360 779 ὥς
1376 727 1502 773 νύκτα
1525 731 1590 772 καὶ
1614 727 1715 784 ἦμέ-

261 815 338 856 ραν
372 797 451 840 ἀνὰ
478 797 553 846 τὰς
581 802 653 851 τῆς
681 795 836 846 πόλεως
864 795 995 847 πύλας
1017 798 1364 852 συνθλιβομένους
1384 800 1588 852 δυσχερῶς
1609 799 1715 840 διεκ-

263 866 394 909 παίειν
414 865 566 914 αὐτοὺς
585 867 650 907 καὶ
670 867 751 917 ζῶα
774 872 962 918 παντοῖα,
997 868 1063 908 καὶ
1080 866 1254 916 πολλοὺς
1275 866 1354 908 ἀνὰ
1374 866 1449 916 τὰς
1468 871 1541 920 τῆς
1562 862 1716 915 πόλεως
1727 872 1771 907 10

264 938 424 977 κεῖσθαι
446 931 578 990 ῥύμας
606 933 830 990 ἀφεμένους
849 938 932 976 τῶν
950 933 1089 989 ἔργων.
1157 932 1248 977 τότε
1270 932 1290 977 ὅ
1310 935 1385 988 μὲν
1408 930 1716 991 πατριαρχεύων

263 1001 460 1056 ὁσημέραι
490 1001 564 1051 τὰς
594 1003 793 1051 λιτανείας
822 1002 933 1051 ε’ντὸς
955 1006 1028 1056 τῆς
1050 999 1202 1052 πόλεως
1225 1000 1558 1056 ἐπεδαψιλεῦετο,
1593 1007 1717 1055 βασι-

264 1071 356 1119 λεύς
378 1069 419 1111 δ’
448 1070 719 1124 ἔπαμηχανῶν
744 1077 831 1119 τοῖς
857 1070 1164 1126 φημιζομὲνοις,
1202 1068 1263 1112 ὅτι
1287 1072 1353 1112 καὶ
1378 1069 1452 1112 οὐκ
1472 1069 1604 1123 ὀλίγος
1623 1069 1717 1111 ἐπέ-

263 1155 419 1192 πρακτο
442 1135 592 1194 φόνος,
620 1136 681 1187 οἷς
704 1136 883 1193 ὑστερεῖν
907 1138 1115 1191 συνέβαινε
1137 1142 1219 1180 τῶν
1242 1139 1304 1179 ἐπὶ
1325 1142 1398 1192 τῆς
1420 1135 1572 1186 πόλεως
1589 1134 1715 1179 ἅπτε·

263 1211 391 1258 σθαι,
427 1203 498 1264 (αἱ
525 1205 603 1261 γὰρ
632 1204 823 1260 δυνάμεις
843 1204 1166 1264 ἕπιλελοίπασιν)
1195 1205 1220 1259 ἢ
1238 1210 1324 1263 θεῷ
1345 1205 1420 1261 τὴν
1441 1207 1556 1259 δίκην
1574 1203 1714 1246 ἇνατι-
1727 1212 1769 1247 15

214 1280 245 1315 D
269 1274 387 1318 θέναι
407 1276 473 1316 καὶ
489 1274 590 1331 παρ’
615 1273 763 1318 ἐκείνου
785 1275 911 1329 ζητεῖν
928 1274 1003 1330 τὴν
1021 1278 1095 1318 τοῦ
1113 1274 1372 1329 ἐκκεχυμένον
1391 1273 1540 1324 ἀδίκως
1557 1273 1717 1328 ἐκδίκη-

357 1395 391 1429 1.
415 1393 472 1439 εἰ]
496 1391 595 1438 elza?

264 1494 408 1529 tinorum
430 1493 608 1528 Pharenda
627 1489 786 1537 Tzimes,
810 1505 975 1530 excusans
997 1507 1059 1541 per
1082 1494 1217 1531 missum
1237 1494 1393 1542 privatim
1416 1494 1460 1530 ad
1481 1494 1716 1542 imperatorem

265 1551 323 1582 se,
360 1539 391 1573 si
419 1539 531 1573 mitius
554 1550 652 1583 quam
677 1541 895 1575 Romofortus
917 1548 1019 1585 agere
1042 1553 1116 1576 cum
1139 1542 1299 1576 Romanis
1323 1542 1444 1583 vellet,
1475 1545 1717 1586 praeterquam

263 1586 301 1619 in
324 1595 400 1619 sese
421 1585 644 1630 potentiorem
666 1585 874 1628 concitaret,
905 1588 1004 1620 etiam
1029 1587 1109 1621 nihil
1130 1587 1164 1620 in
1187 1599 1313 1622 summa
1335 1588 1584 1632 profecturum,
1608 1597 1718 1630 quon-

264 1631 332 1664 iam
354 1640 442 1675 quae
464 1630 659 1664 Romol'orto
682 1631 842 1675 propriae
866 1633 1030 1676 parebant
1053 1632 1194 1676 copiae,
1217 1633 1342 1677 triplici
1363 1643 1487 1676 genere
1510 1635 1719 1671 constantes,

265 1677 455 1711 Turcorum
479 1676 760 1719 Amogabarorum
783 1681 819 1710 et
841 1679 1088 1720 transfugarum
1111 1678 1147 1711 in
1170 1678 1241 1711 eius
1267 1682 1379 1711 castra
1396 1688 1438 1710 ex
1455 1676 1620 1711 Orientali
1636 1687 1719 1710 con-

267 1722 397 1756 tinente
419 1721 642 1755 Romanorum
656 1747 667 1763 ‚
700 1720 760 1766 qui
782 1727 923 1756 tonsura
946 1723 1139 1767 capillorum
1163 1727 1198 1757 et
1221 1734 1339 1757 rasura
1370 1724 1496 1756 barbae
1518 1733 1594 1756 sese
1616 1724 1719 1756 Amo-

267 1767 406 1811 gabatis
428 1767 551 1800 s²miles
573 1769 748 1809 fecerant,
779 1772 818 1801 ut
840 1778 883 1801 ex
906 1779 947 1802 ea
969 1779 1044 1801 esse
1066 1774 1168 1812 gente
1190 1769 1404 1811 viderentur,
1436 1768 1545 1809 istae,
1567 1767 1718 1813 inquam,

267 1812 354 1846 adeo
378 1823 572 1846 numerosae
595 1824 636 1846 ac
657 1813 764 1846 fortes
788 1813 926 1858 copiae,
950 1814 1101 1856 abunde,
1126 1825 1164 1848 se
1185 1814 1429 1859 quantumlibet
1449 1817 1622 1856 cessante,
1643 1813 1719 1847 suf—

266 1859 421 1891 secturae
452 1858 565 1891 forent
597 1858 641 1892 ad
672 1858 794 1892 bellum
828 1863 926 1892 atrox
949 1859 983 1892 in
1005 1859 1244 1904 imperatorem
1268 1859 1534 1893 continuandum.
1581 1858 1720 1892 vixdum

266 1915 310 1937 ea
335 1901 448 1937 tristia
470 1914 632 1948 responsa
655 1903 760 1937 redux
783 1905 898 1938 Abbas
918 1905 1068 1949 Augusto
1091 1905 1306 1948 reddiderat,
1340 1916 1415 1939 cum
1445 1905 1550 1938 duces
1572 1905 1721 1948 Amoga-

267 1949 425 1983 barorum
448 1948 600 1983 ordinato
623 1949 776 1982 exercitu
794 1949 859 1983 iter
880 1955 975 1984 recta
999 1951 1320 1996 Constantinopolim
1345 1949 1614 1996 pronuntiarunt,
1638 1960 1722 1995 pro-

268 1999 510 2039 cesseruntque
530 1993 656 2037 stadm,
677 1995 874 2029 instructam
897 2000 1132 2040 promoventes
1154 1996 1260 2030 aciem
1283 1996 1383 2030 solito
1404 1996 1560 2029 lituorum
1582 1999 1620 2028 et
1642 2005 1721 2028 cor-

269 2050 369 2072 nuum
392 2045 503 2074 cantu.
550 2041 640 2074 fama
663 2040 736 2074 eius
758 2041 980 2086 expeditionis
1001 2046 1166 2076 momento
1189 2053 1327 2086 sparsa,
1355 2041 1473 2075 videre
1494 2040 1619 2085 passim
1642 2043 1720 2074 erat

267 2087 433 2128 quotquot
456 2085 625 2129 degebant
647 2091 745 2119 extra
768 2088 884 2121 urbem
906 2087 1124 2121 festinatione
1146 2088 1290 2121 maxima
1314 2098 1398 2121 vasa
1419 2086 1601 2130 colligere,
1622 2096 1720 2119 cum-

269 2139 336 2173 que
371 2129 439 2163 suis
468 2141 619 2176 quosque
649 2131 789 2165 sarcinis
819 2132 958 2166 trudere
980 2144 1017 2166 se
1038 2133 1074 2166 in
1099 2138 1216 2177 portas
1238 2132 1332 2166 urbis
1355 2143 1458 2176 aegre
1478 2132 1612 2165 turbam
1635 2141 1720 2164 con-

271 2178 494 2209 sternatorum
516 2176 550 2210 in
574 2178 686 2220 sugam
708 2177 885 2222 capientis.
931 2178 1020 2212 unde
1042 2182 1078 2212 et
1101 2178 1245 2212 traiecto
1268 2177 1363 2212 multi
1386 2179 1487 2218 freto,
1510 2176 1634 2220 aliique
1655 2186 1718 2208 ne-

268 2230 335 2260 que
368 2219 403 2253 in
438 2221 581 2255 adversa
617 2233 655 2255 se
687 2226 781 2256 tutos
813 2223 1004 2257 continente
1025 2223 1112 2267 rati,
1148 2223 1273 2258 aditum
1297 2223 1472 2257 tentabant
1494 2221 1579 2254 intra
1602 2230 1717 2253 muros

270 2263 441 2306 Peraeae,
472 2277 533 2300 sua
563 2278 696 2311 quoque
727 2279 810 2312 prae
833 2280 870 2302 se
895 2274 1034 2312 agentes
1066 2269 1240 2310 animalia,
1271 2280 1312 2302 ac
1335 2268 1438 2301 dense
1460 2265 1557 2300 simul
1579 2276 1652 2299 cum
1674 2265 1716 2298 iis

270 2309 446 2351 confertim
467 2312 702 2356 penetrabant.
749 2317 946 2358 strataeque
974 2315 1198 2348 cernebantur
1217 2314 1294 2347 viae
1316 2312 1440 2358 passim
1463 2310 1556 2344 urbis
1577 2321 1618 2344 ac
1639 2311 1716 2354 pla-

270 2356 348 2387 teae
379 2355 488 2389 otiosa
515 2356 694 2390 iacentium
727 2358 936 2392 multitudine
967 2359 1185 2402 rusticorum,
1218 2356 1418 2392 intermissis
1447 2355 1521 2399 agri
1557 2356 1716 2399 operibus

270 2399 356 2432 male
384 2400 453 2433 illic
486 2401 686 2443 seriantium.
743 2403 794 2435 his
826 2404 918 2437 malis
948 2404 1139 2447 patriarcha
1169 2415 1235 2437 non
1267 2402 1354 2436 aliud
1387 2412 1485 2445 quam
1521 2406 1715 2434 consuetum

270 2444 336 2489 ipsi
361 2445 545 2487 remedium·
573 2446 756 2479 adhibebat
785 2458 919 2481 suarum
950 2449 1140 2482 litaniarum
1155 2474 1165 2490 ‚
1197 2449 1239 2482 iis
1261 2452 1342 2480 tunc
1363 2444 1543 2479 instantius
1566 2446 1717 2490 quotidie

271 2489 362 2523 intra
392 2491 508 2523 urbem
538 2491 802 2535 frequentandis.
848 2494 1030 2537 imperator
1062 2499 1172 2527 autem
1218 2493 1427 2526 exanimatus
1468 2490 1550 2524 diris
1589 2491 1716 2524 nuntiis

273 2535 373 2578 (nam
401 2535 521 2570 caedes
549 2535 659 2569 obiter
679 2537 774 2570 ferae
796 2538 1002 2581 crebraeque
1033 2539 1075 2571 ab
1103 2536 1321 2581 Amogabaris
1349 2537 1462 2570 factae
1484 2536 1718 2570 memoraban-

275 2584 355 2622 tur,
383 2591 449 2615 uua
470 2581 521 2614 bis
545 2581 826 2615 consolatiuncula
848 2582 1016 2623 admixta,
1040 2583 1129 2627 quod
1153 2583 1194 2616 iis
1217 2594 1259 2615 ne
1282 2581 1496 2625 pervenirent
1519 2581 1717 2615 Constanti—

272 2626 438 2670 nopolim,
467 2637 533 2680 quo
555 2625 622 2660 iter
643 2625 875 2668 intenderant,
906 2627 1030 2671 aliquid
1055 2627 1216 2670 obstitit)
1255 2626 1329 2668 bis,
1359 2627 1514 2671 inquam,
1548 2626 1714 2660 attonitus

269 2671 454 2714 imperator
475 2670 604 2704 indiciis
628 2671 704 2704 aliis
725 2682 827 2716 super
850 2671 915 2705 alia
937 2671 1170 2715 ingruentibus
1201 2672 1361 2714 cladium,
1390 2671 1571 2705 destitutus
1594 2671 1713 2716 copiis,

269 2725 369 2750 unum
392 2716 480 2761 quod
502 2720 578 2750 erat
599 2716 762 2762 reliquum
784 2717 944 2758 tenebat,
976 2722 1015 2751 ut
1037 2717 1098 2751 deo
1121 2717 1279 2751 ultionem
1303 2729 1415 2751 earum
1438 2716 1633 2750 iniuriarum
1655 2727 1714 2750 re-

269 2767 434 2807 servaret,
457 2764 654 2808 peteretque
676 2763 720 2797 ab
741 2773 783 2797 eo
805 2773 905 2809 quam
927 2763 1017 2798 solus
1039 2767 1155 2808 posset
1176 2773 1306 2798 sumere
1327 2763 1509 2799 vindictam
1532 2761 1632 2797 effu-i
1647 2760 1713 2796 ini-
