1858 3126
261 178 361 226 394
680 176 918 222 GEORGII
950 140 1304 224 PAGHYMERIS

120 305 150 340 P
171 303 239 340 274
264 290 438 348 σάμενος
455 292 530 346 τῆς
545 294 677 346 μονῆς
695 292 762 334 καὶ
781 290 944 348 μακρὰς
960 291 1316 348 συσκευασάμενος
1330 299 1432 350 νῆας
1450 293 1726 353 ἔπεῒχενἈγα-

266 367 417 420 ρηνοΐς,
452 361 520 403 καὶ
536 361 731 417 πειρατὴς
747 358 984 414 βιαιότατος
1004 359 1181 414 nomm&
1199 362 1239 406 τ’
1261 362 1362 418 ἔχων
1383 361 1612 420 αἱρετιστὰς
1627 383 1727 410 νεω-
1742 409 1750 414 ,
1813 403 1817 407 .

263 431 389 487 τέρων
418 426 670 485 πραγμάτων
714 429 931 485 ἀντείχετο.
1001 428 1166 490 πλούτῳ
1198 432 1243 474 δὲ
1275 433 1343 475 καὶ
1371 435 1509 490 τρυφῇ
1536 434 1612 477 σῦν
1640 442 1726 484 τοῖς

264 498 374 556 ἀμφ’
400 497 526 541 αὐτὸν
546 496 819 556 ὗπερηφανῶν
848 499 893 542 ἐκ
916 502 1000 542 τῶν
1024 498 1316 555 σκυλευμάτων
1335 505 1418 544 τῶν
1436 501 1542 545 κατὰ
1560 499 1726 546 θάλασ-

263 586 341 612 σαν
367 565 483 618 τάξιν
513 567 664 622 ἐκείνην
693 573 777 611 τῶν
807 568 984 625 φρερίων
1020 570 1087 611 καὶ
1117 574 1258 624 σχῆμα
1283 571 1438 626 χαίρειν
1467 571 1539 630 ἐᾷ,
1577 572 1645 614 καὶ
1659 554 1758 615 ‘finis

263 637 384 682 ναυσὶ
406 637 680 693 κραταιωθεὶς
697 638 851 680 πλείοσι
871 641 929 696 τῷ
951 638 994 679 ἐκ
1010 642 1084 680 τοῦ
1104 639 1266 695 Μαφρὲ
1283 639 1484 682 ἀνέκαθεν
1497 641 1727 698 Θευδερίχῳ

265 706 452 751 Σικελίαν
472 705 695 760 κατέχοντι,
730 703 836 749 κατά
856 723 947 749 τινα
967 706 1129 762 γονικὴν
1147 707 1404 751 ἀποστασίαν
1424 712 1497 764 τῆς
1516 709 1730 763 ἐκκλησίας

213 785 244 820 Β
268 776 571 819 ἀποστατοῧντι
601 776 669 817 καὶ
703 775 770 818 διὰ
803 779 927 818 τοῦτο
962 777 1016 825 εἷς
1049 775 1255 831 πολέμους
1280 778 1347 819 καὶ
1376 774 1514 831 μάχας
1533 777 1637 830 πρὸς
1655 777 1728 820 τὸν

265 842 485 901 Κάρουλον
518 841 788 898 καταστάντι,
818 842 1002 901 πρόσεισι
1029 843 1167 902 ῥόγαις
1195 852 1364 896 τακταῖς
1392 842 1620 900 βοηθήσων
1652 844 1728 888 σὺν

265 915 397 973 οἰκείῳ
418 917 518 972 λαῷ.
566 914 634 956 καὶ
651 914 716 955 ἐπὶ
738 911 871 972 χρόνῳ
895 911 1000 956 κατά
1020 931 1062 971 γε
1081 915 1317 970 συμμαχίαν
1340 914 1475 958 συνὼν
1497 915 1727 973 Θευὸερίχῳ
1739 922 1783 957 10

265 982 369 1038 μετὰ
399 986 480 1025 τῶν
511 983 666 1026 οἰκείων
692 980 981 1039 προσεβοήθει.
1053 983 1137 1026 ἐπεὶ
1157 984 1199 1025 δ’
1220 981 1241 1027 ὅ
1261 981 1438 1038 πόλεμος
1457 987 1620 1026 παῦλαν
1637 983 1728 1037 ἴσχε

266 1054 334 1096 καὶ
352 1053 548 1101 σπονδαῖς
567 1053 793 1108 ἓπιγαμίοις
813 1052 852 1094 οἳ
870 1051 969 1101 τέως
993 1055 1264 1106 πολεμοῦντες
1285 1050 1486 1109 εῗρήνευον
1522 1052 1626 1110 (τὴν
1648 1051 1727 1108 γὰρ

262 1121 522 1178 Ἐκατερίναν
542 1119 563 1164 ὅ
585 1125 659 1164 τοῦ
681 1120 804 1178 ῥηγὸς
824 1120 1000 1178 ἀδελφὸς
1020 1123 1076 1171 εἷς
1094 1119 1224 1177 γάμον
1246 1118 1469 1176 λαμβάνει,
1507 1120 1554 1164 ὃν
1583 1122 1651 1163 καὶ
1673 1121 1730 1170 εἷς

266 1190 439 1246 βασιλέα
464 1189 622 1244 στέψας
642 1187 663 1233 ὅ
682 1189 824 1240 πάπας
836 1223 847 1243 ,
884 1191 951 1232 καὶ
973 1190 1066 1244 δίχα
1083 1190 1224 1245 τέρας,
1262 1189 1342 1233 εἴτ’
1365 1185 1438 1232 οὖν
1454 1193 1550 1246 γῆς,
1587 1190 1729 1244 ἐπικη-

217 1266 246 1300 C
271 1257 397 1316 ρύξας
424 1257 606 1317 κράτορα
618 1291 631 1312 ,
663 1261 753 1316 περὶ
779 1263 852 1315 τῆς
875 1257 1029 1308 πόλεως
1053 1260 1188 1318 ἐκείνῳ
1207 1258 1281 1309 τὰς
1300 1259 1466 1308 ἐλπίδας
1482 1255 1641 1315 ἀνήρτα
1660 1256 1728 1300 διὰ
1741 1263 1783 1299 15

266 1330 341 1384 τὴν
370 1326 534 1385 νύμφην
565 1324 695 1371 οὖσαν
725 1333 801 1371 τοῦ
836 1329 1095 1371 Βαλὸουΐνου
1127 1325 1342 1384 ἔγγόνην),
1376 1328 1440 1370 ἐπὶ
1469 1325 1634 1377 τούτοις
1660 1328 1728 1370 καὶ

266 1403 342 1454 τῆς
362 1399 576 1452 ἐκκλησίας
601 1396 833 1452 ἷλεουμένης
850 1396 1018 1451 πέμψας
1042 1394 1063 1439 ὃ
1087 1394 1225 1446 πὰπας
1252 1398 1364 1452 ζητεῖ·
1382 1396 1453 1439 τὸν
1467 1393 1727 1453 Ῥοντζέριον.

265 1466 287 1511 ὅ
309 1467 447 1521 μέντοι
470 1466 714 1522 Θευδέριχος
737 1466 785 1509 οὐ
806 1465 959 1523 πρέπον
982 1465 1102 1521 γνοὺς
1122 1465 1216 1509 οὐδ’
1239 1465 1373 1516 ἄλλως
1396 1466 1551 1508 δίκαιον
1581 1465 1728 1522 προδι-

266 1534 383 1579 δόναι
421 1535 494 1578 τὸν
523 1537 587 1577 ἐπὶ
616 1542 772 1591 καιροῖς
813 1534 1046 1590 ἀναγκαίοις
1074 1535 1253 1591 φανέντα
1281 1532 1484 1590 χρήσιμον
1519 1535 1538 1588 (
1549 1535 1728 1590 ἐφῆπται

263 1605 342 1661 γὰρ
367 1601 547 1646 αὐτόθεν
569 1604 607 1646 οἳ
627 1605 692 1646 καὶ
709 1603 762 1646 τὰ
783 1603 894 1646 δεινὰ
915 1601 970 1652 ὥς
988 1603 1035 1646 τὸ
1054 1608 1191 1658 σχῆμα
1219 1599 1578 1658 καταπατήσαντι)
1591 1634 1604 1653 ,
1636 1602 1784 1645 ἵκοι-ΞΟ

264 1673 339 1730 νὴν
357 1673 431 1729 μὲν
451 1671 565 1732 αὐτῷ
585 1670 894 1730 φιλοφροσύνην
909 1676 967 1731 τῷ
982 1669 1098 1732 minoz
1116 1673 1161 1714 δὲ
1181 1671 1284 1729 πρὸς
1305 1671 1356 1714 τὰ
1377 1668 1601 1726 ζητούμενα
1613 1668 1728 1714 ὕπει-

267 1794 342 1816 cum
375 1784 533 1828 parasset
565 1792 690 1822 naves,
722 1781 774 1816 bis
806 1780 972 1815 infestans
997 1781 1171 1825 Agarenos
1203 1780 1318 1826 pirata
1338 1780 1408 1815 late
1430 1778 1728 1815 formidatissimus

267 1828 396 1869 evasit3
432 1829 622 1874 multosque
655 1827 790 1862 interim
821 1832 939 1872 sponte
971 1827 1126 1861 addictos
1160 1838 1242 1861 suae
1275 1827 1510 1872 qualicumque
1541 1826 1729 1861 firmandae

267 1875 442 1920 potentiae
465 1886 506 1908 ac
529 1879 647 1908 certae
670 1874 714 1908 ad
734 1878 919 1908 extremum
941 1873 1021 1907 fidei
1045 1873 1165 1907 adesse
1187 1873 1254 1907 sibi
1275 1873 1424 1907 asseclas
1446 1871 1608 1913 sentiens,
1631 1872 1728 1907 novis

268 1921 421 1955 inhiabat
443 1922 566 1963 rebus,
590 1930 673 1966 opes
697 1923 732 1954 et
753 1919 932 1954 dominium
955 1919 1077 1954 stabile
1102 1919 1230 1964 uspiam
1254 1930 1440 1965 quaerens,
1462 1918 1566 1964 idque
1586 1918 1661 1952 iure
1683 1929 1729 1953 an

266 1967 390 2001 iniuria
413 1972 608 2012 pararetur,
631 1966 719 2001 baud
742 1977 824 2000 sane
847 1965 1008 2000 solicitus.
1045 1965 1182 2000 interim
1205 1970 1317 2000 autem
1340 1965 1466 1999 divitiis
1492 1972 1528 1999 et
1549 1965 1631 1999 luxu
1653 1975 1728 1999 cum

268 2013 447 2047 comitibus
479 2012 700 2058 superbiens,
731 2012 980 2046 abundantibus
1004 2011 1047 2046 ad
1069 2012 1134 2046 hoc
1158 2023 1200 2045 ex
1223 2011 1351 2057 praeda
1372 2010 1538 2045 latrocinii
1566 2008 1729 2045 maritimi

269 2059 398 2103 copiis,
435 2060 587 2093 ordinem
616 2058 709 2092 illum
743 2058 937 2092 Freriorum
969 2061 1005 2092 et
1034 2058 1185 2092 habitum
1216 2059 1331 2092 valere
1362 2057 1479 2100 iubet3
1509 2056 1729 2103 pluribusque

269 2104 335 2137 iam
359 2104 501 2139 navibus
525 2105 561 2139 in
584 2116 737 2149 magnam
759 2105 943 2150 potentiam
966 2103 1142 2145 firmatus,
1169 2103 1384 2138 Theuderico
1417 2103 1534 2149 nepoti
1557 2101 1730 2138 Manfredi

268 2149 424 2184 Siciliam
457 2151 644 2193 obtinenti,
681 2155 716 2185 et
748 2150 847 2196 quasi
878 2150 1084 2184 hereditaria
1110 2150 1266 2196 illiusque
1289 2149 1428 2195 propria
1449 2149 1586 2194 generis
1607 2153 1728 2184 contu-

267 2195 378 2230 macia
400 2196 566 2231 adversus
590 2197 765 2231 ecclesiam
797 2197 934 2237 rebelli,
968 2199 1218 2242 proptereaque
1247 2196 1370 2230 bellum
1393 2207 1477 2230 acre.
1493 2194 1615 2241 pugnis
1636 2204 1727 2228 oom-

267 2241 403 2276 missum
426 2243 557 2276 crebris
581 2248 700 2277 eontra
724 2243 883 2276 Carolum
905 2243 1068 2285 habenti,
1088 2255 1126 2278 se
1150 2242 1304 2277 adiunxit
1322 2241 1469 2284 socium,
1489 2252 1531 2274 ac
1554 2239 1640 2274 certi
1663 2250 1728 2285 pa-

269 2286 383 2322 ctione
416 2288 596 2332 stipendii,
628 2300 702 2322 cum
725 2289 847 2334 quibus
877 2294 1039 2334 praeerat
1065 2289 1169 2335 copiis
1190 2287 1388 2323 auxiliarem
1411 2287 1444 2320 ei
1470 2286 1527 2320 diu
1549 2284 1727 2320 navalibus

293 2333 409 2367 raeliis
433 2333 571 2368 navavit
593 2346 742 2379 operam.
790 2339 970 2380 postquam
999 2339 1111 2370 autem
1134 2335 1168 2369 id
1191 2334 1315 2369 bellum
1337 2331 1486 2366 cessavit
1507 2336 1543 2365 et
1565 2330 1728 2376 nuptiali-

267 2345 333 2414 {us
356 2379 653 2423 conventionibus,
677 2380 737 2424 qui
760 2386 900 2414 eatenus
922 2380 1065 2415 invicem
1087 2379 1203 2414 infesti
1223 2379 1449 2419 bellaverunt,
1472 2388 1590 2423 pacem
1611 2378 1729 2411 fecere

268 2426 374 2470 (nam
398 2425 616 2459 Ecaterinam
640 2426 803 2459 connubio
826 2426 892 2460 sibi
913 2426 1022 2460 iunxit
1043 2426 1136 2468 regis
1159 2427 1287 2463 fraterz
1317 2434 1417 2469 quem
1439 2427 1476 2456 et
1497 2434 1588 2468 papa
1610 2421 1726 2457 decla-

267 2482 349 2505 rans
371 2470 610 2516 imperatorem
633 2470 707 2505 sine
729 2476 825 2504 terra
849 2472 1031 2506 commovit
1054 2471 1103 2504 illi
1135 2482 1230 2516 spem
1263 2468 1603 2514 Constantinopoleos
1625 2479 1727 2503 recu-

295 2519 460 2560 erandae‚
489 2529 531 2551 ex
561 2516 637 2550 iure
660 2517 749 2561 quod
774 2516 903 2550 scilicet
934 2517 1090 2551 traheret
1112 2528 1133 2550 a
1155 2527 1280 2561 sponsa
1301 2521 1404 2560 nepte
1426 2514 1628 2558 Baldu'mi),
1663 2525 1726 2559 per

268 2529 355 2598 iaec
378 2568 481 2608 pacta
503 2574 576 2596 cum
599 2562 703 2596 etiam
725 2562 922 2596 conciliatus
945 2562 1108 2596 ecclesiae
1131 2561 1365 2595 Theudericus
1387 2560 1527 2602 fuisset,
1559 2560 1651 2594 misit
1682 2559 1726 2594 ad

272 2620 348 2645 eum
371 2620 460 2654 papa
482 2608 542 2654 qui
566 2607 646 2642 dedi
667 2607 733 2641 sibi
755 2608 799 2641 ab
821 2607 876 2640 illo
900 2608 1118 2642 Routzerium
1149 2611 1348 2651 poscerent,
1383 2618 1404 2640 a
1434 2617 1500 2651 quo
1523 2605 1554 2640 is
1574 2605 1728 2640 nimirum

273 2658 432 2701 repetere
461 2665 587 2700 poenas
617 2653 721 2688 vellet
753 2652 943 2688 conculcati
975 2652 1122 2697 religiosi
1150 2652 1287 2686 habitus
1309 2657 1346 2686 et
1367 2663 1487 2686 sacrae
1509 2651 1727 2697 professionis

274 2700 380 2747 impie
405 2704 553 2747 spretae.
598 2704 635 2734 at
656 2699 893 2734 Theudericus
919 2710 982 2733 nec
1005 2699 1180 2733 honestum
1202 2709 1264 2733 nec
1289 2698 1412 2732 iustum
1446 2704 1540 2732 ratus
1562 2697 1730 2732 hominem

276 2747 439 2792 prodere,
473 2746 532 2792 qui
555 2745 748 2780 necessario
772 2756 832 2779 suo
855 2747 1006 2790 tempore
1028 2756 1066 2778 se
1087 2744 1153 2789 ipsi
1174 2744 1289 2778 utilem
1313 2745 1511 2789 probasset,
1547 2743 1624 2778 huic
1651 2742 1727 2789 qui-

277 2793 353 2827 dem
376 2793 459 2828 satis
482 2804 519 2827 se
541 2792 725 2826 relaturum
747 2791 891 2834 gratiam
913 2790 1066 2836 putavit,
1098 2790 1128 2824 si
1150 2790 1290 2825 liberum
1314 2789 1518 2832 dimitteret,
1552 2801 1620 2836 quo
1641 2792 1728 2823 tem-

277 2850 361 2883 pore
382 2850 422 2874 se
446 2838 565 2885 quaeri
585 2838 629 2874 ad
651 2836 851 2884 supplicium
872 2837 947 2883 ipse
969 2848 1035 2872 non
1055 2837 1247 2882 ignoraret,
1287 2847 1398 2883 papae
1428 2847 1563 2883 quoque
1591 2834 1727 2872 satisfa-
