1858 3126
285 171 384 217 816
678 170 984 216 OBSERVAT.
1014 171 1322 218 PAGHYMER.
1386 181 1390 192 ¹

285 281 441 320 Hulacu
458 285 605 328 morte,
635 278 684 317 de
713 293 790 331 qua
817 293 912 319 mox
939 281 1114 331 dicetur,
1154 282 1292 320 scribit
1309 295 1399 321 eum
1416 282 1495 322 iam
1519 288 1632 322 antea
1653 283 1726 322 mi-

286 338 381 376 sisse
413 336 562 386 legatos
595 336 1003 389 Constantinopolim,
1047 338 1115 388 qui
1147 337 1268 376 filiam
1300 339 1385 377 illic
1420 338 1649 391 imperantis
1682 339 1726 377 in

285 405 446 430 uxorem
470 392 543 430 sibi
563 399 781 444 poscerent.
837 393 908 431 has
928 400 1085 432 mutuas
1105 393 1307 432 Michaelis
1328 401 1368 432 et
1389 394 1543 432 Hulacu
1556 394 1727 445 legatio-

283 461 352 486 nes
374 448 501 486 obitas
530 455 692 500 apparet
723 449 772 486 ab
800 463 904 487 anno
934 452 1014 492 661
1047 450 1140 500 Heg.
1160 450 1210 488 ad
1227 453 1322 498 663,
1346 463 1516 502 quorum
1532 463 1728 489 annorum

283 505 395 556 prior
410 505 550 555 incipit
575 519 598 542 a
629 505 694 543 die
728 505 777 546 15
808 506 1036 544 Novembris
1062 506 1155 544 anni
1183 505 1330 544 Christi
1353 509 1474 556 1262,
1498 505 1730 557 posteriora

283 560 340 602 24
365 567 432 598 aut
449 565 502 603 25
526 561 709 599 Octobris
732 562 827 599 anni
851 562 995 599 Christi
1016 563 1136 604 1264.
1193 568 1393 614 perspecta
1419 575 1540 615 porro
1562 561 1730 600 Michael

283 617 440 655 Hulacu
465 617 687 666 voluntate,
717 617 839 656 filiam
865 632 974 656 suam
992 618 1153 655 Mariam
1171 624 1364 670 apparatu
1380 617 1584 669 magnifico
1603 617 1731 656 dedu-

283 674 449 711 cendam
471 674 521 711 ad
543 687 630 712 eum
660 680 817 712 strenue
847 676 1001 712 curavit
1028 688 1099 726 per
1127 674 1472 713 archimandn'tam
1501 671 1729 712 monasterii

284 730 575 768 Pantocratoris
608 729 767 768 nomine
794 731 1038 782 Principem,
1077 743 1126 768 ex
1144 730 1292 768 illustri
1314 731 1459 769 familia
1481 730 1729 781 Peloponne-

283 785 472 824 niensium
494 786 770 838 dynastarum,
807 800 922 837 quem
947 786 1002 823 ait
1028 787 1116 824 loco
1138 787 1314 838 proxime
1330 787 1488 824 laudato
1510 785 1731 837 Pachyme-

283 856 346 881 res
368 842 410 879 in
428 855 472 880 eo
502 842 642 880 itinere
670 843 851 880 nuntium
872 842 1067 894 accepisse
1092 843 1227 880 mortis
1247 842 1418 891 Chalae,
1448 855 1520 880 nec
1538 848 1669 879 tamen
1684 853 1729 879 re

284 899 429 936 insecta
446 899 628 944 rediisse,
657 899 724 936 sed
753 899 983 950 perduxisse
1001 912 1181 950 sponsam
1202 899 1261 936 illi
1283 899 1513 936 destinatam
1533 898 1583 935 ad
1603 897 1731 935 filium

286 955 370 993 eius
390 961 427 992 et
442 968 704 993 successorem
729 954 923 1006 Apagam,
955 955 1023 1006 qui
1044 968 1126 992 eam
1147 954 1221 992 sibi
1240 955 1416 993 iunxerit
1438 967 1607 992 uxorem.
1634 952 1731 991 haec

286 1011 421 1049 eadem
454 1011 677 1049 distinctius
704 1011 821 1048 etiam
847 1011 1034 1062 exprimit
1062 1010 1399 1062 Abulpharagius,
1437 1022 1655 1049 memorans
1673 1009 1732 1047 le-

286 1074 396 1118 gatos
421 1066 671 1118 imperatoris
701 1067 1150 1118 Constantinopolitani,
1187 1068 1255 1117 qui
1284 1067 1401 1104 huius
1427 1065 1547 1103 filiam
1576 1064 1732 1102 Hulacu

288 1124 524 1175 desponsam
551 1123 852 1172 comitarentur,
882 1123 950 1161 ubi
971 1124 1196 1161 Caesaream
1217 1122 1507 1174 pervenissent,
1536 1120 1732 1171 accepisse

287 1179 453 1217 nuutios
474 1179 523 1218 de
547 1180 703 1218 Hulacu
722 1179 851 1228 obitu,
882 1193 953 1217 nec
973 1185 1103 1217 tamen
1119 1178 1209 1217 ideo
1226 1177 1501 1217 retrocedendi
1521 1176 1734 1214 consilium

287 1235 474 1284 inivisse,
503 1236 572 1273 sed
604 1236 773 1286 puellam
799 1234 1031 1287 perduxisse
1059 1235 1109 1273 ad
1138 1234 1327 1273 Abakam
1355 1234 1398 1272 in
1418 1233 1543 1286 patria
1559 1232 1731 1271 Hulacu

287 1291 368 1330 iam
398 1292 496 1329 solio
526 1292 633 1342 regio
661 1292 858 1342 locatum,
893 1291 960 1342 qui
991 1305 1074 1329 eam
1103 1291 1178 1329 sibi
1210 1291 1285 1329 rite
1312 1290 1516 1341 coniugem
1549 1287 1729 1327 sociavit.

286 1348 365 1385 hoc
399 1348 481 1386 sinc
513 1348 631 1386 dubio
659 1349 831 1399 pertinet
850 1348 898 1386 ad
930 1361 1076 1385 annum
1103 1347 1266 1397 Hegirae
1287 1346 1382 1395 664,
1413 1348 1525 1384 cuius
1542 1343 1733 1383 kalendae

151 1407 179 1439 P
202 1405 269 1441 592
292 1404 531 1442 Muharrami
548 1405 648 1442 diem
662 1405 891 1442 insederunt
903 1405 1063 1442 tertium
1082 1403 1273 1441 decimum
1286 1402 1469 1441 Octobris
1483 1401 1575 1440 anni
1589 1398 1733 1439 Christi

290 1461 413 1502 1265.
452 1466 491 1497 et
514 1461 602 1510 quia
632 1474 730 1511 quae
760 1461 882 1498 multa
914 1467 952 1498 et
969 1459 1084 1498 molis
1107 1471 1266 1510 magnae
1298 1458 1346 1496 ab
1374 1456 1670 1510 Abulpharagio
1688 1455 1732 1493 in

286 1515 396 1553 hunc
425 1528 568 1554 annum
599 1523 886 1566 congeruntur,
918 1529 1058 1568 nempe
1087 1529 1192 1554 mors
1210 1515 1382 1554 Hulacu
1400 1520 1438 1553 et
1461 1513 1593 1564 aliquo
1608 1512 1733 1551 iuter-

285 1570 389 1609 vallo
409 1578 540 1608 secuta
561 1585 667 1609 mors
688 1572 801 1609 etiam
818 1573 1000 1610 Dukusae
1021 1571 1264 1609 Christianae
1285 1570 1460 1619 coniugis
1481 1569 1618 1620 ipsius,
1645 1573 1732 1606 tum

286 1632 378 1679 post
395 1625 498 1663 hanc
514 1627 673 1664 comitia
694 1628 974 1677 Mogulensium
997 1628 1244 1679 principum,
1274 1626 1341 1678 qui
1364 1625 1552 1663 Abakam
1574 1623 1625 1661 ob
1644 1636 1732 1674 per-

286 1687 460 1734 spectam
479 1682 596 1733 ipsis,
625 1689 670 1720 ut
688 1683 743 1720 ait
768 1683 1100 1734 Abulpharagius‚
1139 1683 1221 1720 eius
1239 1680 1502 1733 prudentiam
1521 1679 1732 1730 sufficien-

289 1741 393 1776 tiam
412 1737 674 1776 eruditionem
695 1745 769 1777 etc.
801 1738 931 1776 liberis
957 1738 1151 1788 suffragiis
1185 1738 1229 1775 in
1249 1750 1475 1789 supremum
1494 1748 1585 1774 suae
1603 1735 1731 1786 gentis

288 1795 568 1846 imperatorem
594 1795 792 1845 elegerunt
810 1801 847 1832 et
866 1794 1032 1833 subinde
1057 1795 1140 1832 ritu
1163 1794 1340 1845 ipsorum
1360 1797 1622 1840 coronarunt,
1648 1804 1732 1829 non

290 1851 478 1889 videntur
494 1865 609 1903 posse
628 1851 667 1888 in
691 1851 860 1903 primum
883 1851 975 1888 anni
996 1850 1149 1888 Arabici
1167 1850 1365 1888 trimestre
1383 1848 1496 1887 facile
1517 1846 1731 1900 compingi,

290 1907 545 1946 verisimilius
579 1906 793 1945 differimus
836 1906 1009 1958 auspicia
1034 1906 1189 1958 imperii
1224 1905 1380 1944 Abakae
1413 1903 1607 1954 huiusque
1641 1915 1732 1941 cum

292 1963 415 2002 Maria
448 1963 604 2014 nuptias
637 1963 680 2000 in
717 1977 861 2001 annum
892 1962 1037 2001 Christi
1071 1964 1189 2004 1266.
1257 1961 1545 1999 observandum
1570 1958 1636 1997 hic
1673 1963 1732 1996 est

292 2020 498 2067 Abakam,
527 2020 608 2057 sive
629 2025 672 2057 ut
702 2019 959 2071 Pachymeres
986 2024 1104 2057 vocat
1128 2017 1343 2069 Apagam,
1381 2016 1540 2055 titulum
1559 2013 1731 2066 supremi

292 2076 575 2125 Mogulensium
605 2075 725 2113 Kanis
750 2076 825 2113 rite
849 2075 1019 2113 delatum
1053 2074 1269 2124 accepisse,
1308 2086 1396 2110 cum
1418 2073 1501 2111 eius
1526 2077 1638 2123 pater
1655 2069 1734 2108 tale

294 2131 504 2182 imperium
530 2144 711 2169 exercere
738 2133 830 2169 satis
861 2131 1005 2169 habens
1027 2131 1220 2168 vocabulo
1247 2130 1330 2167 eius
1352 2127 1599 2167 abstinuerit.
1633 2124 1734 2163 *hoc

294 2201 340 2224 eo
369 2186 494 2224 videri
525 2193 656 2238 potest
690 2187 926 2236 mirabilius,
964 2186 1070 2237 quod
1104 2186 1196 2223 satis
1224 2185 1425 2223 constabat
1451 2183 1586 2222 vivere
1603 2180 1733 2221 adhuc

294 2243 461 2291 Kublaf,
492 2243 561 2293 qui
581 2243 799 2281 Munkakao
828 2243 954 2280 Kaani
973 2241 1219 2280 occumbenti
1238 2245 1474 2279 successerat
1491 2239 1532 2277 in
1554 2235 1733 2288 imperio,

295 2311 398 2335 anno
420 2298 467 2335 ab
495 2298 588 2336 hinc
605 2305 709 2336 retro
737 2299 874 2349 quinto
900 2304 967 2336 aut
995 2304 1128 2344 sexto,
1165 2297 1329 2347 Hegirae
1353 2298 1447 2344 659,
1466 2301 1510 2332 ut
1529 2293 1646 2344 paulo
1667 2305 1734 2329 su-

293 2353 426 2406 perius
454 2367 494 2392 n.
522 2357 572 2395 10
601 2355 820 2393 retulimus.
883 2367 1022 2392 verum
1057 2353 1144 2403 quia
1161 2381 1174 2401 ,
1223 2358 1267 2390 ut
1295 2351 1440 2389 ibidem
1469 2350 1617 2387 dictum
1645 2353 1734 2396 est,

295 2408 491 2459 Arigbuga
520 2410 640 2447 fratre
666 2409 816 2447 minore
846 2410 992 2447 Kublai'
1019 2408 1304 2446 successionem
1330 2407 1404 2445 sibi
1424 2403 1578 2456 imperii
1597 2402 1733 2442 vindi-

298 2471 410 2503 cante
437 2465 582 2502 bellum
612 2465 716 2502 inter
748 2478 812 2503 eos
846 2465 959 2503 civile
987 2464 1200 2503 conflatum
1226 2468 1309 2510 est,
1347 2460 1452 2512 quod
1480 2473 1602 2497 annos
1626 2459 1734 2511 ipsos

296 2520 515 2559 octodecim
540 2521 665 2557 tenuit
687 2534 732 2557 ac
751 2526 1035 2570 consequenter
1064 2520 1115 2557 ad
1136 2518 1338 2557 duodecim
1369 2522 1437 2554 aut
1456 2515 1642 2554 tredecim
1661 2514 1735 2552 ab-

293 2577 389 2615 hinc
416 2589 538 2614 annos
567 2581 823 2627 propagatum
859 2582 934 2622 est,
973 2581 1100 2613 totum
1137 2575 1261 2611 instar
1295 2571 1446 2623 imperii
1471 2570 1656 2621 Megulici
1682 2583 1732 2608 ex

298 2633 564 2671 Orientalibus
582 2633 754 2669 fraterna
773 2631 1012 2668 dissensione
1029 2629 1195 2668 turbatis
1211 2628 1400 2666 tractibus
1417 2627 1458 2665 in
1480 2626 1668 2664 Occiduis
1693 2632 1733 2664 et

297 2690 463 2728 fundata
483 2687 631 2727 dudum
651 2687 736 2726 illic
758 2686 913 2724 Hulacu
936 2686 1024 2736 (qui
1050 2691 1088 2723 et
1109 2685 1195 2736 ipse
1220 2684 1432 2722 Munkakai
1447 2682 1589 2720 Kaanis
1610 2682 1732 2720 frater

298 2747 455 2795 suerat)
483 2745 598 2783 domo
637 2750 675 2782 et
707 2742 881 2794 potentie
914 2741 1110 2790 constitit3
1150 2740 1423 2790 successioque
1448 2737 1732 2789 Mogulensiu'm

298 2802 528 2853 principum
557 2800 650 2838 hinc
681 2799 864 2850 deinceps
897 2812 918 2835 a
954 2797 1201 2847 chronologis
1231 2796 1421 2835 Arabibus
1459 2800 1518 2834 est
1549 2794 1731 2842 deducta,
