1774 3120
307 167 383 210 DE
418 163 748 209 ANDRONICO
782 161 1159 207 PALAEOLOGO
1193 162 1242 206 L.
1274 160 1310 206 1.
1475 160 1536 206 13

79 281 308 327 νὀσταῧλον
334 278 588 333 ἀπέπεμπεν,
621 275 710 331 ἅμα
737 277 812 330 μὲν
828 280 1171 331 πρυσβαλοῑντας
1187 272 1276 329 ἅμα
1293 274 1338 317 δὲ
1355 274 1422 317 καὶ
1445 290 1539 331 κερ-

80 354 306 399 δανοῦντας
330 347 545 405 ἑτέρωθεν.
623 344 753 394 αὐτὰς
771 346 817 388 δὲ
834 344 903 388 διὰ
919 346 1075 399 ταχέων
1097 343 1191 399 ἄρτι
1210 341 1382 400 πρώτως
1403 360 1536 397 μηνο-

80 416 354 476 λογησᾶμενος
371 414 613 472 πρόσταγμα
630 418 688 474 τῷ
706 417 1023 469 πατριαρχοῦντι
1042 413 1272 465 ἐπέστελλε,
1299 409 1466 468 γράψας
1484 411 1534 454 δι’
1560 412 1589 447 P
1611 411 1635 446 5

80 485 326 543 ἀπορρήτων
345 487 412 528 καὶ
434 489 492 542 τῷ
512 481 675 540 μεγάλῳ
692 483 894 540 τζαουσὶῳ
915 485 975 540 τῷ
992 478 1200 540 Παπύλα,
1231 481 1365 539 ἐκείνῳ
1387 481 1461 533 μὲν
1483 479 1536 523 τὰ

44 562 68 596 5
81 559 136 605 εἷς
156 554 343 612 φυλακὴν
360 549 673 609 ἀσφαλεστάτην
695 554 768 604 τῆς
790 547 944 600 πόλεως
963 547 1288 605 προτρεπόμενος
1295 582 1308 601 ,
1345 553 1403 607 τῷ
1430 548 1478 590 δέ
1493 566 1537 604 γε

29 663 33 666 .
77 622 309 680 πατριάρχῃ
330 622 401 666 τὸν
425 625 499 664 τοῦ
526 619 728 674 βασιλέως
753 616 1097 672 δηλοποιοῦμινος
1124 615 1335 668 θάνατον,
1381 618 1448 658 καὶ
1479 615 1536 667 ὥς

75 691 202 742 αὐτὸς
222 688 477 746 ἐπιστήσεται
494 688 598 731 κατὰ
616 686 747 737 πόδας
760 701 769 711 ·
803 688 909 742 μηδὲ
923 687 1000 742 γὰρ
1020 686 1072 729 ἂν
1090 685 1225 735 ἄλλως
1257 683 1356 728 εἶναι
1383 689 1535 740 γνῶναι

75 761 151 816 τὴν
169 760 415 816 ,Αὔγοῦσταν
431 759 520 812 περὶ
542 761 624 800 τῶν
640 754 885 809 συμβάντων
913 758 1007 811 πρὶν
1035 753 1087 797 ἂν
1115 754 1240 804 αὐτὸς
1261 754 1531 810 ἐπιστῇκατὰ

72 829 344 885 παραμυθίαν
362 825 418 877 ὦς
439 828 568 881 δῆθεν
587 825 663 880 τὴν
683 825 930 881 πρέπουσαν.
984 822 1005 866 ὅ
1024 828 1122 879 γοῦν
1142 820 1397 879 πατριάρχης
1417 821 1532 876 ἔτυχε

19 912 62 945 10
69 898 144 952 μὲν
162 898 229 939 καὶ
247 896 326 954 πρὸ
343 900 419 939 τοῦ
435 894 482 938 τὸ
502 896 642 950 δρᾶμα
662 898 837 946 μαθεῖν,
874 894 942 935 καὶ
961 891 1134 948 θρήνοις
1153 889 1209 941 ὥς
1229 891 1333 940 εἰκὸς
1362 890 1434 934 τὸν
1454 895 1530 933 τοῦ

69 965 272 1020 βασιλέως
301 961 578 1020 ἅφωσιιῦσατο
608 960 823 1014 θάνατον,
866 960 926 1016 μὴ
954 961 1141 1016 γνωσθὲν
1181 959 1287 1009 ὅλως
1320 966 1406 1008 τοῖς
1437 961 1525 1016 περὶ
1547 968 1576 1002 Β

69 1035 218 1077 ἐκεῖνον
237 1033 307 1090 ἐφ’
331 1027 364 1091 ᾧ
385 1033 452 1074 καὶ
473 1031 666 1086 θρηνοίη.
732 1027 824 1072 τότε
847 1030 892 1072 δὲ
913 1027 1128 1083 δεξάμενος
1157 1028 1204 1071 τὸ
1226 1032 1302 1070 τοῦ
1322 1028 1525 1082 βασιλέως

66 1100 309 1158 πρόσταγμα
339 1099 451 1157 παρὰ
479 1103 554 1143 τοῦ
582 1095 814 1150 Παπύλου,
860 1100 927 1140 καὶ
960 1095 1016 1147 ὥς
1045 1097 1150 1147 &2:64-
1178 1094 1522 1151 ἐποικτισάμενος,

65 1168 200 1228 ἐκείνῳ
217 1170 290 1224 μὲν
312 1169 365 1212 τὰ
383 1165 519 1211 εἷκότα
539 1164 925 1222 κοινολογησάμενος
943 1165 1185 1219 ἀποπέμπει,
1221 1170 1280 1224 τῷ
1298 1165 1347 1207 δέ
1360 1182 1402 1221 γε
1422 1182 1523 1220 συγ-

13 1253 55 1288 15
65 1245 216 1295 γραφεῖ
232 1237 394 1294 παρέχει
411 1236 459 1280 τὸ
479 1233 735 1292 πρόσταγμα,
772 1236 934 1292 ἐρωτῶν
955 1237 989 1277 ιῗ
1009 1234 1133 1284 αὐτὸς
1155 1234 1237 1288 ἔχοι
1259 1238 1408 1289 γνῶναι
1428 1235 1522 1276 δια-

63 1304 365 1361 στοχασάμενος
386 1299 435 1348 οὗ
453 1305 562 1354 τινὸς
580 1302 631 1346 ἂν
653 1303 712 1358 εἴη
730 1303 776 1347 τό
805 1301 1070 1359 μηνολόγημα
1086 1316 1097 1326 ·
1133 1303 1196 1344 ἐπὶ
1219 1307 1416 1345 τοσοῦτον
1439 1302 1520 1358 γὰρ

62 1377 130 1417 καὶ
147 1375 337 1431 παρέῗκτο
367 1380 453 1423 τοῖς
479 1377 555 1416 τοῦ
587 1372 745 1427 πατρὸς
772 1370 827 1422 ὥς
846 1373 904 1426 μὴ
924 1371 1077 1431 ῥαδίως
1096 1373 1312 1426 διαγνῶναι
1332 1371 1432 1425 ἔχειν
1451 1372 1520 1412 καὶ

61 1443 134 1486 τὸν
165 1441 380 1498 εἶδήμονα,
424 1443 469 1484 ἐκ
499 1438 629 1495 μόνης
660 1440 708 1483 δέ
735 1457 844 1490 τινος
875 1443 1032 1495 ξυσμῆς
1056 1436 1323 1495 βραχυτάτης
1365 1440 1430 1481 ἐπὶ
1464 1442 1517 1495 τῇ

62 1509 312 1568 παραλλάξει
328 1507 652 1565 κατανοοῦμενον
673 1507 862 1552 ὖπονοεΐν
883 1509 1019 1551 ἐδίδου
1033 1508 1108 1563 τὴν
1125 1511 1258 1564 χεῖρα.
1327 1508 1393 1550 καὶ
1412 1524 1517 1563 γνω-
1541 1515 1573 1550 C

4 1580 222 1634 2ορΙσασιν
247 1579 329 1635 ἤδη
365 1579 414 1622 τὸ
446 1576 647 1633 σύμβαμα
673 1574 764 1620 τότε
803 1578 869 1620 καὶ
902 1579 1028 1632 δῆλος
1062 1578 1137 1631 μὲν
1169 1572 1221 1631 ἦν
1261 1573 1517 1632 πατριάρχης

58 1640 221 1702 ἀλύων,
257 1650 383 1704 δῆλος
399 1648 445 1691 δὲ
471 1649 540 1690 καὶ
557 1643 956 1705 παραμυθούμενος,
995 1645 1048 1689 τὰ
1075 1643 1233 1702 μεγάλα
1253 1644 1366 1703 παρὰ
1388 1649 1515 1700 βασι-

55 1802 175 1837 horum
207 1803 313 1849 copiis
339 1814 382 1838 eo
413 1814 480 1849 quo
509 1801 652 1837 diximus
674 1800 818 1842 dimisit,
839 1811 922 1835 sane
942 1800 1115 1842 volentes,
1139 1803 1179 1834 ut
1202 1799 1237 1833 in
1262 1798 1513 1844 expeditionem

54 1848 139 1902 ipsis
159 1854 406 1895 quaestuosum.
451 1848 531 1883 inde
552 1848 625 1892 ipse
646 1847 855 1892 conscriptas
882 1847 1036 1881 celeriter
1056 1846 1169 1891 regias
1191 1846 1327 1885 literas,
1359 1850 1395 1878 et
1417 1856 1512 1878 men-

54 1905 102 1928 sis
117 1898 186 1928 tum
209 1896 350 1940 primum
371 1906 414 1930 ac
427 1895 588 1940 temporis
606 1893 816 1938 appositione
838 1892 1064 1937 consignatas,
1088 1893 1131 1926 ad
1155 1890 1383 1936 patriarcham
1406 1890 1511 1932 misit,

53 1941 189 1974 areanis
210 1940 312 1975 etiam
334 1941 499 1975 mandatis
520 1939 750 1974 commendata
771 1950 891 1982 magno
914 1938 1044 1972 tzafisio
1062 1939 1211 1982 Papylae
1233 1935 1387 1970 custodia
1412 1935 1511 1969 urbis

54 1996 155 2030 quam
176 1986 409 2020 intentissima.
454 1986 669 2031 patriarchae
698 1996 781 2018 vero
814 1984 994 2019 nuntiabat
1025 1982 1244 2028 imperatoris
1273 1987 1433 2022 mortem,
1467 1992 1511 2015 ac

54 2041 132 2064 mox
153 2042 192 2065 se
213 2032 405 2066 adfuturum
426 2031 669 2072 confirmabat,
700 2036 740 2064 ut
761 2030 925 2064 iacturam
950 2040 1153 2064 communem
1175 2028 1250 2072 ipse
1272 2037 1432 2072 praesens
1457 2026 1511 2060 in-

53 2075 186 2110 dicaret
209 2077 397 2120 Augustae,
429 2088 528 2122 quam
558 2077 675 2121 utique
708 2087 775 2110 nou
805 2080 981 2121 oporteret
1012 2080 1080 2108 tam
1113 2073 1229 2107 acerbi
1262 2083 1361 2106 casus
1382 2072 1509 2107 indicio

53 2121 186 2155 turbari
223 2122 417 2166 priusquam
447 2123 522 2167 ipse
551 2127 689 2168 praesto
712 2124 805 2155 esset
825 2121 883 2166 qui
906 2121 938 2154 ei
960 2120 1219 2153 consolationem
1242 2118 1403 2152 adhibere
1426 2131 1509 2153 con-

52 2167 242 2201 venientem
276 2171 403 2212 posset.
448 2179 491 2200 ac
520 2167 734 2212 patriarchae
764 2166 898 2212 quidem
919 2165 986 2199 iam
1008 2165 1201 2199 innotuerat
1223 2163 1313 2210 quod
1335 2170 1507 2199 evenerat.

51 2223 158 2257 quare
179 2207 210 2246 is
233 2212 297 2246 sibi
322 2213 384 2246 soli
405 2212 516 2247 adhuc
537 2219 648 2246 notam
670 2211 886 2257 imperatoris
914 2214 1054 2245 mortem
1083 2210 1176 2244 luctu
1197 2221 1318 2255 magno
1340 2214 1378 2244 et
1399 2210 1506 2245 mani-

50 2258 151 2299 festo,
173 2257 235 2292 sed
257 2258 353 2292 cuius
376 2269 479 2292 causa
499 2258 535 2291 in
558 2259 699 2291 obscuro
722 2262 833 2298 esset,
856 2258 1137 2302 prosequebatur,
1160 2268 1234 2290 cum
1257 2255 1368 2300 regias
1390 2267 1411 2290 a
1435 2256 1507 2290 Pa-

49 2303 132 2348 pyla
162 2315 249 2348 quas
279 2303 423 2338 diximus
452 2304 570 2338 literas
603 2303 747 2348 accepit.
791 2302 912 2357 quibus
934 2313 1008 2336 cum
1041 2315 1081 2337 ea
1104 2314 1171 2348 qua
1193 2314 1257 2347 par
1279 2307 1356 2336 erat
1379 2302 1506 2336 doloris

49 2348 294 2392 significatione
319 2349 442 2393 lectis,
473 2361 563 2394 quae
596 2353 730 2394 tempus
757 2349 917 2393 exigebat
946 2348 1030 2382 clam
1054 2348 1238 2382 collocutus
1260 2359 1335 2382 cum
1358 2348 1505 2393 Papyh,

47 2393 157 2438 ipsum
175 2395 309 2429 dimisit.
337 2406 379 2429 ac
399 2395 464 2440 ipsi
486 2395 585 2429 liuius
606 2394 768 2429 historiae
789 2393 947 2439 scriptori
962 2395 1052 2428 forte
1072 2393 1244 2439 praesenti
1259 2393 1398 2428 traditis
1416 2404 1503 2439 quas

47 2448 168 2473 recens
191 2452 211 2474 a
235 2439 356 2474 invene
378 2441 531 2484 Augusto
553 2444 735 2485 acceperat
763 2440 891 2482 literis,
918 2441 1184 2485 percontabatur
1213 2439 1336 2484 ecquid
1366 2439 1504 2484 assequi

47 2485 242 2520 coniectura
272 2490 388 2531 posset
419 2487 514 2521 cuius
546 2494 639 2522 esset
670 2499 711 2520 ea
734 2486 935 2531 subscriptio
966 2486 1088 2521 mensis
1110 2485 1327 2520 annotatione
1357 2485 1506 2519 firmata.

47 2529 134 2563 adeo
154 2531 240 2565 enim
262 2536 383 2566 exacte
403 2532 574 2567 referebat
604 2536 777 2577 paternam
800 2543 950 2573 manum,
982 2540 1022 2566 ut
1044 2544 1086 2566 ne
1107 2531 1211 2576 periti
1235 2531 1368 2576 quidem
1399 2531 1503 2564 facile

46 2574 289 2611 discernerent,
333 2589 400 2611 una
430 2578 555 2623 quippe
587 2578 753 2612 intererat
773 2577 831 2612 vix
854 2577 1075 2613 observabilis
1097 2578 1292 2612 differentia
1314 2576 1503 2610 brevissimi

44 2621 163 2665 puncti
174 2623 235 2655 sub
253 2621 361 2656 flexus
372 2623 515 2667 apicum,
540 2635 583 2657 ex
604 2635 673 2668 qna
693 2623 838 2668 intelligi
853 2634 970 2658 manus
981 2623 1159 2667 utriusque
1170 2623 1350 2657 discrimen
1361 2627 1499 2667 posset;

45 2665 92 2698 ad
113 2667 203 2711 quod
226 2667 251 2700 ii
274 2669 348 2702 fere
370 2668 431 2702 soli
454 2669 691 2706 adverterent.
724 2669 782 2714 qni
808 2668 942 2713 cognita
964 2669 1143 2703 Michaelis
1167 2668 1275 2713 patris
1297 2674 1406 2702 morte
1432 2677 1498 2699 non

44 2709 148 2744 alium
174 2713 274 2747 huius
305 2713 495 2759 scripturae
525 2715 693 2760 suspicari
723 2718 894 2749 auctorem
916 2726 1017 2758 quam
1038 2714 1145 2749 filium
1167 2713 1391 2748 Andronicum
1417 2722 1499 2756 pos-

43 2758 132 2789 unt.
176 2761 258 2791 tunc
286 2770 368 2792 vero
402 2771 468 2793 non
492 2771 531 2794 se
563 2760 681 2804 lugere
709 2761 816 2795 solum
848 2759 1044 2805 patriarcha.
1073 2759 1278 2799 declaravit,
1308 2757 1368 2791 sed
1402 2763 1439 2791 et
1461 2756 1498 2791 in

44 2797 140 2835 luctu
160 2803 418 2840 consolationem
439 2805 608 2851 accipere,
628 2817 671 2841 ex
692 2816 755 2853 spe
776 2805 930 2842 nimirum
944 2817 1044 2853 quam
1067 2816 1111 2840 ex
1133 2810 1216 2840 uota
1235 2803 1397 2848 religione
1417 2802 1498 2838 novi
