1858 3126
268 153 331 201 71
341 153 370 198 2
675 149 991 195 OBSERVAT.
1023 149 1334 197 PACHYMER.

267 262 494 302 scholiastes
512 259 678 298 eandem
695 258 903 298 historiam
929 260 1122 298 retulerat
1146 271 1196 298 ex
1219 259 1296 298 alio
1320 266 1498 313 auctore,
1527 262 1595 314 qui
1619 262 1728 302 inam

267 319 398 359 Acasti
414 329 580 355 uxorem
590 312 825 368 Ἱππολύτην
842 316 1085 381 Hippolyten
1107 316 1291 369 appellat.
1331 329 1431 368 quae
1451 319 1583 358 verius
1595 320 1730 357 Plzae—

266 375 346 415 dra
368 373 581 423 diceretur,
611 373 722 412 euius
737 373 870 411 similis
889 373 1144 412 castissimum
1159 373 1329 422 Peleum,
1357 374 1419 412 uti
1435 373 1611 414 Phaedra
1626 375 1730 427 Hip-

266 432 450 485 polytum
480 429 662 482 pellicere
689 429 741 467 ad
775 429 1015 468 adulterium
1035 436 1198 478 conata,
1226 443 1316 468 cum
1335 430 1571 482 persuadere
1588 433 1731 482 nequi-

265 489 400 536 visset,
429 499 542 526 reum
560 493 607 526 ut
621 485 802 525 Phaedra
818 486 1080 538 Hippolytun,
1110 486 1166 524 sic
1183 486 1420 538 Astydamea
1437 487 1502 526 vel
1516 487 1730 539 Hippolyte

265 545 424 587 Peleum
450 548 666 582 attentatae
695 542 816 594 ipsius
845 542 1060 594 pudicitiae
1087 542 1193 594 apud
1224 543 1356 582 virum
1385 543 1499 582 nimis
1526 543 1731 583 credulum

264 602 437 655 peregit3
466 599 572 639 unde
600 600 736 638 Peleus
766 600 815 637 ab
843 600 984 638 Acasto
1012 599 1170 637 inermis
1197 600 1399 651 expositus
1429 600 1540 649 seris,
1566 600 1731 639 feliciori

266 671 386 709 quam
405 657 645 709 Hippolytus
675 661 802 705 sorte,
832 653 1029 709 μάχαιοαν
1061 656 1242 708 (ἔλαβεν)
1275 654 1636 709 ηφαιστότευκτον,
1661 655 1731 697 καὶ

267 711 398 762 οὕτως
425 713 546 779 ἔφυγε
568 711 636 754 τὸν
661 714 875 762 κίνδυνον,
905 725 1034 750 ensem
1057 726 1080 750 a
1098 712 1275 751 Vulcano
1296 726 1433 751 cusum
1451 713 1641 752 divinitus
1660 726 1731 751 ac·-

265 771 383 823 cepit,
413 770 524 808 cuius
545 782 619 821 ope
636 782 718 820 peri
706 769 855 808 iculum
875 769 1020 820 effugit.
1077 769 1218 813 Suidas
1235 769 1399 807 eandem
1415 781 1499 808 lem
1516 769 1633 821 paulo
1657 768 1732 807 ali-

265 835 329 867 ter
345 827 467 866 refert
490 827 613 865 serbo
628 823 856 878 Ἀταλάντη.
913 825 1104 864 hactenus
1126 826 1308 877 Fayonus
1333 832 1480 874 noster,
1509 831 1733 878 opportune

264 884 308 924 in
335 882 562 925 memoriam
588 895 780 922 revocans
802 895 901 933 quae
923 896 946 920 a
974 895 1037 920 me
1058 882 1152 920 alias
1174 883 1216 920 in
1237 881 1510 934 Aristophanis
1533 881 1733 933 Νεφέλαις

263 941 367 980 lecta
394 939 576 978 funditus
605 939 736 977 animo
758 939 1001 978 exciderant.
1056 938 1206 990 gaudeo
1235 945 1367 978 autem
1386 938 1481 976 mihi
1503 938 1608 977 hanc
1629 951 1733 989 qua-

263 997 512 1047 lemcumque
529 995 702 1034 oblatam
723 996 964 1034 occasionem
980 995 1246 1034 venerationis
1260 1001 1299 1033 et
1313 995 1563 1047 gratitudinis
1578 1001 1733 1034 testan—

265 1054 340 1092 dae
363 1065 472 1091 meae
491 1065 582 1103 erga
598 1053 730 1091 virum
748 1052 939 1104 optimum
961 1058 1001 1090 et
1019 1052 1298 1103 doctissimum,
1328 1051 1502 1102 mihique
1521 1051 1613 1091 olim
1631 1051 1733 1090 ami-

264 1109 474 1158 cissimum,
495 1122 612 1159 quem
634 1109 730 1149 dum
748 1108 848 1147 haec
867 1109 1009 1158 scribo,
1026 1109 1187 1160 plenum
1205 1109 1392 1159 religiosis
1407 1107 1558 1146 meritis
1577 1107 1629 1146 ad
1645 1120 1732 1146 me-

263 1166 403 1205 liorem
431 1165 556 1206 vitam
578 1165 759 1217 migrasse
787 1165 926 1215 audio,
955 1165 996 1203 in
1022 1165 1211 1216 longaeva
1233 1166 1303 1203 scd
1331 1164 1512 1202 omnibus
1532 1164 1733 1203 virtutum

263 1222 453 1274 exemplis
486 1223 758 1260 commendata
791 1228 1006 1263 senectute.
1070 1221 1131 1259 his
1166 1221 1280 1260 addit
1313 1221 1500 1260 Claudius
1525 1221 1733 1260 Maltretus

263 1279 562 1319 annotationem
582 1279 779 1319 Eustathii
795 1279 846 1317 ad
867 1292 907 1319 v.
931 1279 1010 1321 195
1029 1278 1127 1316 Iliad
1152 1290 1195 1330 ρ.
1225 1278 1327 1331 λέγει
1347 1276 1376 1331 ἦ
1394 1277 1609 1347 παροιμία,
1639 1279 1733 1329 Πη-

265 1334 358 1384 λεἰἲς
379 1352 455 1389 την
476 1332 675 1389 μάχαιραν
696 1335 752 1384 οἷς
777 1333 845 1376 δια
868 1332 1138 1388 σωφροσύνην
1161 1334 1353 1388 λαβόντος
1375 1330 1504 1375 αὐτοῦ
1519 1333 1588 1374 καὶ
1612 1334 1734 1384 ξίφος

265 1389 436 1434 θεόθεν.
494 1392 675 1443 adagium
694 1392 772 1431 hoc
795 1397 1039 1430 memoratur
1059 1405 1081 1429 a
1100 1391 1221 1432 Suida
1242 1391 1398 1430 duobus
1418 1390 1534 1439 locis,
1561 1403 1605 1433 v.
1633 1387 1734 1443 μέγα

265 1453 413 1517 φρονεῖ
427 1454 466 1486 et
483 1462 522 1488 v.
554 1444 731 1499 Πηλεύς.
785 1448 911 1501 priori
929 1448 1016 1486 loco
1035 1448 1091 1486 sic
1111 1448 1265 1488 scribit:
1295 1444 1402 1501 μάλα
1417 1450 1563 1501 φρονεῖ
1581 1448 1733 1499 μᾶλλον

265 1502 297 1557 ἢ
318 1502 479 1556 Πηλευς
497 1504 563 1545 ἐπὶ
584 1508 637 1560 τῇ
656 1506 841 1561 μαχαίρα.
897 1503 998 1556 φασὶ
1021 1500 1171 1557 ταύτην
1193 1500 1274 1547 ἀπὸ
1297 1520 1367 1545 του
1352 1503 1599 1555 ”’Ἡφαίσιου
1615 1517 1732 1556 γενο-

265 1559 414 1631 μένην,
445 1561 579 1613 δωρον
585 1564 732 1627 Πηλεῖ
755 1558 1022 1613 σωφροσύνης
1045 1560 1162 1601 ἕνεκα
1185 1577 1266 1602 vno
1295 1559 1512 1611 Ἡφαίστου
1538 1560 1731 1625 δοθηναι,

266 1611 298 1673 ᾗ
316 1612 518 1670 χριόμενος
538 1612 670 1656 πάντα
696 1614 930 1669 ἕκατώρθου
956 1616 1023 1656 καὶ
1044 1617 1088 1657 ἐν
1109 1621 1195 1664 ταῖς
1223 1615 1366 1669 μάχαις
1386 1615 1454 1656 καὶ
1475 1615 1519 1656 ἐν
1541 1619 1629 1663 ταῖς
1646 1611 1733 1666 θή-

267 1689 369 1726 ραις.
426 1673 609 1711 Erasmus
632 1672 750 1711 huius
778 1673 904 1724 adagii
922 1672 1160 1710 mentionem
1178 1674 1320 1711 saetam
1341 1685 1391 1710 ex
1411 1671 1584 1710 Zenobio
1609 1671 1731 1710 refert

268 1729 377 1781 apud
396 1728 684 1767 Anacreontem
707 1735 748 1767 et
778 1729 884 1780 apud
902 1729 1131 1770 Pindarum.
1187 1741 1255 1779 ego
1276 1729 1319 1766 in
1345 1728 1460 1766 editis
1483 1727 1603 1766 hodie
1622 1728 1732 1766 Ana-

126 1793 155 1828 P
178 1789 247 1828 504
269 1785 442 1824 creontis
458 1785 557 1825 nihil
576 1784 656 1824 huc
675 1786 875 1837 pertinens
899 1785 1044 1837 reperi.
1099 1784 1320 1824 Pindarus
1309 1799 1352 1823 ιιι
1375 1784 1484 1823 Nem.
1501 1783 1578 1826 Od.
1599 1784 1626 1825 4
1644 1796 1732 1823 mee·

266 1848 398 1882 morat
418 1855 550 1881 ensem
569 1842 671 1880 Pelei
687 1848 727 1880 et
743 1842 957 1880 calumnias
975 1842 1016 1879 in
1037 1853 1127 1881 eum
1148 1841 1394 1893 Hippolytes.
1451 1840 1534 1880 eius
1558 1839 1732 1878 scholia-

267 1906 347 1938 stes
368 1899 419 1937 ad
441 1911 531 1938 eum
550 1898 680 1938 locum
705 1899 778 1950 legi
801 1898 916 1950 digna
935 1898 1088 1940 scribit.
1144 1898 1322 1936 Catullus
1341 1897 1414 1935 sub
1435 1897 1554 1936 finem
1572 1895 1732 1949 epitha-

266 1956 375 1995 lamii
394 1955 496 1994 Pelei
515 1961 555 1994 et
576 1955 764 1995 Thetidos
781 1955 962 1994 domibus
981 1954 1096 1992 castis
1118 1954 1218 1992 Pelei
1236 1954 1398 1992 domum
1417 1959 1608 2003 accenset,
1634 1953 1732 1991 dum

267 2012 326 2050 ait
359 2010 497 2051 domos
533 2013 701 2051 invisere
734 2019 870 2051 castas
904 2011 1149 2063 Caelicolae,
1186 2010 1363 2050 nondam
1398 2017 1534 2063 spreta
1562 2012 1731 2062 pietate,

268 2068 464 2109 solebant.
523 2067 622 2106 haec
641 2068 826 2107 Claudius
849 2068 1071 2107 Maltretus.

378 2124 751 2178 ποντογέφυρα
785 2139 826 2177 Ρ.
850 2128 931 2166 330
963 2138 1003 2165 v.
1021 2128 1089 2167 20.
1148 2122 1180 2176 ἦ
1201 2119 1517 2170 Ἰουστινιᾶνειος
1549 2121 1731 2175 suency&-

266 2194 390 2233 φυρα.
447 2180 503 2217 sic
527 2181 582 2218 ibi
609 2182 781 2232 optimus
799 2181 926 2219 codex
944 2180 1204 2231 Barberinus‚
1233 2186 1366 2219 tamen
1385 2179 1533 2217 habens
1550 2185 1730 2216 notatam

267 2236 310 2273 in
338 2236 509 2286 margine
534 2237 648 2275 aliam
686 2236 805 2276 huius
833 2237 963 2276 ultimi
992 2237 1176 2276 vocabuli
1205 2236 1410 2274 lectionem
1435 2233 1727 2287 πονταγέφυρα,

267 2291 451 2330 vitiosam
471 2298 511 2330 et
523 2293 660 2345 ipsam,
688 2294 758 2332 sed
775 2300 936 2332 eatenus
956 2293 1007 2332 ad
1024 2299 1179 2332 rectum
1200 2293 1449 2331 accedentem
1466 2296 1659 2341 quatenus
1678 2302 1730 2328 ex

268 2342 403 2385 altera
420 2349 635 2387 eirantium
664 2350 902 2400 syllabarum
929 2350 1099 2388 duarum
1126 2349 1315 2387 mendum
1344 2346 1517 2386 sustulit.
1571 2345 1728 2397 scripsit

267 2403 374 2441 enim
399 2403 482 2441 sine
501 2404 620 2443 dubio
636 2405 851 2457 Pachymex
854 2419 892 2443 es
911 2405 1199 2461 ποντογέφυρα.
1257 2404 1365 2454 quod
1384 2409 1430 2441 ut
1449 2402 1728 2450 demonstrem,

267 2460 441 2511 primum
459 2473 563 2510 pono
581 2460 691 2498 haud
710 2475 906 2525 quaquam
921 2462 1146 2513 imposuisse
1164 2460 1423 2499 lastinianum
1443 2458 1602 2508 Sangari
1621 2458 1727 2496 amni

267 2515 552 2567 quintuplicem
580 2522 768 2567 pontem,
797 2518 982 2555 nimirum
1012 2518 1185 2568 quinque
1217 2515 1342 2554 veluti
1372 2514 1727 2564 contignationibus

268 2571 490 2620 sublatum,
520 2571 736 2611 cuiusmodi
759 2572 977 2626 τριγὲφυρα
1001 2587 1107 2625 pons
1131 2573 1275 2623 triplex
1296 2570 1549 2620 antiquissimi
1574 2576 1615 2608 et
1635 2570 1726 2608 miri

268 2627 397 2679 operis
416 2627 612 2679 hodieque
632 2634 826 2680 superstes
845 2628 986 2666 visitur
1006 2642 1124 2679 supra
1143 2627 1368 2666 Gardonem
1382 2626 1548 2665 fluvium
1566 2626 1610 2664 in
1628 2626 1726 2665 Gal-

267 2683 320 2721 lia
342 2684 607 2733 Narbonensi,
649 2684 786 2736 paucis
817 2684 866 2722 ab
892 2684 991 2723 urbe
1015 2685 1148 2722 Ucetia
1168 2683 1396 2722 miliaribus.
1453 2696 1535 2721 non
1564 2683 1665 2721 enim
1692 2682 1730 2720 si

266 2738 344 2777 hoc
362 2741 515 2780 fecisset
534 2740 848 2792 diligentissimus
866 2741 1082 2779 recensitor
1101 2740 1276 2779 omnium
1297 2739 1378 2778 eius
1397 2738 1644 2790 imperatoris
1659 2750 1727 2776 ae-

269 2795 511 2848 dificiorum,
539 2798 580 2837 in
604 2797 767 2852 proprio
786 2797 836 2836 de
863 2795 940 2837 hoc
967 2802 1193 2850 argumento
1213 2809 1355 2850 opere,
1381 2795 1727 2849 praetermissurus
