<?xml version="1.0" encoding="UTF-8"?>
<!DOCTYPE html PUBLIC "-//W3C//DTD XHTML 1.0 Transitional//EN"
    "http://www.w3.org/TR/xhtml1/DTD/xhtml1-transitional.dtd">
<html xmlns="http://www.w3.org/1999/xhtml" xml:lang="en" lang="en">
 <head>
  <title>
</title>
<meta http-equiv="Content-Type" content="text/html;charset=utf-8" />
  <meta name='ocr-system' content='tesseract 3.04.00' />
  <meta name='ocr-capabilities' content='ocr_page ocr_carea ocr_par ocr_line ocrx_word'/>
</head>
<body>
  <div class='ocr_page' id='page_1' title='image "./corpusscriptorum18niebuoft_0862.png"; bbox 0 0 1858 3126; ppageno 0'>
   <div class='ocr_carea' id='block_1_1' title="bbox 338 177 1430 224">
    <p class='ocr_par' dir='ltr' id='par_1_1' title="bbox 338 177 1430 224">
     <span class='ocr_line' id='line_1_1' title="bbox 338 177 1430 224; baseline 0 0"><span class='ocrx_word' id='word_1_1' title='bbox 338 177 434 224; x_wconf 82' lang='lat'>844</span> <span class='ocrx_word' id='word_1_2' title='bbox 742 178 1050 221; x_wconf 85' lang='lat' dir='ltr'><strong>OBSERVAT.</strong></span> <span class='ocrx_word' id='word_1_3' title='bbox 1069 179 1374 224; x_wconf 78' lang='lat' dir='ltr'><strong>PAOHYMER.</strong></span> <span class='ocrx_word' id='word_1_4' title='bbox 1426 192 1430 196; x_wconf 84' lang='lat'>&#39;</span> 
     </span>
    </p>
   </div>
   <div class='ocr_carea' id='block_1_2' title="bbox 355 283 1772 346">
    <p class='ocr_par' dir='ltr' id='par_1_2' title="bbox 355 283 1772 346">
     <span class='ocr_line' id='line_1_2' title="bbox 355 283 1772 346; baseline 0.001 -20"><span class='ocrx_word' id='word_1_5' title='bbox 355 286 431 346; x_wconf 57' lang='lat'>222¹</span> <span class='ocrx_word' id='word_1_6' title='bbox 471 285 632 345; x_wconf 50' lang='lat' dir='ltr'>giumffiz‘-</span> <span class='ocrx_word' id='word_1_7' title='bbox 659 283 816 345; x_wconf 49' lang='lat' dir='ltr'>hugllffih·</span> <span class='ocrx_word' id='word_1_8' title='bbox 920 288 1145 327; x_wconf 87' lang='lat' dir='ltr'>Bonifacius</span> <span class='ocrx_word' id='word_1_9' title='bbox 1180 303 1283 341; x_wconf 87' lang='lat' dir='ltr'>papa</span> <span class='ocrx_word' id='word_1_10' title='bbox 1313 296 1524 332; x_wconf 79' lang='lat' dir='ltr'>coronatur</span> <span class='ocrx_word' id='word_1_11' title='bbox 1555 294 1700 333; x_wconf 78' lang='lat' dir='ltr'>Romae</span> <span class='ocrx_word' id='word_1_12' title='bbox 1728 293 1772 332; x_wconf 77' lang='lat' dir='ltr'>i&#39;n</span> 
     </span>
    </p>
   </div>
   <div class='ocr_carea' id='block_1_3' title="bbox 474 345 1634 414">
    <p class='ocr_par' dir='ltr' id='par_1_3' title="bbox 474 345 1634 414">
     <span class='ocr_line' id='line_1_3' title="bbox 474 345 1634 414; baseline 0.008 -35"><span class='ocrx_word' id='word_1_13' title='bbox 474 351 625 413; x_wconf 46' lang='grc' dir='ltr'>ἐέἱιιῗὲιιοιΰ</span> <span class='ocrx_word' id='word_1_14' title='bbox 657 384 818 414; x_wconf 77' lang='lat' dir='ltr'>Andronici</span> <span class='ocrx_word' id='word_1_15' title='bbox 864 345 1023 383; x_wconf 84' lang='lat' dir='ltr'>basilica</span> <span class='ocrx_word' id='word_1_16' title='bbox 1044 347 1081 384; x_wconf 93' lang='lat' dir='ltr'>S.</span> <span class='ocrx_word' id='word_1_17' title='bbox 1103 345 1207 383; x_wconf 87' lang='lat' dir='ltr'>Petri</span> <span class='ocrx_word' id='word_1_18' title='bbox 1229 349 1282 387; x_wconf 90' lang='lat'>17</span> <span class='ocrx_word' id='word_1_19' title='bbox 1296 347 1376 385; x_wconf 87' lang='lat' dir='ltr'>kal.</span> <span class='ocrx_word' id='word_1_20' title='bbox 1398 347 1430 384; x_wconf 85' lang='lat' dir='ltr'><strong>F</strong></span> <span class='ocrx_word' id='word_1_21' title='bbox 1431 348 1634 390; x_wconf 72' lang='lat' dir='ltr'>ebruarias.</span> 
     </span>
    </p>
   </div>
   <div class='ocr_carea' id='block_1_4' title="bbox 517 418 1771 497">
    <p class='ocr_par' dir='ltr' id='par_1_4' title="bbox 517 418 1771 497">
     <span class='ocr_line' id='line_1_4' title="bbox 517 418 1771 497; baseline 0.004 -36"><span class='ocrx_word' id='word_1_22' title='bbox 517 418 590 496; x_wconf 76' lang='lat' dir='ltr'><strong>V¹1¹¹</strong></span> <span class='ocrx_word' id='word_1_23' title='bbox 715 457 764 497; x_wconf 70' lang='lat'>13</span> <span class='ocrx_word' id='word_1_24' title='bbox 921 423 1167 462; x_wconf 84' lang='lat' dir='ltr'><strong>Andronicus</strong></span> <span class='ocrx_word' id='word_1_25' title='bbox 1179 423 1405 464; x_wconf 59' lang='lat' dir='ltr'>Michasslem</span> <span class='ocrx_word' id='word_1_26' title='bbox 1419 425 1562 476; x_wconf 83' lang='lat' dir='ltr'>filium,</span> <span class='ocrx_word' id='word_1_27' title='bbox 1578 427 1656 465; x_wconf 82' lang='lat' dir='ltr'>iam</span> <span class='ocrx_word' id='word_1_28' title='bbox 1671 440 1771 469; x_wconf 88' lang='lat' dir='ltr'>anno</span> 
     </span>
    </p>
   </div>
   <div class='ocr_carea' id='block_1_5' title="bbox 660 480 1774 691">
    <p class='ocr_par' dir='ltr' id='par_1_5' title="bbox 660 480 1774 691">
     <span class='ocr_line' id='line_1_5' title="bbox 660 480 1773 536; baseline 0.003 -19"><span class='ocrx_word' id='word_1_29' title='bbox 660 508 810 536; x_wconf 75' lang='lat' dir='ltr'>Michael.</span> <span class='ocrx_word' id='word_1_30' title='bbox 866 480 1060 532; x_wconf 80' lang='lat' dir='ltr'>superiori</span> <span class='ocrx_word' id='word_1_31' title='bbox 1081 480 1122 517; x_wconf 91' lang='lat' dir='ltr'>in</span> <span class='ocrx_word' id='word_1_32' title='bbox 1145 481 1332 531; x_wconf 83' lang='lat' dir='ltr'>collegam</span> <span class='ocrx_word' id='word_1_33' title='bbox 1348 481 1500 533; x_wconf 88' lang='lat' dir='ltr'>imperii</span> <span class='ocrx_word' id='word_1_34' title='bbox 1520 488 1773 534; x_wconf 84' lang='lat' dir='ltr'>assumptum,</span> 
     </span>
     <span class='ocr_line' id='line_1_6' title="bbox 734 536 1772 587; baseline 0.003 -14"><span class='ocrx_word' id='word_1_35' title='bbox 734 548 763 587; x_wconf 77' lang='lat'>2</span> <span class='ocrx_word' id='word_1_36' title='bbox 866 540 918 579; x_wconf 80' lang='lat'>21</span> <span class='ocrx_word' id='word_1_37' title='bbox 939 536 1000 574; x_wconf 88' lang='lat' dir='ltr'>die</span> <span class='ocrx_word' id='word_1_38' title='bbox 1018 536 1109 574; x_wconf 84' lang='lat' dir='ltr'>Maii</span> <span class='ocrx_word' id='word_1_39' title='bbox 1129 537 1309 575; x_wconf 88' lang='lat' dir='ltr'>coronari</span> <span class='ocrx_word' id='word_1_40' title='bbox 1333 537 1560 576; x_wconf 85' lang='lat' dir='ltr'>solemniter</span> <span class='ocrx_word' id='word_1_41' title='bbox 1590 539 1772 576; x_wconf 87' lang='lat' dir='ltr'>curat·in</span> 
     </span>
     <span class='ocr_line' id='line_1_7' title="bbox 863 591 1774 691; baseline 0.003 -62"><span class='ocrx_word' id='word_1_42' title='bbox 863 593 1010 686; x_wconf 42' lang='lat' dir='ltr'>amplo</span> <span class='ocrx_word' id='word_1_43' title='bbox 1027 591 1269 691; x_wconf 55' lang='lat' dir='ltr'>lS.3S‹;pl;iae‚</span> <span class='ocrx_word' id='word_1_44' title='bbox 1291 607 1409 645; x_wconf 84' lang='lat' dir='ltr'>opera</span> <span class='ocrx_word' id='word_1_45' title='bbox 1426 594 1584 632; x_wconf 85' lang='lat' dir='ltr'>Ioannis</span> <span class='ocrx_word' id='word_1_46' title='bbox 1603 593 1774 646; x_wconf 81' lang='lat' dir='ltr'>patriar-</span> 
     </span>
    </p>
   </div>
   <div class='ocr_carea' id='block_1_6' title="bbox 861 715 1773 870">
    <p class='ocr_par' dir='ltr' id='par_1_6' title="bbox 861 715 1773 870">
     <span class='ocr_line' id='line_1_8' title="bbox 919 715 1773 767; baseline 0.001 -15"><span class='ocrx_word' id='word_1_47' title='bbox 919 715 1023 764; x_wconf 85' lang='lat' dir='ltr'>Ales,</span> <span class='ocrx_word' id='word_1_48' title='bbox 1054 715 1240 754; x_wconf 87' lang='lat' dir='ltr'>Amurius</span> <span class='ocrx_word' id='word_1_49' title='bbox 1259 728 1308 753; x_wconf 87' lang='lat' dir='ltr'>ex</span> <span class='ocrx_word' id='word_1_50' title='bbox 1330 721 1442 767; x_wconf 81' lang='lat' dir='ltr'>patre</span> <span class='ocrx_word' id='word_1_51' title='bbox 1461 715 1773 767; x_wconf 86' lang='lat' dir='ltr'>cognominatus,</span> 
     </span>
     <span class='ocr_line' id='line_1_9' title="bbox 861 771 1773 823; baseline 0.001 -15"><span class='ocrx_word' id='word_1_52' title='bbox 861 771 1049 809; x_wconf 87' lang='lat' dir='ltr'>Melecum</span> <span class='ocrx_word' id='word_1_53' title='bbox 1091 771 1216 823; x_wconf 87' lang='lat' dir='ltr'>patris</span> <span class='ocrx_word' id='word_1_54' title='bbox 1262 771 1554 811; x_wconf 80' lang='lat' dir='ltr'>interfectorem</span> <span class='ocrx_word' id='word_1_55' title='bbox 1587 773 1773 822; x_wconf 81' lang='lat' dir='ltr'>singulari</span> 
     </span>
     <span class='ocr_line' id='line_1_10' title="bbox 861 827 1682 870; baseline 0.002 -5"><span class='ocrx_word' id='word_1_56' title='bbox 861 827 1071 865; x_wconf 83' lang='lat' dir='ltr'><strong>certamine</strong></span> <span class='ocrx_word' id='word_1_57' title='bbox 1089 828 1242 866; x_wconf 88' lang='lat' dir='ltr'>victum</span> <span class='ocrx_word' id='word_1_58' title='bbox 1260 828 1417 866; x_wconf 84' lang='lat' dir='ltr'>occidit.</span> <span class='ocrx_word' id='word_1_59' title='bbox 1471 828 1499 870; x_wconf 90' lang='lat' dir='ltr'>l.</span> <span class='ocrx_word' id='word_1_60' title='bbox 1516 827 1542 869; x_wconf 81' lang='lat'>4</span> <span class='ocrx_word' id='word_1_61' title='bbox 1563 841 1598 867; x_wconf 88' lang='lat' dir='ltr'>c.</span> <span class='ocrx_word' id='word_1_62' title='bbox 1613 827 1682 869; x_wconf 84' lang='lat'>25.</span> 
     </span>
    </p>
   </div>
   <div class='ocr_carea' id='block_1_7' title="bbox 858 894 1774 1114">
    <p class='ocr_par' dir='ltr' id='par_1_7' title="bbox 858 894 1774 1114">
     <span class='ocr_line' id='line_1_11' title="bbox 915 894 1774 947; baseline 0.002 -17"><span class='ocrx_word' id='word_1_63' title='bbox 915 894 1081 932; x_wconf 87' lang='lat' dir='ltr'>Ioannes</span> <span class='ocrx_word' id='word_1_64' title='bbox 1103 895 1315 934; x_wconf 82' lang='lat' dir='ltr'>Andronici</span> <span class='ocrx_word' id='word_1_65' title='bbox 1332 895 1580 947; x_wconf 87' lang='lat' dir='ltr'>imperatoris</span> <span class='ocrx_word' id='word_1_66' title='bbox 1598 907 1647 932; x_wconf 84' lang='lat' dir='ltr'>ex</span> <span class='ocrx_word' id='word_1_67' title='bbox 1663 894 1774 932; x_wconf 83' lang='lat' dir='ltr'>Irene</span> 
     </span>
     <span class='ocr_line' id='line_1_12' title="bbox 860 950 1773 1003; baseline 0 -16"><span class='ocrx_word' id='word_1_68' title='bbox 860 950 1030 988; x_wconf 85' lang='lat' dir='ltr'>secunda</span> <span class='ocrx_word' id='word_1_69' title='bbox 1052 952 1214 1002; x_wconf 88' lang='lat' dir='ltr'>coniuge</span> <span class='ocrx_word' id='word_1_70' title='bbox 1233 951 1514 1003; x_wconf 86' lang='lat' dir='ltr'>primogenitus</span> <span class='ocrx_word' id='word_1_71' title='bbox 1531 950 1647 999; x_wconf 81' lang='lat' dir='ltr'>filius,</span> <span class='ocrx_word' id='word_1_72' title='bbox 1666 963 1773 988; x_wconf 86' lang='lat' dir='ltr'>crea-</span> 
     </span>
     <span class='ocr_line' id='line_1_13' title="bbox 858 1005 1772 1056; baseline 0.001 -14"><span class='ocrx_word' id='word_1_73' title='bbox 858 1012 925 1042; x_wconf 87' lang='lat' dir='ltr'>tur</span> <span class='ocrx_word' id='word_1_74' title='bbox 949 1020 969 1042; x_wconf 86' lang='lat' dir='ltr'>a</span> <span class='ocrx_word' id='word_1_75' title='bbox 998 1012 1108 1056; x_wconf 87' lang='lat' dir='ltr'>patre</span> <span class='ocrx_word' id='word_1_76' title='bbox 1139 1014 1176 1045; x_wconf 89' lang='lat' dir='ltr'>et</span> <span class='ocrx_word' id='word_1_77' title='bbox 1202 1008 1323 1045; x_wconf 88' lang='lat' dir='ltr'>fratre</span> <span class='ocrx_word' id='word_1_78' title='bbox 1349 1006 1535 1046; x_wconf 63' lang='lat' dir='ltr'>Michaele</span> <span class='ocrx_word' id='word_1_79' title='bbox 1560 1019 1667 1045; x_wconf 85' lang='lat' dir='ltr'>novo</span> <span class='ocrx_word' id='word_1_80' title='bbox 1693 1005 1772 1043; x_wconf 80' lang='lat' dir='ltr'>Au-</span> 
     </span>
     <span class='ocr_line' id='line_1_14' title="bbox 858 1062 1359 1114; baseline 0.012 -16"><span class='ocrx_word' id='word_1_81' title='bbox 858 1067 970 1112; x_wconf 86' lang='lat' dir='ltr'>gusto</span> <span class='ocrx_word' id='word_1_82' title='bbox 992 1062 1152 1114; x_wconf 82' lang='lat' dir='ltr'>despota</span> <span class='ocrx_word' id='word_1_83' title='bbox 1170 1063 1197 1101; x_wconf 90' lang='lat' dir='ltr'>l.</span> <span class='ocrx_word' id='word_1_84' title='bbox 1218 1066 1243 1103; x_wconf 83' lang='lat'><strong>3</strong></span> <span class='ocrx_word' id='word_1_85' title='bbox 1266 1077 1299 1103; x_wconf 79' lang='lat' dir='ltr'>c,</span> <span class='ocrx_word' id='word_1_86' title='bbox 1321 1067 1359 1104; x_wconf 85' lang='grc'>2-</span> 
     </span>
    </p>
   </div>
   <div class='ocr_carea' id='block_1_8' title="bbox 858 1128 1775 1781">
    <p class='ocr_par' dir='ltr' id='par_1_8' title="bbox 858 1128 1775 1781">
     <span class='ocr_line' id='line_1_15' title="bbox 916 1128 1773 1181; baseline 0 -15"><span class='ocrx_word' id='word_1_87' title='bbox 916 1129 1013 1166; x_wconf 89' lang='lat' dir='ltr'>Cum</span> <span class='ocrx_word' id='word_1_88' title='bbox 1047 1128 1271 1180; x_wconf 84' lang='lat' dir='ltr'>patriarcha</span> <span class='ocrx_word' id='word_1_89' title='bbox 1305 1135 1343 1167; x_wconf 90' lang='lat' dir='ltr'>et</span> <span class='ocrx_word' id='word_1_90' title='bbox 1378 1129 1554 1181; x_wconf 84' lang='lat' dir='ltr'>episcopi</span> <span class='ocrx_word' id='word_1_91' title='bbox 1588 1128 1773 1180; x_wconf 80' lang='lat' dir='ltr'>Augustis</span> 
     </span>
     <span class='ocr_line' id='line_1_16' title="bbox 859 1183 1774 1236; baseline 0 -14"><span class='ocrx_word' id='word_1_92' title='bbox 859 1184 1082 1236; x_wconf 86' lang='lat' dir='ltr'>petentibus</span> <span class='ocrx_word' id='word_1_93' title='bbox 1115 1190 1320 1235; x_wconf 81' lang='lat' dir='ltr'>negassent</span> <span class='ocrx_word' id='word_1_94' title='bbox 1353 1183 1645 1236; x_wconf 85' lang='lat' dir='ltr'>expeditionem</span> <span class='ocrx_word' id='word_1_95' title='bbox 1674 1197 1774 1222; x_wconf 88' lang='lat' dir='ltr'>con-</span> 
     </span>
     <span class='ocr_line' id='line_1_17' title="bbox 860 1240 1774 1290; baseline 0 -13"><span class='ocrx_word' id='word_1_96' title='bbox 860 1241 1076 1278; x_wconf 76' lang='lat' dir='ltr'>stitutionis</span> <span class='ocrx_word' id='word_1_97' title='bbox 1099 1241 1392 1290; x_wconf 79' lang='lat' dir='ltr'>ecclesiasticae,</span> <span class='ocrx_word' id='word_1_98' title='bbox 1415 1253 1491 1290; x_wconf 87' lang='lat' dir='ltr'>qua</span> <span class='ocrx_word' id='word_1_99' title='bbox 1512 1240 1608 1278; x_wconf 82' lang='lat' dir='ltr'>diris</span> <span class='ocrx_word' id='word_1_100' title='bbox 1627 1245 1666 1279; x_wconf 86' lang='lat' dir='ltr'>et</span> <span class='ocrx_word' id='word_1_101' title='bbox 1683 1253 1774 1277; x_wconf 87' lang='lat' dir='ltr'>ana-</span> 
     </span>
     <span class='ocr_line' id='line_1_18' title="bbox 862 1295 1774 1346; baseline 0 -13"><span class='ocrx_word' id='word_1_102' title='bbox 862 1295 1026 1333; x_wconf 81' lang='lat' dir='ltr'>themati</span> <span class='ocrx_word' id='word_1_103' title='bbox 1043 1296 1331 1334; x_wconf 87' lang='lat' dir='ltr'>subiicerentur</span> <span class='ocrx_word' id='word_1_104' title='bbox 1348 1297 1414 1346; x_wconf 90' lang='lat' dir='ltr'>qui</span> <span class='ocrx_word' id='word_1_105' title='bbox 1434 1295 1695 1334; x_wconf 87' lang='lat' dir='ltr'>obedientiam</span> <span class='ocrx_word' id='word_1_106' title='bbox 1710 1309 1774 1333; x_wconf 72' lang='lat' dir='ltr'>ne-</span> 
     </span>
     <span class='ocr_line' id='line_1_19' title="bbox 860 1351 1775 1402; baseline 0 -13"><span class='ocrx_word' id='word_1_107' title='bbox 860 1358 1014 1401; x_wconf 84' lang='lat' dir='ltr'>gassent</span> <span class='ocrx_word' id='word_1_108' title='bbox 1044 1351 1225 1390; x_wconf 69' lang='lat' dir='ltr'>Michaeli</span> <span class='ocrx_word' id='word_1_109' title='bbox 1246 1351 1392 1390; x_wconf 87' lang='lat' dir='ltr'>iuniori</span> <span class='ocrx_word' id='word_1_110' title='bbox 1415 1351 1611 1402; x_wconf 86' lang='lat' dir='ltr'>Augusto,</span> <span class='ocrx_word' id='word_1_111' title='bbox 1641 1352 1684 1390; x_wconf 87' lang='lat' dir='ltr'>in</span> <span class='ocrx_word' id='word_1_112' title='bbox 1713 1351 1775 1389; x_wconf 92' lang='lat' dir='ltr'>ul-</span> 
     </span>
     <span class='ocr_line' id='line_1_20' title="bbox 860 1407 1775 1459; baseline -0.002 -13"><span class='ocrx_word' id='word_1_113' title='bbox 860 1408 1006 1446; x_wconf 87' lang='lat' dir='ltr'>tionem</span> <span class='ocrx_word' id='word_1_114' title='bbox 1030 1408 1111 1445; x_wconf 89' lang='lat' dir='ltr'>eius</span> <span class='ocrx_word' id='word_1_115' title='bbox 1138 1408 1317 1459; x_wconf 87' lang='lat' dir='ltr'>repulsae</span> <span class='ocrx_word' id='word_1_116' title='bbox 1339 1407 1588 1445; x_wconf 82' lang='lat' dir='ltr'>Andronicus</span> <span class='ocrx_word' id='word_1_117' title='bbox 1607 1407 1775 1458; x_wconf 89' lang='lat' dir='ltr'>impera-</span> 
     </span>
     <span class='ocr_line' id='line_1_21' title="bbox 859 1462 1774 1514; baseline -0.002 -12"><span class='ocrx_word' id='word_1_118' title='bbox 859 1470 925 1502; x_wconf 85' lang='lat' dir='ltr'>tor</span> <span class='ocrx_word' id='word_1_119' title='bbox 947 1464 1153 1502; x_wconf 89' lang='lat' dir='ltr'>Novellam</span> <span class='ocrx_word' id='word_1_120' title='bbox 1174 1463 1464 1514; x_wconf 83' lang='lat' dir='ltr'>promulgavit,</span> <span class='ocrx_word' id='word_1_121' title='bbox 1493 1476 1570 1514; x_wconf 88' lang='lat' dir='ltr'>qua</span> <span class='ocrx_word' id='word_1_122' title='bbox 1590 1462 1774 1501; x_wconf 82' lang='lat' dir='ltr'>distribu-</span> 
     </span>
     <span class='ocr_line' id='line_1_22' title="bbox 859 1518 1773 1570; baseline -0.002 -13"><span class='ocrx_word' id='word_1_123' title='bbox 859 1519 984 1557; x_wconf 87' lang='lat' dir='ltr'>tiones</span> <span class='ocrx_word' id='word_1_124' title='bbox 1027 1520 1293 1569; x_wconf 78' lang='lat' dir='ltr'>sportularum</span> <span class='ocrx_word' id='word_1_125' title='bbox 1336 1519 1382 1556; x_wconf 89' lang='lat' dir='ltr'>ab</span> <span class='ocrx_word' id='word_1_126' title='bbox 1428 1518 1638 1570; x_wconf 87' lang='lat' dir='ltr'>episcopo,</span> <span class='ocrx_word' id='word_1_127' title='bbox 1679 1518 1773 1556; x_wconf 90' lang='lat' dir='ltr'>dum</span> 
     </span>
     <span class='ocr_line' id='line_1_23' title="bbox 862 1572 1774 1624; baseline -0.002 -12"><span class='ocrx_word' id='word_1_128' title='bbox 862 1575 1185 1623; x_wconf 87' lang='lat' dir='ltr'>consecrabatur,</span> <span class='ocrx_word' id='word_1_129' title='bbox 1215 1574 1534 1624; x_wconf 79' lang='lat' dir='ltr'>suffragatoribus</span> <span class='ocrx_word' id='word_1_130' title='bbox 1554 1580 1593 1611; x_wconf 86' lang='lat' dir='ltr'>et</span> <span class='ocrx_word' id='word_1_131' title='bbox 1613 1572 1774 1611; x_wconf 86' lang='lat' dir='ltr'>ordina-</span> 
     </span>
     <span class='ocr_line' id='line_1_24' title="bbox 858 1629 1774 1668; baseline -0.003 0"><span class='ocrx_word' id='word_1_132' title='bbox 858 1631 1012 1668; x_wconf 86' lang='lat' dir='ltr'>toribus</span> <span class='ocrx_word' id='word_1_133' title='bbox 1033 1631 1112 1668; x_wconf 89' lang='lat' dir='ltr'>suis</span> <span class='ocrx_word' id='word_1_134' title='bbox 1130 1631 1213 1668; x_wconf 89' lang='lat' dir='ltr'>fieri</span> <span class='ocrx_word' id='word_1_135' title='bbox 1236 1630 1369 1667; x_wconf 83' lang='lat' dir='ltr'>solitas</span> <span class='ocrx_word' id='word_1_136' title='bbox 1388 1635 1432 1667; x_wconf 90' lang='lat' dir='ltr'>ut</span> <span class='ocrx_word' id='word_1_137' title='bbox 1451 1629 1687 1666; x_wconf 87' lang='lat' dir='ltr'>Simoniacas</span> <span class='ocrx_word' id='word_1_138' title='bbox 1707 1629 1774 1666; x_wconf 86' lang='lat' dir='ltr'>da-</span> 
     </span>
     <span class='ocr_line' id='line_1_25' title="bbox 858 1683 1772 1737; baseline 0.002 -15"><span class='ocrx_word' id='word_1_139' title='bbox 858 1687 1010 1722; x_wconf 88' lang='lat' dir='ltr'>mnavit</span> <span class='ocrx_word' id='word_1_140' title='bbox 1043 1691 1081 1723; x_wconf 92' lang='lat' dir='ltr'>et</span> <span class='ocrx_word' id='word_1_141' title='bbox 1108 1686 1150 1723; x_wconf 87' lang='lat' dir='ltr'>in</span> <span class='ocrx_word' id='word_1_142' title='bbox 1174 1690 1378 1737; x_wconf 87' lang='lat' dir='ltr'>posterum</span> <span class='ocrx_word' id='word_1_143' title='bbox 1413 1684 1628 1736; x_wconf 84' lang='lat' dir='ltr'>prohibuit.</span> <span class='ocrx_word' id='word_1_144' title='bbox 1684 1683 1714 1723; x_wconf 87' lang='lat' dir='ltr'>l.</span> <span class='ocrx_word' id='word_1_145' title='bbox 1746 1686 1772 1724; x_wconf 81' lang='lat'><strong>3</strong></span> 
     </span>
     <span class='ocr_line' id='line_1_26' title="bbox 858 1744 958 1781; baseline 0 -3"><span class='ocrx_word' id='word_1_146' title='bbox 858 1754 892 1780; x_wconf 87' lang='lat' dir='ltr'>c.</span> <span class='ocrx_word' id='word_1_147' title='bbox 920 1744 958 1781; x_wconf 82' lang='lat'>3.</span> 
     </span>
    </p>
   </div>
   <div class='ocr_carea' id='block_1_9' title="bbox 858 1804 1774 2199">
    <p class='ocr_par' dir='ltr' id='par_1_9' title="bbox 858 1804 1773 2125">
     <span class='ocr_line' id='line_1_27' title="bbox 911 1804 1773 1855; baseline -0.002 -11"><span class='ocrx_word' id='word_1_148' title='bbox 911 1805 1202 1844; x_wconf 87' lang='lat' dir='ltr'>Matrimonium</span> <span class='ocrx_word' id='word_1_149' title='bbox 1238 1805 1437 1844; x_wconf 72' lang='lat' dir='ltr'>Michafflis</span> <span class='ocrx_word' id='word_1_150' title='bbox 1476 1804 1643 1855; x_wconf 81' lang='lat' dir='ltr'>Augusti</span> <span class='ocrx_word' id='word_1_151' title='bbox 1684 1817 1773 1842; x_wconf 92' lang='lat' dir='ltr'>cum</span> 
     </span>
     <span class='ocr_line' id='line_1_28' title="bbox 858 1858 1772 1912; baseline -0.002 -13"><span class='ocrx_word' id='word_1_152' title='bbox 858 1862 1052 1900; x_wconf 88' lang='lat' dir='ltr'>Ithamare</span> <span class='ocrx_word' id='word_1_153' title='bbox 1081 1861 1163 1899; x_wconf 83' lang='lat' dir='ltr'>filia</span> <span class='ocrx_word' id='word_1_154' title='bbox 1194 1861 1373 1899; x_wconf 84' lang='lat' dir='ltr'>defuncti</span> <span class='ocrx_word' id='word_1_155' title='bbox 1401 1860 1612 1912; x_wconf 87' lang='lat' dir='ltr'>Nicephori</span> <span class='ocrx_word' id='word_1_156' title='bbox 1632 1858 1772 1910; x_wconf 80' lang='lat' dir='ltr'>Angeli</span> 
     </span>
     <span class='ocr_line' id='line_1_29' title="bbox 859 1916 1772 1968; baseline -0.002 -13"><span class='ocrx_word' id='word_1_157' title='bbox 859 1918 1057 1968; x_wconf 86' lang='lat' dir='ltr'>despotae,</span> <span class='ocrx_word' id='word_1_158' title='bbox 1073 1917 1263 1954; x_wconf 88' lang='lat' dir='ltr'>ambitum</span> <span class='ocrx_word' id='word_1_159' title='bbox 1284 1917 1330 1955; x_wconf 84' lang='lat' dir='ltr'>ab</span> <span class='ocrx_word' id='word_1_160' title='bbox 1339 1916 1449 1954; x_wconf 85' lang='lat' dir='ltr'>Anna</span> <span class='ocrx_word' id='word_1_161' title='bbox 1469 1916 1619 1968; x_wconf 87' lang='lat' dir='ltr'>puellae</span> <span class='ocrx_word' id='word_1_162' title='bbox 1636 1921 1772 1964; x_wconf 85' lang='lat' dir='ltr'>matre,</span> 
     </span>
     <span class='ocr_line' id='line_1_30' title="bbox 858 1971 1772 2023; baseline -0.003 -12"><span class='ocrx_word' id='word_1_163' title='bbox 858 1973 953 2012; x_wconf 90' lang='lat' dir='ltr'>licet</span> <span class='ocrx_word' id='word_1_164' title='bbox 980 1973 1144 2023; x_wconf 88' lang='lat' dir='ltr'>imperio</span> <span class='ocrx_word' id='word_1_165' title='bbox 1173 1972 1291 2020; x_wconf 85' lang='lat' dir='ltr'>utile,</span> <span class='ocrx_word' id='word_1_166' title='bbox 1321 1971 1370 2010; x_wconf 91' lang='lat' dir='ltr'>ob</span> <span class='ocrx_word' id='word_1_167' title='bbox 1397 1978 1550 2010; x_wconf 81' lang='lat' dir='ltr'>sextum</span> <span class='ocrx_word' id='word_1_168' title='bbox 1575 1971 1679 2009; x_wconf 84' lang='lat' dir='ltr'>inter</span> <span class='ocrx_word' id='word_1_169' title='bbox 1701 1971 1772 2008; x_wconf 89' lang='lat' dir='ltr'>de-</span> 
     </span>
     <span class='ocr_line' id='line_1_31' title="bbox 860 2026 1773 2079; baseline -0.002 -13"><span class='ocrx_word' id='word_1_170' title='bbox 860 2029 1022 2066; x_wconf 82' lang='lat' dir='ltr'>stinatos</span> <span class='ocrx_word' id='word_1_171' title='bbox 1041 2028 1223 2079; x_wconf 84' lang='lat' dir='ltr'>coniuges</span> <span class='ocrx_word' id='word_1_172' title='bbox 1242 2027 1590 2079; x_wconf 84' lang='lat' dir='ltr'>consanguinitatis</span> <span class='ocrx_word' id='word_1_173' title='bbox 1606 2026 1773 2078; x_wconf 72' lang='lat' dir='ltr'>gradum</span> 
     </span>
     <span class='ocr_line' id='line_1_32' title="bbox 859 2082 1294 2125; baseline 0 -2"><span class='ocrx_word' id='word_1_174' title='bbox 859 2084 1050 2123; x_wconf 81' lang='lat' dir='ltr'>reiicitur.</span> <span class='ocrx_word' id='word_1_175' title='bbox 1108 2085 1135 2122; x_wconf 90' lang='lat' dir='ltr'>l.</span> <span class='ocrx_word' id='word_1_176' title='bbox 1155 2087 1179 2125; x_wconf 75' lang='lat'>3</span> <span class='ocrx_word' id='word_1_177' title='bbox 1202 2097 1235 2122; x_wconf 92' lang='lat' dir='ltr'>c.</span> <span class='ocrx_word' id='word_1_178' title='bbox 1253 2082 1294 2123; x_wconf 85' lang='lat'>4.</span> 
     </span>
    </p>

    <p class='ocr_par' dir='ltr' id='par_1_10' title="bbox 914 2147 1774 2199">
     <span class='ocr_line' id='line_1_33' title="bbox 914 2147 1774 2199; baseline -0.006 -9"><span class='ocrx_word' id='word_1_179' title='bbox 914 2151 1055 2190; x_wconf 84' lang='lat' dir='ltr'>Veneti</span> <span class='ocrx_word' id='word_1_180' title='bbox 1074 2158 1112 2189; x_wconf 82' lang='lat' dir='ltr'>et</span> <span class='ocrx_word' id='word_1_181' title='bbox 1129 2151 1352 2189; x_wconf 89' lang='lat' dir='ltr'>Genuenses</span> <span class='ocrx_word' id='word_1_182' title='bbox 1373 2147 1713 2199; x_wconf 86' lang='lat' dir='ltr'>Constantinopoli</span> <span class='ocrx_word' id='word_1_183' title='bbox 1733 2160 1774 2185; x_wconf 82' lang='lat' dir='ltr'>se</span> 
     </span>
    </p>
   </div>
   <div class='ocr_carea' id='block_1_10' title="bbox 860 2202 1773 2304">
    <p class='ocr_par' dir='ltr' id='par_1_11' title="bbox 860 2202 1773 2304">
     <span class='ocr_line' id='line_1_34' title="bbox 860 2202 1773 2258; baseline -0.007 -13"><span class='ocrx_word' id='word_1_184' title='bbox 860 2213 996 2245; x_wconf 88' lang='lat' dir='ltr'>mutuo</span> <span class='ocrx_word' id='word_1_185' title='bbox 1020 2207 1222 2255; x_wconf 80' lang='lat' dir='ltr'>infestant,</span> <span class='ocrx_word' id='word_1_186' title='bbox 1249 2204 1561 2258; x_wconf 86' lang='lat' dir='ltr'>implacabilibus</span> <span class='ocrx_word' id='word_1_187' title='bbox 1578 2202 1773 2242; x_wconf 86' lang='lat' dir='ltr'>commissi</span> 
     </span>
     <span class='ocr_line' id='line_1_35' title="bbox 862 2261 1243 2304; baseline -0.005 -3"><span class='ocrx_word' id='word_1_188' title='bbox 862 2263 975 2302; x_wconf 88' lang='lat' dir='ltr'>odiis.</span> <span class='ocrx_word' id='word_1_189' title='bbox 1028 2262 1057 2300; x_wconf 88' lang='lat' dir='ltr'>l.</span> <span class='ocrx_word' id='word_1_190' title='bbox 1076 2266 1101 2304; x_wconf 83' lang='lat'><strong>3</strong></span> <span class='ocrx_word' id='word_1_191' title='bbox 1127 2275 1159 2299; x_wconf 90' lang='lat' dir='ltr'>c.</span> <span class='ocrx_word' id='word_1_192' title='bbox 1179 2261 1243 2303; x_wconf 86' lang='lat'>15.</span> 
     </span>
    </p>
   </div>
   <div class='ocr_carea' id='block_1_11' title="bbox 197 542 313 576">
    <p class='ocr_par' dir='ltr' id='par_1_12' title="bbox 197 542 313 576">
     <span class='ocr_line' id='line_1_36' title="bbox 197 542 313 576; baseline 0.017 -2"><span class='ocrx_word' id='word_1_193' title='bbox 197 542 223 574; x_wconf 91' lang='lat' dir='ltr'>P</span> <span class='ocrx_word' id='word_1_194' title='bbox 246 542 313 576; x_wconf 77' lang='lat'>612</span> 
     </span>
    </p>
   </div>
   <div class='ocr_carea' id='block_1_12' title="bbox 461 2356 637 2362">
    <p class='ocr_par' dir='ltr' id='par_1_13' title="bbox 461 2356 637 2362">
     <span class='ocr_line' id='line_1_37' title="bbox 461 2356 637 2362; baseline 0 0"><span class='ocrx_word' id='word_1_195' title='bbox 461 2356 637 2362; x_wconf 95' lang='lat' dir='ltr'> </span> 
     </span>
    </p>
   </div>
   <div class='ocr_carea' id='block_1_13' title="bbox 655 2353 824 2362">
    <p class='ocr_par' dir='ltr' id='par_1_14' title="bbox 655 2353 824 2362">
     <span class='ocr_line' id='line_1_38' title="bbox 655 2353 824 2362; baseline 0 0"><span class='ocrx_word' id='word_1_196' title='bbox 655 2353 824 2362; x_wconf 95' lang='lat' dir='ltr'> </span> 
     </span>
    </p>
   </div>
   <div class='ocr_carea' id='block_1_14' title="bbox 548 2390 1774 2733">
    <p class='ocr_par' dir='ltr' id='par_1_15' title="bbox 548 2390 1774 2733">
     <span class='ocr_line' id='line_1_39' title="bbox 548 2390 1773 2445; baseline -0.008 -10"><span class='ocrx_word' id='word_1_197' title='bbox 548 2405 576 2442; x_wconf 82' lang='lat'><strong>2</strong></span> <span class='ocrx_word' id='word_1_198' title='bbox 669 2396 800 2423; x_wconf 70' lang='lat' dir='ltr'>Andron„</span> <span class='ocrx_word' id='word_1_199' title='bbox 919 2395 1086 2436; x_wconf 69' lang='lat' dir='ltr'>Michaffl</span> <span class='ocrx_word' id='word_1_200' title='bbox 1110 2396 1305 2445; x_wconf 87' lang='lat' dir='ltr'>Augustus</span> <span class='ocrx_word' id='word_1_201' title='bbox 1322 2393 1456 2431; x_wconf 90' lang='lat' dir='ltr'>iunior</span> <span class='ocrx_word' id='word_1_202' title='bbox 1476 2391 1540 2429; x_wconf 78' lang='lat' dir='ltr'>die</span> <span class='ocrx_word' id='word_1_203' title='bbox 1561 2393 1612 2432; x_wconf 89' lang='lat'>16</span> <span class='ocrx_word' id='word_1_204' title='bbox 1631 2390 1773 2427; x_wconf 88' lang='lat' dir='ltr'>Ianua·-</span> 
     </span>
     <span class='ocr_line' id='line_1_40' title="bbox 700 2433 1774 2502; baseline -0.007 -13"><span class='ocrx_word' id='word_1_205' title='bbox 700 2433 784 2491; x_wconf 70' lang='lat'>.14„</span> <span class='ocrx_word' id='word_1_206' title='bbox 864 2452 914 2489; x_wconf 89' lang='lat' dir='ltr'>rii</span> <span class='ocrx_word' id='word_1_207' title='bbox 948 2457 1139 2502; x_wconf 88' lang='lat' dir='ltr'>apparatu</span> <span class='ocrx_word' id='word_1_208' title='bbox 1172 2449 1374 2502; x_wconf 86' lang='lat' dir='ltr'>splendide</span> <span class='ocrx_word' id='word_1_209' title='bbox 1409 2447 1566 2498; x_wconf 80' lang='lat' dir='ltr'>nuptias</span> <span class='ocrx_word' id='word_1_210' title='bbox 1604 2444 1774 2484; x_wconf 84' lang='lat' dir='ltr'>celebrat</span> 
     </span>
     <span class='ocr_line' id='line_1_41' title="bbox 736 2500 1772 2562; baseline -0.008 -17"><span class='ocrx_word' id='word_1_211' title='bbox 736 2524 762 2562; x_wconf 78' lang='lat'><strong>3</strong></span> <span class='ocrx_word' id='word_1_212' title='bbox 800 2503 807 2510; x_wconf 76' lang='grc'><strong>’</strong></span> <span class='ocrx_word' id='word_1_213' title='bbox 865 2520 955 2544; x_wconf 88' lang='lat' dir='ltr'>cum</span> <span class='ocrx_word' id='word_1_214' title='bbox 994 2506 1116 2545; x_wconf 87' lang='lat' dir='ltr'>Maria</span> <span class='ocrx_word' id='word_1_215' title='bbox 1155 2506 1257 2556; x_wconf 88' lang='lat' dir='ltr'>regis</span> <span class='ocrx_word' id='word_1_216' title='bbox 1296 2502 1498 2542; x_wconf 85' lang='lat' dir='ltr'>Armeniae</span> <span class='ocrx_word' id='word_1_217' title='bbox 1527 2500 1628 2550; x_wconf 87' lang='lat' dir='ltr'>filia,</span> <span class='ocrx_word' id='word_1_218' title='bbox 1654 2500 1772 2551; x_wconf 81' lang='lat' dir='ltr'>paulo</span> 
     </span>
     <span class='ocr_line' id='line_1_42' title="bbox 864 2555 1773 2612; baseline -0.001 -13"><span class='ocrx_word' id='word_1_219' title='bbox 864 2568 953 2599; x_wconf 86' lang='lat' dir='ltr'>ante</span> <span class='ocrx_word' id='word_1_220' title='bbox 971 2560 1350 2612; x_wconf 86' lang='lat' dir='ltr'>Constantinopolim</span> <span class='ocrx_word' id='word_1_221' title='bbox 1366 2557 1543 2609; x_wconf 84' lang='lat' dir='ltr'>appulsa.</span> <span class='ocrx_word' id='word_1_222' title='bbox 1596 2556 1627 2596; x_wconf 82' lang='lat' dir='ltr'>l.</span> <span class='ocrx_word' id='word_1_223' title='bbox 1647 2558 1673 2598; x_wconf 78' lang='lat'>3</span> <span class='ocrx_word' id='word_1_224' title='bbox 1693 2569 1726 2595; x_wconf 91' lang='lat' dir='ltr'>c.</span> <span class='ocrx_word' id='word_1_225' title='bbox 1746 2555 1773 2598; x_wconf 87' lang='lat'><em>5</em></span> 
     </span>
     <span class='ocr_line' id='line_1_43' title="bbox 864 2623 959 2657; baseline 0.032 -3"><span class='ocrx_word' id='word_1_226' title='bbox 864 2623 903 2654; x_wconf 91' lang='lat' dir='ltr'>et</span> <span class='ocrx_word' id='word_1_227' title='bbox 949 2645 959 2657; x_wconf 84' lang='lat'><strong>.</strong></span> 
     </span>
     <span class='ocr_line' id='line_1_44' title="bbox 919 2620 1773 2733; baseline -0.006 -13"><span class='ocrx_word' id='word_1_228' title='bbox 919 2620 1054 2720; x_wconf 60' lang='lat' dir='ltr'>gevas</span> <span class='ocrx_word' id='word_1_229' title='bbox 1075 2681 1322 2733; x_wconf 86' lang='lat' dir='ltr'>imperatoris</span> <span class='ocrx_word' id='word_1_230' title='bbox 1343 2685 1506 2718; x_wconf 88' lang='lat' dir='ltr'>conatus</span> <span class='ocrx_word' id='word_1_231' title='bbox 1527 2680 1570 2716; x_wconf 86' lang='lat' dir='ltr'>in</span> <span class='ocrx_word' id='word_1_232' title='bbox 1589 2677 1773 2717; x_wconf 88' lang='lat' dir='ltr'>reconci-</span> 
     </span>
    </p>
   </div>
   <div class='ocr_carea' id='block_1_15' title="bbox 863 2734 1772 2836">
    <p class='ocr_par' dir='ltr' id='par_1_16' title="bbox 863 2734 1772 2836">
     <span class='ocr_line' id='line_1_45' title="bbox 863 2734 1772 2777; baseline 0 -2"><span class='ocrx_word' id='word_1_233' title='bbox 863 2737 1007 2776; x_wconf 87' lang='lat' dir='ltr'>liandis</span> <span class='ocrx_word' id='word_1_234' title='bbox 1036 2737 1218 2776; x_wconf 83' lang='lat' dir='ltr'>ecclesiae</span> <span class='ocrx_word' id='word_1_235' title='bbox 1241 2736 1465 2777; x_wconf 85' lang='lat' dir='ltr'>Arsenianis</span> <span class='ocrx_word' id='word_1_236' title='bbox 1492 2735 1641 2774; x_wconf 71' lang='lat' dir='ltr'>irritus.</span> <span class='ocrx_word' id='word_1_237' title='bbox 1697 2734 1724 2774; x_wconf 91' lang='lat'>1.</span> <span class='ocrx_word' id='word_1_238' title='bbox 1747 2736 1772 2775; x_wconf 81' lang='lat'><strong>3</strong></span> 
     </span>
     <span class='ocr_line' id='line_1_46' title="bbox 865 2797 1661 2836; baseline 0 -4"><span class='ocrx_word' id='word_1_239' title='bbox 865 2808 900 2836; x_wconf 90' lang='lat' dir='ltr'>c.</span> <span class='ocrx_word' id='word_1_240' title='bbox 923 2797 962 2836; x_wconf 83' lang='lat'>7.</span> <span class='ocrx_word' id='word_1_241' title='bbox 1477 2809 1479 2811; x_wconf 55' lang='lat'><strong><em>¹</em></strong></span> <span class='ocrx_word' id='word_1_242' title='bbox 1657 2802 1661 2806; x_wconf 64' lang='lat'><strong>⁴</strong></span> 
     </span>
    </p>
   </div>
   <div class='ocr_carea' id='block_1_16' title="bbox 326 356 468 2845">
    <p class='ocr_par' dir='ltr' id='par_1_17' title="bbox 326 356 468 2845">
     <span class='ocr_line' id='line_1_47' title="bbox 326 356 468 2845; baseline 0 0"><span class='ocrx_word' id='word_1_243' title='bbox 326 356 468 2845; x_wconf 95' lang='lat' dir='ltr'> </span> 
     </span>
    </p>
   </div>
  </div>
 </body>
</html>
