1858 3126
273 197 371 243 550
684 196 916 241 GEORGII
948 198 1295 244 PAGHYMERIS

272 306 382 365 βῶν,
412 308 484 352 τὸν
510 307 688 352 ὕστατον
714 306 941 366 ἀνεπλήρου
965 306 1175 367 σύλλογον.
1247 312 1312 354 καὶ
1341 313 1384 355 αἱ
1408 313 1481 367 μέν
1493 311 1712 367 Ῥωμαΐκαὶ

274 374 463 430 δυνάμεις
492 378 547 427 εἷς
577 377 692 420 πέντε
713 395 791 420 που
815 378 908 432 τέλη
933 378 984 420 τὰ
1006 380 1126 432 μείζω
1153 384 1471 433 συνεποσοῧντο,
1501 381 1544 424 αἱ
1563 382 1607 424 δὲ
1628 385 1712 425 τῶν

274 442 505 488 ἀντιπάλων
524 446 578 494 εἷς
597 446 789 501 τέσσαρα,
818 440 874 489 ὧν
890 444 934 488 (ἐν
949 442 997 500 ἦν
1018 447 1063 490 τὸ
1084 451 1166 490 τῶν
1185 451 1358 502 Περσῶν
1370 462 1381 472 ·
1413 446 1712 503 προσεκάλεσαν

272 511 351 569 γὰρ
371 514 436 555 καὶ
456 513 657 568 Περσικὸν
676 514 713 556 οἶ
733 511 972 557 Κατελὰνοι.
1041 517 1106 557 καὶ
1128 515 1178 570 δὴ
1197 520 1396 571 καρτερᾶς
1413 515 1624 572 γενομένης
1641 521 1715 571 τῆς

273 578 408 635 μάχης
429 582 495 623 καὶ
515 583 558 623 ἐκ
571 579 726 638 χειρός,
764 582 882 624 ἵνθεν
900 583 974 636 μὲν
991 581 1148 625 Ἀλανοὶ
1166 585 1317 626 ἐκεῖθεν
1340 585 1385 627 δὲ
1407 581 1747 640 Τουρκῦπουλοιό

224 659 254 695 Β
278 649 540 692 συνεκθέουσι
559 651 624 692 καὶ
648 655 698 707 τῇ
716 651 995 707 προηγουμένῃ
1015 650 1199 702 συντάξει
1220 657 1301 695 τῶν
1324 650 1570 695 Κατελάνων
1588 667 1719 708 προσ-

275 714 487 772 βάλλουσι,
557 720 623 760 καὶ
645 718 771 768 εὖθῦς
791 717 943 774 πύργος
960 715 1065 773 ἦσαν
1084 721 1242 772 ἐκεῖνοι,
1277 721 1403 775 μηδὲν
1424 722 1566 775 μηδενὶ
1581 723 1718 763 καθυ-

277 786 499 835 πείκοντες·
545 786 586 828 ἓν
617 785 795 843 ἀσφαλεῖ
823 787 899 843 γὰρ
930 785 1173 840 ὠπλισμένοι
1201 790 1266 831 καὶ
1294 795 1380 838 τοῒς
1413 787 1516 844 παρ’
1548 785 1719 844 ἑκάτερα

276 850 475 906 βάλλουσι
502 854 663 896 πίσυνοι
692 859 896 910 καρτερῶς
923 854 1116 910 ἀντεῖχον.
1187 855 1233 899 οὔ
1253 857 1334 911 μὴν
1354 857 1420 898 καὶ
1441 853 1719 910 εἶσβοῖλλοντες

280 921 319 964 οἶ
349 918 679 976 προσδραμόντες
703 923 749 965 τὸ
779 922 919 965 λοιπὸν
939 923 1202 980 ἐκαρτέρουν,
1240 923 1335 966 ἀλλ’
1357 923 1484 974 εὐθὺς
1505 923 1717 980 παρεκκλί-
1730 931 1774 967 10

278 1006 417 1038 ναντες
447 988 509 1031 ἐπὶ
534 987 694 1046 θάτερα
724 988 848 1041 δόξαν
872 991 1073 1046 παρέσχον
1100 996 1274 1047 τροπῆς,
1310 997 1368 1051 τῷ
1389 992 1463 1046 μὲν
1489 991 1722 1051 φαινομένῳ

279 1058 346 1099 καὶ
365 1055 427 1107 οἷς
447 1055 628 1112 ἑωρῶντο
639 1091 653 1110 ,
685 1056 741 1107 ὥς
762 1061 890 1113 δῆθεν
907 1057 1146 1115 ἀπογνόντες
1164 1060 1236 1114 τὴν
1255 1058 1412 1114 μάχην,
1441 1064 1500 1118 τῷ
1519 1061 1564 1102 δὲ
1579 1062 1722 1113 βαθυ-

278 1124 382 1183 τέρῳ
413 1127 479 1168 καὶ
504 1123 865 1175 οἷς’ὖπιυπτεύοντο
879 1159 891 1178 ,
929 1130 1180 1177 λειποταξίου
1209 1125 1364 1176 ἑκόντες
1389 1125 1489 1170 εἶναι
1511 1125 1721 1183 79:19⁸&oe-

235 1204 266 1239 Ο
288 1209 348 1236 νοι
359 1225 373 1245 ‚
404 1190 465 1242 οἷς
495 1192 555 1236 ὅτι
583 1194 640 1248 μὴ
671 1194 768 1244 τοὺς
793 1194 972 1249 μισθοὺς
995 1193 1247 1249 ἱκανούμενοι
1270 1195 1436 1251 μελέτης
1457 1192 1722 1252 ἓρραθύμουν

282 1264 512 1315 πολεμικῆς.
584 1263 657 1303 εἶσὶ
688 1262 731 1303 δ’
754 1263 797 1304 οἳ*
824 1263 1003 1318 λέγουσιν
1027 1262 1087 1305 ὅτι
1107 1265 1172 1304 καὶ
1193 1262 1424 1306 ἀνάπυστον
1443 1262 1603 1319 γεγονὸς
1620 1262 1719 1304 ἐκεί·
1731 1269 1775 1306 15

281 1343 366 1377 νοις
394 1328 442 1371 τὸ
470 1328 549 1371 ἀπὸ
581 1333 655 1371 τοῦ
680 1327 864 1372 Τουκτάΐ
889 1330 991 1385 πρὸς
1017 1331 1187 1382 βασιλέα
1203 1329 1370 1385 μήνυμα
1387 1332 1477 1387 περὶ
1494 1335 1567 1384 τῆς
1586 1329 1722 1372 αὐτῶν

282 1394 631 1453 ἀνθυποστροφῆς
666 1397 816 1454 (δῆλον
835 1398 911 1453 γὰρ
931 1394 980 1452 ἦν
998 1396 1052 1447 ὡς
1068 1397 1089 1440 ὃ
1113 1397 1314 1448 Τουκτάΐς
1331 1399 1501 1448 ἐκείνους
1519 1396 1574 1447 ὥς
1595 1398 1724 1447 ἰδίους

283 1465 350 1505 καὶ
380 1468 453 1518 τῆς
483 1468 564 1506 τῶν
593 1463 790 1521 Τοχάρων
821 1465 1002 1522 ἀρχῆθεν
1030 1466 1163 1521 χειρὸς
1181 1465 1323 1524 ἀπῄτει
1341 1467 1453 1522 παρὰ
1473 1465 1544 1509 τὸν
1565 1465 1724 1508 ἄνακτα

283 1529 627 1588 πρεσβευόμενος)
658 1533 724 1575 διὰ
753 1538 884 1577 ταῦτα
904 1533 1156 1591 καθυφέντες
1175 1534 1249 1584 τὰς
1266 1532 1396 1592 ὁρμὰς
1416 1533 1725 1592 ἀρρωστοτέρας

371 1638 406 1673 8.
430 1635 645 1683 ἐνασφαλεῖς
670 1640 709 1675 Ρ.
848 1642 903 1677 17.
927 1638 978 1682 αἷς
999 1639 1041 1686 ὁ]
1065 1641 1126 1677 καὶ
1148 1639 1168 1677 ὁ
1193 1642 1234 1676 Ρ.

282 1727 437 1762 torianae
458 1740 499 1763 ac
522 1729 689 1774 palatinae
711 1729 914 1764 domesticae
942 1731 1097 1774 militiae,
1129 1730 1342 1766 novissimum
1373 1730 1487 1765 effecit
1512 1741 1642 1775 agmen.
1685 1730 1724 1766 in

284 1776 390 1807 totum
420 1774 591 1809 Romanae
625 1775 743 1819 copiae
775 1775 920 1820 quinque
948 1777 1107 1811 maiorum
1135 1777 1301 1820 legionum
1335 1787 1505 1811 numerum
1531 1776 1725 1820 explebant,

282 1818 548 1854 adversariorum
570 1823 681 1853 autem
703 1821 878 1854 dumtaxat
899 1827 1063 1868 quatuor,
1085 1834 1223 1867 quarum
1247 1834 1312 1855 una
1334 1823 1512 1856 Persarum
1534 1821 1615 1855 fuit:
1640 1821 1726 1854 Per-

283 1874 339 1898 sas
371 1865 458 1899 enim
492 1866 647 1900 Catelani
680 1871 916 1901 evocaverant.
962 1868 1023 1901 sub
1054 1868 1138 1901 haec
1169 1867 1240 1901 acri
1264 1867 1446 1901 certamine
1466 1878 1566 1901 manu
1591 1876 1726 1912 quoque

284 1910 464 1944 comminus
487 1917 662 1952 conserto,
685 1911 760 1944 hinc
782 1912 913 1957 quidem
937 1912 1053 1954 Alani,
1074 1913 1151 1947 inde
1178 1916 1288 1946 autem
1311 1912 1496 1958 Turcopuli
1522 1921 1727 1946 concurren-

283 1958 356 1998 tes,
390 1956 424 1990 in
457 1956 581 2001 primos
605 1957 842 1991 caietanorum
865 1958 1050 2002 impingunt
1075 1959 1218 1994 ordines.
1265 1958 1397 2003 excepti
1419 1959 1462 1992 ab
1485 1957 1536 1991 liis
1555 1956 1726 2002 intrepide

285 2010 327 2034 ac
349 2001 513 2044 firmiter,
534 2002 641 2036 instar
663 2002 766 2036 turris
790 2003 949 2037 videlicet
970 2004 1248 2048 persistentibus,
1279 2015 1341 2038 nec
1363 2002 1578 2048 quantumvis
1600 2002 1726 2037 circum

284 2046 485 2080 assultantes
507 2048 710 2086 molirentur,
733 2048 786 2081 vel
808 2059 872 2083 uno
895 2048 1047 2094 cuiquam
1070 2050 1215 2094 vestigio
1238 2049 1446 2083 cedentibus.
1477 2048 1577 2093 gravi
1600 2047 1726 2093 quippe

284 2098 453 2127 armatura
475 2094 620 2136 protecti
643 2094 790 2138 undique
812 2105 973 2140 corpora,
1005 2106 1079 2129 cum
1102 2096 1171 2129 suis
1191 2095 1257 2140 ipsi
1281 2095 1390 2129 securi
1419 2093 1620 2143 tegminibus
1643 2103 1727 2127 con-

283 2138 476 2188 temnebant
498 2144 639 2183 utraque
663 2150 704 2172 ex
727 2145 824 2184 parte
846 2140 991 2174 immissa
1011 2141 1139 2184 iacula,
1173 2145 1242 2174 turn
1267 2151 1400 2175 suorum
1421 2139 1588 2184 utrimque
1609 2138 1727 2183 dispo-

284 2183 421 2215 sitorum
455 2195 519 2216 non
554 2184 720 2218 defuturis
742 2185 776 2218 in
799 2189 951 2229 tempore
982 2186 1112 2220 auxiliis
1134 2187 1217 2220 satis
1238 2187 1400 2220 fidebant.
1447 2190 1550 2229 atque
1571 2184 1622 2217 ita
1642 2191 1725 2216 sane

285 2225 419 2260 fortiter
450 2230 622 2262 obstantes
657 2230 836 2264 tuebantur
864 2232 981 2265 locum.
1030 2237 1197 2265 caeterum
1229 2232 1288 2276 qui
1312 2234 1568 2276 praecurrerant
1589 2229 1726 2262 'rumo-

285 2270 353 2314 puli
378 2277 413 2305 et
436 2273 552 2314 Alani,
584 2274 671 2307 hand
703 2286 818 2319 parem
846 2277 974 2321 primae
995 2277 1042 2310 illi
1066 2277 1233 2311 alacritati
1265 2277 1398 2310 vividae
1419 2272 1642 2320 impressionis
1665 2281 1725 2305 ur-

284 2316 384 2359 gendi
406 2319 690 2362 perseverantiam
714 2320 954 2363 adiunxorunt‚
982 2322 1042 2356 sed
1064 2323 1174 2356 subito
1200 2322 1407 2355 declinantes
1430 2321 1463 2354 in
1487 2323 1613 2363 partem
1636 2317 1726 2350 alte-

285 2371 356 2394 ram
379 2363 524 2407 speciem
551 2365 651 2408 fugae
674 2367 881 2408 praebuere,
912 2367 1010 2401 facile
1033 2368 1198 2411 opinatis,
1221 2367 1279 2411 qui
1301 2366 1517 2410 spectabant,
1543 2363 1724 2406 desperata

286 2405 377 2450 ipsos
401 2409 541 2442 victoria
565 2410 696 2444 cedere.
742 2416 778 2444 at
811 2412 931 2455 quibus
954 2416 1027 2446 erat
1048 2413 1207 2446 interiore
1237 2412 1358 2444 notitia
1380 2407 1586 2454 perspectior
1607 2407 1724 2441 horum

285 2450 502 2486 barbarorum
526 2454 671 2494 animus,
697 2466 760 2488 non
784 2457 844 2489 abs
866 2468 905 2489 re
927 2457 1184 2501 suspicabantur
1203 2456 1394 2490 meditatam
1416 2465 1474 2488 eoa
1494 2453 1538 2486 ad
1559 2452 1725 2496 praelium

287 2497 440 2531 attulisse
462 2499 663 2531 voluntatem
689 2499 810 2544 flagitii
832 2501 983 2535 militaris
1010 2503 1118 2546 palam
1142 2500 1365 2535 consciscendi
1379 2525 1390 2542 ‚
1419 2499 1492 2532 loco
1513 2498 1601 2531 ultro
1625 2498 1727 2531 dese-

287 2543 414 2584 rendo,
444 2544 598 2588 quoniam
631 2544 719 2576 baud
752 2545 931 2588 persolutis
965 2547 1027 2580 sibi
1062 2552 1153 2580 retro
1176 2545 1348 2590 stipendiis
1369 2543 1516 2588 gratuita
1537 2542 1726 2587 periclitari

287 2587 405 2621 militia
434 2589 571 2622 stultum
602 2589 772 2622 ducerent.
819 2595 898 2623 sunt
929 2591 987 2635 qni
1020 2591 1144 2624 addant
1177 2601 1348 2623 emanasse
1381 2589 1423 2623 ad
1455 2599 1587 2622 sensum
1609 2597 1726 2621 eorum

286 2638 460 2667 revocatos
483 2645 557 2667 sese
582 2644 603 2666 a
625 2634 793 2667 Tucta'ine
814 2634 960 2678 ipsorum
988 2636 1157 2680 principe,
1188 2635 1245 2679 qui
1280 2634 1389 2668 missis
1418 2633 1462 2668 ad
1491 2634 1726 2677 imperatorem

287 2678 411 2713 nuntiis
433 2690 510 2713 suos
532 2678 575 2712 ad
598 2689 636 2712 se
659 2679 781 2712 remitti
804 2680 1015 2723 postulasset.
1056 2684 1151 2714 erant
1174 2680 1209 2714 hi
1231 2680 1391 2713 videlicet
1411 2690 1452 2713 ex
1475 2683 1575 2723 gente
1589 2678 1727 2712 Tocha-

286 2734 396 2758 rorum
431 2723 590 2758 Tucta'ini
623 2724 796 2767 subiecta,
833 2736 896 2758 nec
929 2730 1003 2759 erat
1034 2726 1209 2759 obscurum
1232 2726 1365 2759 venisse
1386 2735 1505 2759 revera
1527 2724 1657 2767 legatos
1679 2723 1725 2756 ab

287 2781 327 2802 eo
351 2769 394 2803 ad
418 2772 624 2814 Augustum,
657 2769 714 2814 qui
747 2770 971 2804 commodatae
991 2771 1055 2815 ipsi
1081 2770 1156 2804 olim
1180 2781 1258 2805 suas
1280 2771 1395 2814 copias
1425 2773 1629 2815 repeterent.
1665 2767 1726 2809 ,his

286 2813 334 2848 illi
357 2815 399 2849 de
422 2815 532 2850 causis
554 2814 766 2851 remittentes
789 2815 946 2861 impetum
968 2827 1008 2851 ac
1030 2821 1151 2862 sponte
1177 2816 1432 2861 languescentes
1453 2815 1488 2849 in
1509 2814 1646 2860 obliqua
1666 2813 1729 2847 de-
