1820 3112
216 180 313 231 194
636 176 871 223 GEORGII
904 175 1259 220 PACHYMERIS

214 299 282 342 καὶ
301 294 400 351 ὅλην
419 292 575 351 ἡμέραν
596 292 801 349 διαγαγὼν
827 291 1015 350 φροντίσι
1040 295 1194 341 κοιναῖς
1212 290 1280 333 καὶ
1297 287 1507 345 ἀσχολίαις
1525 284 1680 346 φερού-

215 382 307 416 σαις
323 382 363 407 τι
390 360 595 420 ’χρήσιμον
617 358 933 416 καταλαβούσης
958 359 1103 410 νυκτὸς
1132 356 1340 416 προύργου
1360 358 1435 415 τὴν
1452 357 1555 415 πρὸς
1579 357 1678 401 θεὸν

165 443 195 477 Β
218 432 428 492 ὑμνῳδίαν
458 435 690 484 ποιεῖσθαι,
735 429 786 486 ἢν
825 427 1019 485 συνήθως
1050 426 1127 484 εἶχε
1157 427 1235 472 σὺν
1274 426 1503 485 ἱερωμένοις
1534 430 1676 480 τελεῖν,

213 501 421 559 ἀνωτέραν
448 497 584 554 πάσης
613 499 809 553 ἀνέσεως,
847 500 914 542 καὶ
937 498 1016 553 ὀψὲ
1031 502 1114 541 τῶν
1134 500 1292 541 νυκτῶν
1322 497 1365 540 ἐν
1385 495 1462 554 ἴσῳ
1479 495 1680 539 τίθεσθαι

212 569 261 615 τό
281 588 324 613 τε
345 573 554 627 τραφῆναι
584 570 651 611 καὶ
671 565 753 623 μή,
792 567 888 610 ἀλλ’
914 568 969 617 εἷς
998 567 1072 622 τὴν
1095 566 1290 609 ἐπιοῦσαν
1307 566 1375 609 καὶ
1395 561 1518 608 πάλιν
1535 563 1711 615 νυκτὸς5

213 639 409 697 ἀριστᾶν,
447 636 469 680 ὅ
488 655 527 680 τι
545 654 588 694 γε
603 633 733 692 τύχοι.
802 634 827 692 ἦ
845 636 922 694 γὰρ
945 638 1019 678 τοῦ
1039 632 1232 690 σώματος
1250 634 1379 686 εὗεξία
1399 637 1681 688 συμπλακεῖσα

212 712 264 765 τῇ
296 704 437 764 γνώμῃ
466 705 558 749 οὔτε
586 710 646 764 τῷ
677 705 902 764 ἐθελουσίῳ
922 708 997 759 τῆς
1012 705 1228 761 καρτερίας
1256 701 1394 761 χώραν
1414 703 1551 746 ἐδίδου
1574 698 1681 756 βλᾶ·

211 793 324 820 πτειν
355 775 427 819 τὸν
456 778 762 832 καρτεροῦντα,
813 772 909 817 οὔτε
941 777 999 833 τῷ
1032 773 1213 832 ἀκουσίῳ
1239 777 1314 828 τῆς
1339 768 1517 828 ἀνάγκης
1542 775 1681 814 λυπεῖν

211 850 376 902 παρεῖχε
408 843 479 886 τὸν
509 849 716 901 καρτερεῖν
746 839 984 899 ὀρεγόμενον
992 874 1007 894 ,
1045 840 1238 899 ἑκατέρας
1269 838 1576 898 συγκροτούσης
1594 842 1682 882 θα-

166 927 196 962 c
219 913 342 969 τέραν
363 913 419 962 εἷς
437 916 535 966 μιᾶς
563 908 855 968 συμπλήρωσιν
887 910 1058 968 ἀρετῆς,
1098 908 1154 960 ὥς
1173 907 1275 965 μήτε
1302 909 1351 953 τὸ
1370 910 1499 959 ἐνδεὲς
1519 907 1588 951 διὰ
1605 907 1681 963 τὴν
1693 913 1736 948 10

213 981 367 1033 εὐεξίαν
386 984 529 1023 λυπεῖν
545 978 648 1036 μήτ’
679 979 803 1035 ἀηδὲς
823 977 922 1022 εἶναι
952 979 1021 1021 διὰ
1052 978 1127 1033 τὴν
1146 975 1312 1035 γνώμην
1329 978 1378 1022 τὸ
1398 973 1681 1031 σπουδαζόμε-

213 1068 301 1094 νον.
370 1047 480 1093 οῧτω
515 1049 590 1103 μὲν
621 1043 694 1091 οὖν
725 1046 746 1090 ὃ
767 1047 959 1102 βασιλεὺς
981 1049 1170 1091 ἐντεῦθεν
1187 1045 1416 1104 ἀρξάμενος
1436 1048 1682 1104 καρτερικῶς

213 1119 372 1176 διέφερε
399 1117 448 1160 τὸ
476 1121 619 1172 βιοῦν,
656 1113 833 1172 συνόλην
856 1115 1018 1174 τρυφὴν
1037 1117 1105 1159 καὶ
1128 1117 1323 1171 βλακείαν
1345 1110 1682 1173 ἀποπροσποιοῦ-

215 1203 336 1243 μενος
358 1218 371 1239 ,
427 1187 461 1229 εἰ
500 1187 569 1229 καὶ
615 1185 829 1240 βασιλικὸν
870 1186 938 1228 καὶ
973 1184 1145 1243 ἀρχαῖον
1189 1183 1436 1229 ἀθετεῖσθαι
1471 1182 1683 1239 συνέβαινε

211 1253 401 1312 νόμιμον.
1640 1300 1643 1302 ,
1693 1248 1737 1284 15

305 1365 342 1400 7.
363 1364 438 1399 τῶν
462 1361 689 1399 ἐθελουσίων
711 1361 753 1397 P.

214 1477 322 1524 primo
346 1475 491 1510 diluculo
515 1477 677 1520 satagens
699 1487 741 1510 ac
763 1475 864 1521 plane
885 1475 1036 1510 alimenti
1057 1485 1182 1522 expers
1203 1477 1428 1522 pervenerat,
1459 1477 1542 1510 tunc
1557 1486 1684 1511 coenae

215 1523 428 1569 praehabens
452 1525 662 1564 nocturnam,
686 1522 715 1556 si
739 1522 812 1555 eius
835 1522 919 1555 hora
941 1525 1100 1563 venerat,
1124 1521 1350 1564 hymnodiam.
1394 1533 1472 1556 nam
1493 1522 1581 1556 hanc
1604 1533 1686 1557 con-

213 1571 372 1603 sueverat
395 1579 462 1601 una
486 1579 560 1600 cum
581 1567 772 1601 domesticis
796 1567 969 1601 celebrare
990 1567 1246 1609 sacerdotibus,
1270 1579 1312 1602 ea
1336 1567 1525 1602 constantia
1546 1569 1586 1601 ut
1608 1579 1684 1603 eam

213 1624 348 1658 semper
371 1612 584 1658 quantumvis
615 1618 758 1658 paratae
787 1625 828 1647 ac
858 1613 1072 1647 necessariae
1104 1613 1258 1659 corporis
1290 1613 1457 1648 curationi
1482 1614 1682 1648 anteferret.

213 1671 277 1694 nec
299 1670 378 1693 raro
402 1658 525 1692 accidit
546 1662 586 1691 ut
608 1662 784 1704 postquam
817 1658 867 1692 sic
898 1658 953 1692 die
975 1659 1008 1692 in
1038 1658 1163 1693 ieiunio
1186 1671 1227 1693 ac
1249 1659 1366 1694 labore
1388 1658 1546 1693 continuo
1568 1662 1685 1695 trans-

213 1708 306 1748 acta,
328 1703 507 1749 hymnodia
528 1704 566 1737 in
589 1705 763 1750 epularum
786 1705 894 1738 locum
916 1704 1101 1750 imputata,
1129 1705 1328 1740 incoenatus
1350 1705 1582 1750 decubuerat,
1604 1716 1684 1740 rur-

214 1762 273 1787 sus
296 1750 463 1796 postridie
485 1754 604 1784 tenore
627 1751 702 1795 pari
725 1750 816 1784 diem
837 1750 991 1794 duceret,
1020 1755 1174 1785 ventrem
1195 1751 1264 1786 iam
1289 1751 1390 1786 biduo
1411 1761 1554 1796 prorsus
1574 1751 1684 1797 impa-

214 1801 303 1832 stum
328 1796 371 1831 ad
394 1796 596 1842 profundam
618 1796 780 1830 differens
801 1807 1000 1842 vesperam,
1031 1796 1180 1842 nihilque
1208 1797 1264 1832 vel
1286 1802 1368 1832 tunc
1389 1797 1455 1832 nisi
1475 1797 1619 1842 vulgate
1640 1809 1683 1832 ac

213 1842 397 1888 protritum
419 1845 582 1887 gustans,
611 1846 647 1877 et
672 1842 707 1876 id
731 1843 818 1877 citra
839 1842 977 1877 multam
997 1842 1276 1887 significationem
1298 1841 1536 1889 appetentiae,
1560 1847 1600 1878 ut
1620 1854 1683 1879 ve·

213 1889 264 1924 sci
288 1892 348 1922 aut
369 1899 436 1922 non
458 1888 554 1923 vesci
576 1888 791 1923 arbitrarium
813 1888 984 1934 quidpiam
1003 1900 1067 1923 nec
1087 1889 1212 1935 magni,
1234 1893 1347 1924 utrum
1367 1889 1439 1925 utri
1458 1901 1565 1936 praec
1590 1893 1685 1925 tare-

213 1938 284 1976 tur,
307 1933 507 1968 discriminis
530 1937 589 1970 aut
610 1935 779 1979 momenti,
802 1934 894 1980 quod
918 1934 1026 1980 ipsum
1049 1935 1185 1980 quidem
1206 1938 1393 1982 spectaret,
1420 1947 1443 1971 a
1464 1946 1502 1971 se
1523 1947 1568 1971 ve
1600 1939 1685 1971 tunc

214 1980 400 2015 existimari
423 1992 507 2025 prae
529 1991 567 2015 se
589 1981 709 2016 ferret.
755 1980 909 2015 nimirum
943 1980 1159 2027 conspirabat
1190 1983 1234 2017 ad
1259 1983 1324 2017 hoc
1346 1982 1380 2017 ei
1400 1981 1685 2018 laboriosissimae

213 2025 423 2070 frugalitatis
446 2026 550 2061 decus
583 2027 749 2062 excellens
781 2026 1020 2069 asserendum,
1055 2038 1130 2062 cum
1162 2029 1278 2063 ferrea
1301 2029 1453 2074 corporis
1472 2028 1683 2073 habitudine,

214 2071 431 2106 adamantina
454 2072 568 2107 virtus
590 2073 712 2118 animi3
745 2073 868 2119 quibus
899 2074 1061 2108 ambabus
1092 2074 1183 2109 inter
1218 2086 1298 2110 sese
1318 2075 1413 2110 velut
1447 2074 1593 2122 quadam
1622 2085 1684 2109 ae-

214 2117 399 2151 mulatione
420 2119 625 2162 commissis,
660 2125 694 2154 et
715 2123 794 2154 utra
816 2124 927 2154 utram
949 2119 1075 2154 duritie
1095 2120 1258 2155 indomita
1285 2121 1439 2156 vinceret
1459 2119 1682 2163 certantibus,

215 2162 323 2197 fiebat
346 2163 398 2197 uti
418 2175 482 2198 nec
503 2165 572 2200 ulla
592 2166 693 2201 famis
715 2170 776 2201 aut
795 2165 933 2211 vigiliae
964 2165 1086 2201 iniuria
1108 2166 1183 2201 eius
1205 2167 1363 2202 valetudo
1384 2166 1596 2210 laederetur,
1617 2177 1682 2200 nec

216 2208 284 2243 ullo
306 2208 419 2243 taedio
442 2209 652 2254 ingratarum
682 2223 827 2246 occursu
855 2211 1122 2247 vicissitudinum
1153 2216 1213 2247 aut
1234 2213 1522 2260 importunitatum
1542 2212 1596 2247 vel
1618 2210 1681 2246 mi-

218 2253 343 2289 nimum
366 2260 602 2291 concuteretur
624 2258 860 2293 robustissima
894 2262 930 2292 et
952 2259 1106 2304 apprime
1126 2258 1163 2293 in
1185 2259 1291 2294 solido
1313 2258 1455 2294 fimdata
1476 2258 1597 2292 mentis
1617 2256 1683 2292 im-

216 2300 461 2354 perturbabilis
484 2304 685 2340 constantia.
732 2305 786 2338 Ab
817 2304 881 2338 hoc
907 2305 1109 2349 praesertim
1141 2309 1292 2351 tempore
1311 2304 1505 2338 inchoatam
1527 2307 1588 2338 aut
1608 2304 1683 2338 fre-

217 2349 389 2391 quentiori
418 2350 635 2393 usurpatione
668 2350 852 2385 stabilitam
882 2350 1001 2385 miram
1035 2350 1136 2385 istam
1167 2351 1260 2385 vitae
1293 2349 1449 2384 duritiem
1476 2349 1514 2384 in
1545 2349 1578 2384 lo

216 2390 296 2425 inde
319 2394 650 2437 perseverantissime
670 2395 813 2441 pertulit
833 2399 992 2438 aetatem,
1018 2407 1159 2442 prorsus
1181 2395 1369 2432 abdicanda
1390 2395 1568 2449 voluptate
1589 2394 1680 2431 omni

217 2441 322 2483 atque
343 2438 493 2480 mollitie,
516 2442 730 2494 quantumvis
751 2444 925 2485 receptum
951 2442 1029 2477 olim
1051 2443 1105 2477 fas
1127 2453 1169 2477 ac
1191 2453 1317 2478 morem
1341 2441 1485 2489 palatim
1506 2441 1542 2477 in
1564 2452 1679 2478 curam
1725 2440 1728 2452 ¹

217 2484 444 2529 augustorum
463 2484 639 2523 ministerii
658 2498 722 2533 per
742 2486 780 2522 id
801 2487 965 2532 abrogari
986 2487 1207 2534 contingeret.

824 2662 1098 2670 ——-——-—
