1858 3126
258 186 355 231 302
687 186 923 230 GEORGII
951 188 1302 251 PACHYMERIS

253 298 500 355 ὖπανοιγνύς
519 303 593 354 τῆς
618 304 750 355 μονῆς
782 305 951 352 πολλοῖς
970 300 1136 359 ἐπήρκει
1163 305 1396 360 πενομένοις
1415 307 1458 350 ἔκ
1475 313 1559 352 τῶν
1576 307 1725 365 τυχόν-

251 386 348 412 των.
418 363 468 423 ἦν
501 369 548 411 δὲ
580 367 662 425 ἄρα
690 373 824 413 ταῦτα
855 374 932 414 τοῦ·
961 371 1185 426 μέλλοντος
1218 373 1556 432 προκεντήματα,
1599 380 1668 421 καὶ
1697 378 1724 435 ἦ

199 444 231 478 Ε
254 438 488 491 παλίμπους
513 435 711 496 ἐφήδρευε
742 439 835 495 δίκη
867 441 996 496 μηδὲν
1028 443 1228 486 ἐπαΐουσι.
1299 441 1393 487 τότε
1422 444 1470 487 δ’
1502 441 1555 501 ἦν
1574 451 1723 500 ταῦτα,

251 506 299 549 οὗ
320 506 404 561 μὴν
427 507 473 549 δὲ
493 509 560 550 καὶ
581 508 622 557 ἐς
650 506 762 551 ἅπαν
783 513 843 568 τῷ
862 507 1098 568 πατριάρχῃ
1122 510 1294 568 ἠγνόητο
1321 513 1374 556 τὰ
1392 520 1480 564 τοῖς
1497 513 1725 572 ἀρχιερεῦσι

248 572 525 631 πραττόμενα.
593 576 663 619 διὰ
683 582 818 620 ταῦτα
839 580 907 621 καὶ
927 578 980 622 τὰ
999 584 1074 636 τῆς
1090 585 1212 636 τιμῆς
1231 580 1569 639 περιποιούμενος
1590 582 1756 644 ἕαυτῷᾰ

251 642 535 702 αὗθορμήτως
566 644 665 702 ἔγνω
692 646 798 704 πρὸς
831 648 1007 701 βασιλέα
1037 651 1363 706 παραγίνεσθαι,
1413 654 1481 695 καὶ
1515 651 1724 713 προσώπῳ

107 719 133 751 P
158 720 225 754 208
249 716 402 774 γνησίῳ
423 713 723 771 ἐντυγχάνοντα
741 716 953 770 εὗμενίζειν
973 722 1032 777 τῷ
1053 720 1158 762 αἰδῶ
1171 724 1435 775 προσβαλεῖν.
1473 721 1577 780 (12)
1592 726 1726 766 ταῦτα

250 785 488 840 διανοηθεὶς
515 785 663 839 ἐπιβὰς
687 786 817 828 ἰ’ππου
854 786 958 843 πρὸς
990 785 1166 845 ἑσπέραν
1188 791 1374 846 εἰκοστῆς
1391 790 1578 846 πέμπτης
1595 791 1726 847 μηνὸς

246 852 607 910 ’Ἐλαφηβολιῶνος
651 859 818 909 βασιλεῖ
853 853 1075 914 πρόσεισιν.
1158 855 1179 901 ὅ
1216 859 1262 901 δὲ
1287 861 1355 902 καὶ
1387 859 1546 915 δέχεται
1575 865 1725 904 τοῦτον

251 922 462 977 ἀσμένως,
501 924 568 966 καὶ
594 923 669 979 τὴν
692 923 875 981 κεφαλὴν
893 923 1099 969 ὖποκλίνει
1126 926 1231 983 πρὸς
1249 927 1459 984 εὐλογίαν,
1495 930 1565 971 καὶ
1581 929 1725 986 καιρὸν
1737 940 1780 974 10

251 993 410 1047 οἰηθεὶς
430 993 580 1036 ἐκεῖνον
599 991 700 1036 εἶναι
720 997 796 1049 τῆς
813 999 931 1052 σφῶν
956 997 1022 1038 καὶ
1040 995 1291 1054 ’ἀμφοτέρων
1308 997 1413 1055 πρὸς
1430 997 1506 1054 τὴν
1522 1001 1607 1041 τῶν
1625 1002 1724 1042 Πα-

250 1059 474 1118 λαιολόγων
498 1062 628 1118 μονὴν
661 1061 839 1120 ἀφίξεως
876 1068 954 1119 τῆς
991 1063 1137 1122 ἑορτῆς
1175 1066 1290 1109 ἕνεκα
1303 1099 1317 1119 ,
1364 1065 1723 1123 συμπαραλαβών,

198 1131 226 1164 Β
251 1132 515 1189 συνέρχονται
545 1133 612 1174 καὶ
634 1130 874 1190 ἀμφότεροι.
947 1131 1024 1176 εἶτ’
1056 1135 1211 1178 ἐκεῖθεν
1220 1168 1234 1188 ,
1270 1136 1355 1178 ἐπεὶ
1374 1136 1492 1194 τρίτη
1509 1140 1584 1191 τῆς
1600 1134 1724 1190 ἕβδο-

245 1198 380 1255 μάδος
399 1196 450 1256 ἦν
468 1201 538 1243 καί
551 1199 595 1257 γ’
615 1201 659 1252 ἐξ
677 1199 856 1258 ἀνάγκης
867 1202 911 1244 ἔκ
928 1207 1085 1246 πολλοῦ
1106 1207 1165 1263 τῷ
1185 1208 1352 1258 βασιλεῖ
1361 1199 1414 1260 ἦν
1429 1209 1482 1262 τῇ
1498 1209 1582 1248 τῶν
1597 1203 1724 1260 Ὀδη-

244 1274 328 1325 γῶν
359 1274 467 1328 μονῇ
498 1270 605 1313 κατὰ
632 1267 893 1327 ταύτηνιτὴν
915 1269 1072 1330 ἡμέραν
1099 1270 1382 1331 παραβάλλειν
1409 1271 1726 1331 προσκυνήσεως
1736 1288 1778 1324 15

246 1339 361 1382 ἕνεκα
374 1373 388 1393 ,
428 1337 634 1390 συνιόντες
662 1337 774 1395 ἅμα,
826 1340 953 1391 αὐτὸς
981 1342 1055 1396 μὲν
1082 1341 1158 1398 τὴν
1179 1342 1405 1398 ἀναγκαίαν
1424 1341 1522 1386 ὁδὸν
1543 1341 1720 1399 ἐξήνυεν,

247 1406 509 1466 πατριάρχης
533 1409 578 1452 δὲ
595 1409 645 1452 τὸ
670 1417 961 1467 πατριαρχεΐυν
994 1408 1328 1469 καταλαμβάνει,
1364 1411 1635 1463 διαδοθέντος
1651 1409 1724 1456 26-

243 1495 318 1534 γου
329 1511 343 1530 ,
381 1477 437 1528 ὥς
455 1480 523 1521 καὶ
545 1477 669 1528 αὐτὸς
690 1477 864 1536 ὕστερον
888 1479 930 1522 ἓν
950 1477 1012 1530 οἷς
1029 1480 1132 1537 πρὸς
1150 1480 1324 1532 βασιλέα
1339 1480 1490 1539 ἔγραφε
1511 1483 1579 1524 καὶ
1598 1481 1719 1524 τοῦτ’

243 1621 286 1655 de
308 1620 506 1667 patriarcha
528 1621 589 1667 qui
622 1632 712 1656 nunc
742 1633 855 1657 rerum
878 1621 1047 1668 potiretur
1070 1623 1324 1658 controversiae
1353 1627 1487 1666 motae,
1521 1634 1604 1658 suae
1626 1623 1721 1669 prius

242 1668 379 1702 clausae
411 1667 552 1702 cellulae
582 1668 676 1702 fores
699 1668 796 1703 hiare
818 1680 956 1714 passum
987 1679 1082 1712 esse3
1115 1669 1292 1704 admisisse
1319 1669 1503 1716 quinetiam
1535 1669 1723 1704 clanculum

244 1718 281 1748 et
313 1714 475 1749 subsidiis
507 1713 708 1760 opportunis
740 1714 954 1761 populariter
987 1715 1195 1749 demeruisse
1215 1716 1336 1762 inopes
1360 1727 1380 1750 e
1402 1716 1502 1761 plebe
1524 1715 1722 1762 quospiam:

243 1771 333 1807 quae
355 1760 482 1795 indicia
506 1765 621 1796 essent
645 1761 783 1795 minime
816 1761 1063 1806 acquiescentis
1094 1763 1252 1796 fortunae
1272 1761 1464 1806 praesenti,
1500 1766 1538 1796 et
1565 1762 1723 1797 thronum

243 1807 335 1841 unde
357 1806 542 1842 excidisset
564 1808 801 1853 respectantis,
847 1807 935 1841 tales
958 1818 1062 1841 curae
1084 1807 1202 1841 intime
1217 1812 1394 1842 versantes
1417 1811 1563 1843 mentem
1585 1807 1723 1843 nimium

243 1853 354 1888 facilis
377 1854 420 1888 ad
445 1864 579 1888 sensum
601 1853 775 1899 religionis
798 1864 930 1887 omnem
951 1853 1135 1887 Andronici
1158 1854 1302 1898 Augusti
1328 1854 1473 1889 senioris
1498 1854 1599 1900 quasi
1619 1865 1723 1900 prae-

243 1900 340 1934 ludia
371 1903 469 1934 eraut
499 1900 693 1935 certaminis
723 1899 883 1934 instantis
916 1902 953 1933 et
983 1899 1115 1945 primae
1145 1899 1388 1935 commotiones
1405 1900 1442 1935 in
1463 1900 1616 1946 proximo
1638 1899 1723 1935 insi-

246 1946 372 1981 diantis
392 1945 466 1981 sine
489 1946 556 1981 ullo
579 1946 634 1981 sui
661 1957 764 1981 seusu
786 1945 970 1985 vindictae,
988 1949 1026 1980 at
1047 1957 1126 1980 mox
1147 1946 1333 1992 erupturae
1355 1947 1390 1981 in
1411 1946 1494 1981 nihil
1514 1947 1623 1981 minus
1643 1945 1722 1992 opi-

246 1996 388 2034 nantes,
420 1993 467 2027 ad
497 1992 747 2028 restituendum
778 1992 836 2039 qui
869 1991 1054 2027 ceciderat.
1101 1992 1188 2027 haec
1207 1997 1290 2027 tunc
1312 1995 1428 2028 erant:
1463 1992 1548 2038 quid
1569 1996 1722 2028 secutum

247 2039 306 2081 sit,
329 2039 474 2074 dicetur.
515 2039 612 2085 quod
635 2051 722 2074 nunc
743 2039 863 2082 instat,
883 2037 975 2072 haud
997 2049 1137 2084 prorsus
1159 2039 1292 2073 latuere
1313 2039 1546 2085 patriarcham
1565 2050 1655 2084 quae
1676 2039 1721 2073 ab

247 2084 418 2129 episcopis
447 2085 485 2119 in
513 2085 626 2130 ipsum
660 2085 882 2120 cudebantur.
930 2095 1038 2130 quare
1071 2096 1187 2120 curam
1217 2085 1392 2131 ingressus
1421 2084 1595 2120 retinendi
1624 2094 1723 2120 asse-

246 2131 413 2176 rendique
436 2131 500 2165 sibi
523 2131 799 2177 patriarchatus,
821 2135 1046 2176 praevertere
1068 2131 1223 2166 decrevit
1244 2132 1408 2178 adireque
1427 2131 1582 2178 protinus
1604 2133 1722 2176 Augu-

247 2182 356 2218 stum,
383 2177 541 2223 ultroque
576 2178 753 2212 offerendo
786 2178 841 2213 sui
875 2180 1078 2223 conspectu,
1111 2178 1200 2212 citra
1231 2178 1420 2224 suspiciosa
1441 2176 1722 2212 internuntiorum

244 2227 473 2266 tentamenta,
499 2224 639 2268 propria
664 2236 777 2259 coram
803 2224 891 2259 facie
912 2225 1174 2270 verecundoque
1197 2224 1327 2258 diluere
1350 2233 1535 2268 congressu
1555 2221 1722 2268 quidquid

243 2269 431 2302 malevolae
463 2269 653 2304 delationes
689 2270 802 2305 animo
836 2269 1003 2316 principis
1034 2269 1070 2304 in
1101 2281 1140 2305 se
1174 2272 1265 2304 forte
1288 2269 1485 2304 offensionis
1515 2267 1719 2303 allevisseut.

243 2315 324 2359 (12)
349 2315 394 2348 ab
418 2314 470 2348 his
493 2315 543 2349 sic
566 2316 656 2360 apud
679 2328 717 2351 se
740 2316 902 2360 decretis,
925 2327 1014 2361 equo
1037 2327 1233 2358 conscenso,
1256 2316 1319 2350 sub
1339 2325 1517 2361 vesperam
1539 2313 1608 2348 diei
1628 2313 1722 2348 vice-

243 2361 350 2396 simae
373 2359 513 2406 quintae
535 2362 660 2396 mensis
684 2362 847 2397 Octobris
871 2363 915 2396 ad
937 2362 1175 2408 imperatorem
1197 2373 1236 2397 se
1258 2362 1403 2403 confert,
1424 2359 1482 2406 qui
1502 2362 1538 2393 et
1560 2370 1636 2394 eum
1658 2360 1722 2394 be-

242 2406 363 2441 nevole
386 2406 540 2452 excepit,
571 2411 608 2440 et
631 2411 735 2452 caput
756 2408 823 2454 ipsi
847 2408 891 2442 ad
914 2408 1183 2443 benedictionem
1204 2407 1400 2449 inclinavit3
1433 2408 1599 2451 ratusque
1631 2408 1720 2439 tem-

241 2463 307 2500 pus
328 2453 410 2486 illud
434 2463 512 2486 esse
534 2463 601 2498 quo
625 2453 822 2488 conveniret
856 2454 973 2488 ambos
996 2454 1091 2500 ipsos
1114 2454 1158 2488 ad
1180 2453 1459 2496 Palaeologorum
1479 2451 1720 2486 monasterium

242 2499 341 2534 simul
371 2498 547 2544 proficisci
578 2498 774 2533 celebrandi
808 2498 877 2532 illic
911 2499 993 2533 festi
1023 2500 1155 2544 gratia,
1191 2510 1232 2533 eo
1254 2509 1294 2532 re
1321 2497 1398 2542 ipsa
1420 2497 1544 2532 sociati
1573 2497 1721 2532 invicem

241 2545 390 2580 iverunt.
437 2555 479 2579 ac
511 2544 668 2590 quoniam
701 2544 792 2579 feria
824 2545 1066 2579 numerabatur
1095 2544 1224 2587 tertia,
1260 2543 1355 2590 quali
1385 2542 1440 2578 die
1469 2554 1511 2578 ex
1533 2543 1633 2589 longo
1655 2554 1722 2579 usu

241 2602 382 2626 necesse
404 2593 479 2626 erat
500 2590 738 2636 imperatorem
760 2589 934 2635 proficisci
955 2590 1000 2624 ad
1025 2590 1245 2635 Hodegorum
1267 2589 1507 2624 monasterium
1527 2589 1722 2625 veneratio·

242 2637 296 2673 nis
320 2648 436 2680 causa,
460 2637 605 2682 quadam
628 2636 707 2671 inde
729 2636 809 2670 viae
832 2640 931 2681 parte
955 2636 1174 2670 communiter
1198 2637 1353 2670 confecta
1376 2636 1628 2680 digredientes,
1656 2635 1721 2669 im-

243 2688 385 2731 perator
406 2683 542 2730 quidem
563 2683 807 2723 necessarium,
831 2681 882 2715 uti
903 2686 1138 2724 consueverat,
1158 2682 1228 2716 iter
1250 2682 1394 2728 peregit,
1415 2682 1613 2727 patriarcha
1635 2691 1719 2715 vero

242 2729 465 2776 patriarchali
486 2729 656 2764 domicilio
689 2739 727 2764 se
749 2727 918 2768 reddidit,
951 2727 1059 2762 didita
1079 2727 1147 2762 iam
1177 2731 1247 2762 tum
1270 2729 1361 2763 fama
1382 2728 1448 2762 visi
1469 2728 1646 2763 cuiusdam
1669 2727 1720 2761 di-

243 2777 369 2812 vinitus
403 2775 510 2811 oblati
543 2775 783 2822 patriarchae,
819 2785 886 2820 quo
909 2774 941 2808 is
964 2777 1075 2808 motus
1099 2774 1220 2809 suisset
1242 2775 1287 2810 ad
1309 2774 1566 2816 resumendam,
1600 2776 1720 2808 contra.

244 2834 347 2868 quam
378 2823 474 2869 prius
505 2821 732 2865 decrevisset,
767 2831 843 2855 eum
865 2819 1108 2855 habitationem
1130 2824 1202 2856 tum
1226 2820 1551 2856 administrationem
1572 2819 1646 2854 eius
1666 2818 1720 2852 di-

247 2869 389 2913 gnitatis
413 2867 599 2915 propriam.
645 2869 810 2904 iactatum
833 2866 959 2913 quippe
981 2863 1084 2912 v'ulgo
1108 2871 1164 2902 est
1195 2868 1248 2913 (et
1277 2867 1314 2902 id
1337 2871 1458 2913 postea
1477 2866 1554 2913 ipse
1575 2866 1719 2901 Ioannes
