1820 3112
212 143 309 190 254
496 147 500 150 “
635 141 871 186 GEORGII
906 142 1260 188 PACHYMERIS

212 259 287 313 τὴν
309 256 500 312 πλείστην
522 257 612 314 περὶ
633 256 685 300 τὰ
707 260 807 300 θεῖα
827 261 901 300 τοῦ
920 256 1124 311 βασιλέως
1145 255 1359 312 εὐλάβειαν
1367 291 1382 312 ‚
1419 255 1467 302 ὃν
1487 258 1555 300 καὶ
1573 256 1686 316 ἄφυ-

212 344 308 369 κτον
330 323 406 380 εἶχε
425 326 585 380 δεσμεῖν
606 323 663 376 ὥς
681 327 813 382 δῆθεν
840 326 1146 383 παρασυρέντα.
1216 325 1307 370 τότε
1327 327 1373 370 δὲ
1391 327 1474 370 ἐπεὶ
1492 327 1559 370 καὶ
1578 327 1685 370 ἕτοι-

209 411 288 449 μος
326 389 376 448 ἦν
406 392 621 451 γράμμασι
650 401 809 445 πιστοῖς
839 393 1060 452 ἐγχαράξαι
1079 395 1133 438 τὰ
1155 398 1230 450 τῆς
1249 394 1471 453 ἀπολογίας
1480 426 1494 448 ,
1536 392 1594 445 ὥς
1617 388 1685 438 καὶ

210 460 396 520 ἀπῄτητο
409 496 423 516 ,
462 463 604 518 λαβὼν
636 461 797 522 χάρτην
831 465 1098 520 οῗκειοχείρως
1114 464 1166 507 τοὶ
1189 469 1359 508 πλεῖστα
1373 461 1470 508 τάδ’
1491 461 1683 521 ἔγραψεν.

211 533 345 587 “ganz
377 532 529 588 συνέβη
560 530 902 590 πατριαρχεύοντι
935 537 1100 584 πολλοῖς
1130 535 1197 576 καὶ
1221 539 1462 590 πειρασμοῖς
1481 532 1717 587 ἔμπεσεῒν,5

209 602 276 644 καὶ
311 601 379 644 διὰ
413 605 537 644 τοῦτο
572 603 615 653 ἐξ
649 601 779 658 αὐτῆς
797 606 872 656 τῆς
893 600 1183 659 κατασχούσης
1201 620 1253 656 με
1271 599 1421 659 ὀδύνης
1442 603 1509 644 καὶ
1523 602 1686 659 πικρίας

66 679 94 711 Ρ
121 680 185 715 172
208 672 506 727 παρακινηθεὶς
535 668 761 727 γράμματα
794 669 983 728 ἓξήνεγκα
1012 669 1144 728 βάρος
1173 671 1411 730 ἀφορισμοῦ
1439 671 1507 714 καὶ
1533 674 1684 714 λοιπῶν

209 739 418 794 ἐπιτιμίων
449 739 545 782 κατ’
579 739 717 782 αὐτῶν
750 739 897 795 ἔχοντα
926 745 1009 783 τῶν
1036 738 1284 794 θλιψάντων
1303 758 1355 796 με
1376 736 1684 795 καὶλελυπηκό-

208 825 306 852 των.
378 806 565 865 ἐγνώρισε
587 808 632 851 δ’
655 809 698 859 ἐξ
716 809 854 852 αὐτῶν
875 813 958 852 τῶν
980 811 1306 866 ἐπιτιμηθέντων
1325 809 1461 860 οὐδεὶς
1481 807 1575 852 οὕτε
1593 809 1684 865 περὶ

209 881 292 920 τῶν
324 875 544 933 εἰρημένων
571 875 825 934 γραμμάτων
856 877 950 921 οὔτε
988 881 1078 936 περὶ
1108 883 1191 922 τῶν
1221 881 1263 922 ἒν
1292 878 1432 930 αὐτοῖς
1462 877 1682 933 ἐπιτιμίων.
1698 885 1741 921 10

212 944 298 989 εἶτα
319 945 427 989 αὐτὰ
446 947 521 1002 μὲν
542 946 595 990 τὰ
612 944 838 1003 γράμματα
861 949 903 990 ἒν
919 945 1149 1007 ἀποκρύφῳ
1171 950 1248 992 τινὶ
1267 949 1334 991 καὶ
1350 950 1561 997 παντελῶς
1579 943 1686 1001 ἄδή-

215 1019 275 1074 λῳ
306 1012 419 1074 τόπῳ
445 1019 520 1058 τοῦ
543 1013 724 1072 μεγάλου
758 1020 861 1059 ναοῦ
887 1021 962 1072 τῆς
984 1021 1059 1059 τοῦ
1085 1021 1189 1060 θεοῦ
1223 1015 1341 1073 ἆγίας
1362 1017 1514 1075 σοφίας
1534 1015 1683 1059 οἰποτε-4

214 1084 344 1127 θέντα
369 1085 411 1127 ἓν
431 1083 547 1144 αὐτῷ
565 1089 624 1144 τῷ
645 1083 759 1145 τόπῳ
781 1086 850 1128 καὶ
871 1085 1038 1140 διέμεινε
1060 1083 1365 1142 φυλαττόμενα.
1438 1085 1515 1141 ἐγώ
1536 1085 1582 1127 δὲ
1600 1085 1685 1127 ἐπεὶ

166 1160 192 1194 Β
215 1157 289 1197 τοῦ
313 1150 470 1210 θρόνου
493 1153 760 1210 ἀναχωρῆσαι
781 1155 848 1197 καὶ
868 1159 942 1210 τῆς
962 1159 1258 1212 πατριαρχικῆς
1276 1152 1412 1211 πάσης
1429 1153 1686 1213 προστασίας

213 1224 461 1279 παραίτησιν
489 1220 737 1279 ἠβουλήθην
768 1221 1028 1279 ποιήσασθαι
1055 1226 1123 1266 καὶ
1148 1221 1360 1279 ἡσυχάζειν
1380 1221 1503 1267 πάλιν
1521 1221 1618 1266 κατ’
1639 1223 1683 1265 ἕ·-
1696 1230 1740 1266 15

210 1291 371 1346 μαυτόν
404 1290 460 1342 ὥς
490 1293 557 1335 καὶ
587 1289 810 1349 πρότερον,
849 1291 976 1343 εὐθὺς
1000 1294 1068 1336 καὶ
1091 1292 1138 1336 τὸ
1165 1291 1334 1347 σύμπαν
1353 1297 1436 1336 τῶν
1455 1290 1685 1350 γεγραμμέ-

211 1377 292 1404 νων
317 1361 440 1404 ἐκεῖνο
461 1358 594 1418 βάρος
612 1362 655 1412 ἐξ
678 1361 806 1417 αὐτῆς
826 1366 967 1418 ψυχῆς
987 1359 1188 1412 διαλύσας
1214 1361 1405 1418 ἦθέτησα
1417 1395 1432 1416 ,
1468 1357 1685 1418 συγχωρή-

211 1446 314 1479 σεως
341 1427 478 1484 πάσης
505 1434 557 1488 τῇ
587 1434 662 1473 τοῦ
691 1434 795 1474 θεοῦ
826 1428 941 1488 πάσῃ
971 1431 1177 1484 μεταδοὺς
1207 1431 1421 1492 ἐκκλησίᾳ,
1457 1432 1525 1473 καὶ
1544 1429 1685 1479 αὐτοῖς

210 1505 298 1547 τοῖς
316 1497 506 1556 ἀνωτέρω
515 1531 528 1550 ,
560 1496 616 1548 ὥς
635 1499 791 1555 εἴρηται
802 1530 817 1551 ,
852 1503 1011 1554 θλῖψαι
1027 1497 1138 1555 ἡμᾶς
1155 1502 1221 1542 καὶ
1239 1503 1533 1556 παραλυπῆσαι
1553 1515 1684 1543 σπου-

210 1564 399 1610 δάσασιν.
473 1566 523 1609 οὗ
558 1567 638 1625 γὰρ
670 1563 720 1623 ἦν
751 1566 845 1610 οὔτε
866 1572 940 1622 τῆς
959 1572 1034 1611 τοῦ
1057 1572 1158 1611 θεοῦ
1181 1570 1348 1623 ἐντολῆς
1365 1566 1460 1612 οῦτε
1481 1572 1564 1612 τῶν
1584 1567 1740 1611 ἐκεί-20

207 1698 416 1734 damnationi
439 1710 461 1746 a
482 1710 521 1734 se
540 1699 576 1734 in
599 1711 714 1735 omnes
736 1699 927 1735 intentatae
949 1699 1079 1736 diserte
1100 1700 1276 1736 involvere
1299 1700 1468 1736 studuisse
1490 1700 1679 1746 videretur,

213 1746 291 1780 dum
324 1746 415 1780 inter
448 1745 516 1781 alia
550 1747 642 1781 clare
674 1747 848 1793 professus
881 1750 934 1782 est
965 1758 1002 1781 se
1026 1759 1091 1781 non
1114 1747 1204 1782 solos
1227 1759 1286 1782 eos
1313 1746 1603 1792 excommunicare
1624 1747 1683 1793 qui

212 1792 360 1826 scientes
392 1795 616 1838 peccassent,
648 1804 766 1828 verum
802 1793 877 1827 illos
910 1793 1012 1827 etiam
1036 1793 1094 1839 qui
1116 1793 1226 1828 aliena
1249 1794 1382 1828 seducti
1404 1793 1528 1828 fraude
1549 1793 1683 1839 impru-

213 1839 334 1872 denter
357 1838 522 1884 pertracti
546 1839 694 1874 fuissent
719 1839 757 1873 in
783 1839 1060 1885 qualemcumque
1091 1839 1390 1885 participationem
1418 1839 1577 1874 initorum
1601 1850 1682 1874 con-

215 1889 271 1919 tra
306 1895 344 1919 se
376 1884 599 1920 consiliorum.
645 1886 710 1920 hoc
742 1885 809 1920 fuit
839 1885 1017 1920 multorum
1041 1886 1084 1920 de
1106 1886 1171 1920 isto
1195 1886 1374 1921 Athanasii
1405 1896 1569 1928 responso
1591 1885 1683 1920 iudi-

217 1931 322 1965 cium:
354 1942 444 1966 nunc
479 1934 617 1966 caetera
643 1931 835 1966 reddamus.
882 1932 927 1967 ab
963 1943 1003 1966 eo
1037 1932 1087 1966 sic
1118 1931 1232 1967 locuto
1255 1936 1481 1978 perrexerunt
1501 1931 1683 1978 exquirere

219 1977 347 2020 legati,
378 1988 455 2011 num
487 1978 574 2012 hanc
604 1977 734 2023 ipsam,
768 1989 868 2024 quam
902 1978 1008 2013 verbo
1035 1978 1122 2023 ipsis
1152 1978 1398 2024 expressisset,
1430 1978 1682 2013 excusationem

218 2023 316 2056 istius
339 2023 391 2057 sui
415 2023 519 2066 facti,
544 2028 685 2069 paratus
708 2028 819 2068 esset,
852 2024 883 2059 si
905 2029 1105 2070 rogaretur,
1129 2025 1172 2059 ad
1193 2036 1311 2060 eorum
1334 2025 1412 2060 cuia
1432 2024 1599 2060 intererat
1618 2035 1682 2060 no-

219 2068 330 2114 titiam
361 2073 397 2104 et
427 2070 698 2106 satisfactionem
734 2071 800 2106 scri
828 2074 863 2105 to
892 2071 1080 2116 complecti.
1127 2071 1170 2105 ad
1194 2082 1236 2106 ea
1257 2071 1313 2105 ille
1335 2071 1479 2106 chartae
1505 2070 1682 2108 confestim

219 2119 381 2159 arreptae
413 2116 519 2161 haec,
553 2128 642 2162 quae
675 2117 759 2152 licet
785 2082 938 2162 pYuscula
965 2117 1019 2151 hic
1042 2118 1209 2158 referam,
1241 2117 1358 2153 illevit.
1405 2116 1517 2151 “mihi
1539 2115 1684 2161 contigit

218 2160 456 2204 patriarchatu
478 2163 634 2208 fungenti
654 2163 689 2198 in
713 2163 835 2198 multas
856 2163 1114 2206 tribulationes,
1145 2164 1269 2198 multas
1291 2162 1499 2198 tentationes
1519 2161 1682 2198 incidere.

219 2207 336 2240 harum
359 2208 470 2242 subito
494 2213 529 2242 et
551 2210 742 2244 vehementi
767 2213 961 2255 pertractus
992 2221 1095 2245 sensu
1115 2209 1150 2244 in
1173 2220 1321 2245 amaram
1350 2207 1577 2243 habitudinem
1597 2219 1682 2243 exa-

218 2253 379 2286 cerbatae
408 2254 549 2297 mentis,
584 2255 708 2301 scripsi
736 2256 853 2291 literas
879 2257 1096 2291 anathemata
1125 2256 1244 2301 gravia
1266 2265 1495 2299 censurasque
1515 2253 1550 2288 id
1573 2264 1682 2298 genus

219 2303 353 2332 atroces
375 2298 410 2332 in
434 2312 492 2334 eos
515 2301 575 2346 qui
598 2314 650 2336 me
672 2307 880 2337 vexaverant
904 2307 940 2337 et
967 2302 1139 2337 laeserant
1169 2303 1355 2342 habentes3
1387 2309 1531 2346 quarum
1559 2299 1683 2335 notitia

219 2355 435 2379 censurarum
458 2347 582 2381 nemini
606 2359 721 2383 eorum
743 2348 777 2383 in
800 2359 886 2394 quos
909 2349 988 2383 illae
1010 2348 1293 2395 intorquebantur
1314 2345 1430 2381 oblata
1451 2345 1521 2380 ulla
1542 2350 1616 2389 est3
1638 2357 1681 2381 ac

219 2401 261 2424 ne
287 2390 447 2425 indicium
469 2393 605 2438 quidem
628 2394 734 2429 cuivis
767 2395 894 2429 factum
917 2395 972 2429 vel
992 2394 1134 2429 istarum
1159 2393 1308 2440 ipsarum
1334 2391 1507 2426 literarum
1529 2391 1584 2426 vel
1605 2391 1683 2440 pia-

220 2436 385 2470 cularium
418 2448 579 2473 noxarum
611 2451 698 2486 quas
729 2439 962 2476 continebant.
1009 2440 1074 2474 hae
1101 2439 1222 2474 deinde
1249 2438 1373 2473 literae
1390 2436 1426 2471 in
1448 2437 1596 2483 quodam
1619 2438 1682 2473 ab-

219 2487 332 2516 struso
357 2486 393 2516 et
415 2495 555 2528 prorsus
579 2485 693 2530 ignoto
724 2486 798 2520 loco
822 2486 935 2531 magni
954 2485 1074 2532 templi
1097 2490 1235 2520 sanctae
1257 2484 1312 2518 dei
1333 2482 1520 2530 sapientiae
1541 2484 1682 2529 deposi-

217 2532 295 2572 tae,
327 2528 450 2563 ibidem
482 2532 672 2567 custoditae
702 2535 973 2578 permanserunt.
1020 2543 1084 2576 ego
1107 2542 1188 2566 vero
1210 2533 1390 2576 postquam
1411 2529 1534 2564 throno
1558 2529 1683 2565 cedere

217 2579 254 2609 et
275 2575 381 2609 omnis
403 2575 641 2620 patriarchalis
663 2579 904 2624 praefecturae
935 2577 1181 2612 abdicationem
1202 2576 1293 2610 volui
1315 2577 1451 2618 facere,
1484 2574 1682 2622 quiescet&

217 2632 286 2666 que
315 2631 433 2655 rursus
465 2623 556 2667 apud
588 2635 641 2657 me
673 2624 762 2658 sicut
790 2623 906 2670 prius,
937 2622 1052 2658 statim
1074 2626 1182 2658 totum
1202 2621 1284 2656 illud
1303 2621 1507 2668 scriptorum
1529 2633 1614 2657 onus
1636 2632 1680 2657 ex

216 2667 294 2712 ipsa
316 2666 427 2702 anima
449 2667 580 2702 diluens
604 2669 792 2715 abrogavi,
814 2670 948 2704 veniam
971 2680 1100 2705 omnem
1123 2668 1302 2704 universae
1326 2668 1380 2702 dei
1401 2667 1599 2713 impertiens
1621 2679 1681 2703 ec-

218 2713 342 2747 clesiae
364 2715 401 2748 et
421 2713 505 2759 ipsis
527 2714 587 2760 qui
610 2716 787 2761 superius,
822 2720 863 2750 ut
885 2715 1010 2750 dictum
1033 2719 1106 2759 est,
1137 2725 1263 2750 vexare
1292 2725 1353 2748 nos
1377 2718 1414 2748 et
1434 2714 1571 2749 laedere
1606 2717 1680 2749 stu·-

217 2758 370 2794 duerant.
415 2771 482 2794 non
512 2760 601 2795 enim
630 2761 698 2796 suit
726 2761 882 2797 memoris
902 2761 1135 2797 mandatorum
1156 2760 1266 2806 legum
1289 2771 1333 2795 ac
1358 2759 1681 2795 commendationum

218 2804 402 2841 divinarum
424 2806 546 2851 animi,
578 2817 619 2842 ac
641 2807 774 2843 omnino
796 2812 921 2844 metum
942 2807 1100 2844 habentis
1121 2807 1230 2854 ipsius
1251 2806 1324 2850 dei,
1358 2809 1394 2842 et
1419 2807 1570 2842 futurum
1591 2805 1681 2840 iudi-
