1858 3126
345 183 419 224 DE
453 179 775 223 ANDRONICO
809 174 1176 226 PALAEOLOGO
1210 176 1256 218 L.
1284 173 1379 218 VII.
1480 173 1575 219 573

149 294 290 347 πεζοδς
314 293 484 342 ἐκείνους
512 291 608 340 τοὺς
633 291 843 338 πλείστους
875 288 1124 344 συνίκρινον,
1165 289 1232 330 καὶ
1254 286 1351 329 ἄλλ’
1381 284 1484 329 ἅττα
1512 288 1575 329 δι-

149 358 489 417 καιολογούμενοι,
528 358 633 401 δεινὰ
654 356 874 400 ποιούντων
891 357 1047 398 ἐκείνων
1067 358 1102 398 εἷ
1128 360 1208 398 τῶν
1236 355 1333 397 ἴσων
1352 361 1569 410 στεροῖντο,
1597 359 1626 394 Β

131 428 321 484 -ἥμέλουν
344 429 384 476 ἔς
404 427 520 483 ἄγαν.
588 425 685 468 ὅθεν
707 426 776 467 καί
794 441 896 466 τισιν
915 424 1072 466 ἐκείνων
1092 423 1304 477 ἀντιπερᾶν
1323 421 1469 474 ἐδόκει,
1506 424 1574 464 καὶ

148 500 230 539 τῶν
250 498 323 538 τινὶ
337 494 543 548 Ῥωμαίων
565 490 854 548 προστυχόντες
884 493 925 533 ἓν
942 491 1083 547 ῥηταῖς
1109 489 1338 545 ὁμολογίαις
1356 492 1422 532 καὶ
1440 488 1574 545 ὅρκοις

118 560 404 619 5συνεφοῦνουν
434 561 547 603 αὐτοὶ
573 562 646 613 μὲν
673 558 827 602 διδόναι
855 558 966 609 ἄξιον
994 558 1040 601 τὸ
1070 562 1319 610 πορθμεῖον,
1361 559 1506 607 ἐκεῖνος
1528 558 1574 600 δὲ

148 628 457 686 ἅκακουργῆτως
477 630 679 683 διαπερᾶν.
747 626 839 669 ἀλλ’
862 627 904 668 ἐκ
922 630 995 668 τοῦ
1015 625 1212 682 αι’φνηδόν
1230 625 1530 680 περαιουμένοις
1550 623 1572 668 ὅ

141 697 331 754 Ἀνδρίας
352 698 589 751 Μουρίσκος
605 697 828 751 ἐφίσταται,
864 695 929 736 καὶ
947 694 1071 748 μέσον
1086 697 1159 735 τοῦ
1180 697 1374 746 πορθμοῦ
1394 709 1573 748 προστυ-

144 764 228 820 χὼν
250 764 346 812 τούς
374 765 446 816 μὲν
471 762 691 816 Ῥωμαίους
722 769 975 816 περιποιεῖται
990 794 1002 812 ,
1035 762 1203 816 Πέρσας
1230 762 1274 802 δὲ
1292 758 1347 809 ὥς
1367 759 1417 802 ἂν
1432 760 1489 813 μὴ
1515 759 1572 802 ὢν

146 831 271 882 αὐτὸς
290 830 496 885 ἔπιῦμοτος
515 831 627 886 ἔργον
648 833 850 883 μαχαίρας
868 836 1048 872 ποιεῖται.
1117 832 1238 871 τοῦτο
1255 829 1437 883 γνωσθὲν
1456 828 1569 882 Πέρ-
1592 832 1623 865 G

94 908 138 943 10
147 915 238 949 σαις
256 903 328 954 τῆς
347 900 409 940 ἐπὶ
430 898 481 940 τὰ
498 900 620 940 οἰκεῖα
638 897 724 952 ἤθη
742 897 913 954 ἀφίξεως
931 899 995 938 καὶ
1015 898 1104 938 λιάν
1125 895 1311 951 ἀνείργει,
1349 897 1415 938 καὶ
1440 894 1570 945 οὕτως

145 967 317 1015 ἐσαῦθις
337 966 437 1020 πρὸς
451 965 630 1014 Ἰταλοὺς
650 966 849 1013 κλίναντες
867 965 940 1006 σὺν
962 963 1100 1013 αὐτοῖς
1120 963 1194 1013 τὰς
1220 963 1425 1022 Θρᾳκικὰς
1443 981 1571 1006 κατα-

143 1034 327 1090 τρέχουσι
351 1031 500 1088 χώρας.
569 1032 663 1074 ἀλλ’
698 1031 808 1084 ὃμὲν
832 1034 1069 1086 Μουρίσκος
1096 1035 1257 1083 βασιλεῖ
1273 1029 1566 1086 παραγεγονώς,

144 1099 231 1155 ἅμα
255 1101 300 1143 δὲ
320 1102 481 1142 καὶτῶν
499 1098 690 1155 τριήρεων
712 1104 784 1154 τῆς
806 1101 868 1141 ἐπὶ
898 1104 955 1156 τῷ
975 1103 1152 1156 πορθμῷ
1171 1098 1362 1152 ἀσχολίας
1382 1098 1571 1140 ἀπαλλα-

144 1156 284 1224 γεισῶν
294 1201 308 1221 ,
343 1169 487 1217 ἐκεῖνος
512 1169 584 1220 μὲν
610 1167 684 1222 τὴν
705 1171 777 1209 τοῦ
797 1167 986 1221 ἀμηραλῆ
1015 1167 1131 1217 ἀξίαν
1149 1166 1260 1218 παρὰ
1280 1171 1354 1208 τοῦ
1372 1170 1571 1219 κρατοῦν-

91 1245 134 1282 15
145 1251 215 1285 τος
230 1233 447 1290 λαμβάνει·
485 1234 630 1276 Ἰταλοὶ
666 1235 710 1276 δὲ
735 1236 800 1276 καὶ
830 1235 1012 1288 Πέρσαι,
1057 1234 1138 1276 ἐπεὶ
1161 1233 1329 1287 οὐδεμία
1347 1238 1429 1276 τῶν
1449 1238 1571 1287 βασι-

142 1307 263 1345 λικῶν
280 1300 470 1358 τριήρεων
491 1302 616 1344 ε’κεΐσέ
639 1319 694 1358 πῃ
721 1300 989 1357 προσεκῶχευε
999 1333 1013 1353 ,
1048 1301 1102 1343 τὰ
1123 1301 1245 1343 πιστοὶ
1266 1303 1330 1343 ἐπὶ
1359 1306 1416 1359 τῷ
1437 1318 1568 1357 φρου-
1590 1307 1621 1341 D

144 1371 217 1428 ρίῳ
238 1373 294 1427 τῷ
313 1374 384 1423 τῆς
404 1371 584 1411 Καλλίου
604 1368 788 1422 σχόντες,
818 1369 972 1424 ὀλίγους
989 1369 1099 1418 τινὰς
1117 1369 1221 1411 κατὰ
1242 1369 1426 1425 φυλακὴν
1447 1369 1572 1426 ἀφέν-

142 1453 207 1486 τες
237 1435 348 1486 ὅλῖιις
366 1434 510 1491 ὁρμαῖς
536 1436 586 1478 τὰ
617 1435 967 1490 προστυγχάνοντα
997 1437 1261 1490 ἕξεληΐζοντο,
1299 1436 1452 1492 ἄνδρας
1467 1439 1573 1479 κτεί-

140 1520 276 1554 νοντες
286 1537 300 1556 ,
327 1503 400 1553 τὰς
415 1503 458 1545 δ’
478 1505 519 1546 ἐν
536 1503 667 1563 ἡλικίᾳ
685 1511 873 1559 γυναῖκας
892 1505 957 1546 καὶ
980 1506 1128 1554 παῖδας
1146 1504 1298 1546 ἀνοικτὶ
1318 1505 1570 1561 ἐξανδραπο-

137 1610 230 1645 tibus
243 1610 318 1656 plus
333 1621 430 1655 quam
452 1609 516 1643 illis
538 1609 705 1655 plerisque
727 1611 894 1656 peditibus
915 1611 949 1645 in
972 1611 1154 1656 partitione
1169 1611 1296 1653 deberi,
1318 1614 1475 1656 quantum
1500 1611 1569 1644 col-

137 1656 282 1690 libuerat
302 1659 528 1700 sumpserant,
561 1656 724 1700 particula
746 1656 942 1699 dumtaxat,
972 1658 1163 1702 quantulam
1195 1657 1251 1691 sat*
1270 1659 1342 1690 sore
1366 1662 1568 1701 quaestuoso

137 1699 223 1746 ipsis
245 1700 310 1734 sibi
338 1699 518 1734 faventium
551 1699 687 1734 arbitrio
718 1707 928 1744 statuerunt,
956 1702 989 1736 in
1021 1703 1143 1736 Persas
1165 1703 1292 1743 socios,
1313 1702 1364 1735 uti
1388 1701 1468 1734 nibil
1491 1701 1565 1744 plus

161 1756 235 1779 uam
257 1745 445 1790 gregarioS,
478 1756 624 1790 aspersa.
668 1746 718 1780 sic
748 1758 785 1780 se
814 1747 936 1781 iniuste
959 1759 1000 1781 ac
1031 1748 1265 1781 contumeliose
1286 1745 1478 1779 defrandari
1498 1756 1565 1778 non

153 1795 283 1824 erentes
310 1791 434 1824 Persae
464 1790 506 1824 de
535 1791 598 1824 bac
630 1791 751 1826 iniuria
785 1797 820 1826 et
854 1793 1048 1837 quibusdam
1078 1793 1153 1826 aliis
1179 1793 1335 1832 multum,
1357 1791 1412 1823 sed
1437 1791 1564 1824 frustra

136 1836 378 1879 querebantur,
401 1835 509 1868 surdis
532 1835 575 1869 ad
598 1837 725 1878 omnia,
749 1842 785 1870 et
806 1838 964 1882 quidquid
986 1837 1070 1871 laesi
1092 1838 1330 1875 obtenderent,
1354 1846 1475 1878 susque
1502 1835 1564 1868 de·-

137 1889 204 1923 que
225 1879 423 1913 habentibus
444 1891 561 1913 secure
592 1891 632 1914 ac
653 1883 797 1925 superbe
820 1883 1000 1916 Catelanis.
1046 1882 1122 1915 hinc
1145 1890 1257 1915 natum
1282 1882 1455 1914 Persarum
1478 1890 1563 1913 non-

136 1922 237 1957 nullis
258 1923 428 1956 consilium
450 1928 540 1957 retro
562 1936 610 1965 se,
632 1927 719 1958 unde
741 1931 913 1968 venerant,
934 1933 1030 1961 trans
1050 1938 1142 1960 mare
1163 1925 1340 1959 referendi.
1385 1935 1465 1968 ergo
1488 1936 1562 1958 cum

138 1967 228 2001 forte
249 1972 443 2012 occurrente
477 1970 642 2002 navarcho
665 1971 818 2014 quopiam
840 1972 987 2005 Romano
1011 1972 1092 2004 clam
1117 1971 1304 2014 transigunt
1326 1974 1364 2003 ut
1385 1981 1422 2002 sc
1443 1974 1560 2003 taxato

137 2012 255 2055 naulo,
278 2018 314 2045 et
335 2012 436 2045 certis
458 2013 697 2047 conditionibus
718 2014 752 2047 in
783 2026 866 2059 quas
887 2016 1055 2059 utrimque
1076 2016 1284 2049 iureiurando
1307 2014 1386 2047 dato
1408 2020 1461 2047 est
1479 2026 1561 2048 con-

136 2062 290 2098 ventum,
310 2061 405 2090 trans
426 2058 546 2090 fretum
567 2058 699 2091 innoxie
720 2070 760 2092 ao
786 2060 853 2093 fide
874 2061 962 2094 bona
983 2061 1187 2104 deportaret.
1232 2060 1307 2093 dum
1321 2060 1370 2093 sic
1381 2059 1561 2101 traiiciung

135 2102 243 2136 medio
263 2101 298 2135 in
319 2112 417 2135 cursu
450 2112 564 2134 navem
595 2114 662 2147 qna
683 2104 887 2138 vehebantur
910 2105 1059 2138 Andreas
1081 2105 1249 2141 Muriscus
1280 2104 1439 2138 invadens
1461 2116 1562 2139 occu-

160 2157 283 2192 ansqne
305 2146 471 2180 Romanos
491 2146 622 2190 quidem
645 2147 679 2181 in
702 2159 742 2181 ea
763 2154 914 2192 repertos
935 2150 1100 2192 servavit,
1123 2150 1245 2183 Persas
1274 2155 1404 2191 autem,
1426 2153 1464 2183 nt
1485 2149 1564 2195 qui-

157 2202 198 2226 us
220 2191 308 2225 nulla
328 2191 402 2236 ipse
434 2191 631 2225 sacramenti
659 2192 818 2236 religione
847 2194 1010 2234 cavisset,
1038 2194 1148 2237 gladio
1182 2194 1334 2239 peremit.
1378 2194 1562 2229 nuntiatum

133 2236 170 2270 id
198 2237 309 2270 Persis
331 2236 466 2281 reliquis
488 2237 578 2281 apud
601 2242 712 2271 castra
735 2237 967 2272 Catelanorum
990 2239 1107 2272 similia
1121 2239 1311 2273 revertendi
1334 2240 1470 2274 consilia
1486 2251 1562 2274 ver-

132 2281 303 2322 nutibus,
334 2281 431 2325 longe
453 2282 512 2315 hos
533 2281 692 2327 deinceps
713 2283 756 2316 ab
779 2282 937 2316 eiusmodi
958 2283 1214 2328 cogitationibus
1236 2284 1377 2326 avertit,
1410 2291 1562 2319 coactos-

131 2337 200 2379 que
225 2326 267 2361 ad
300 2326 466 2371 patienter
497 2327 701 2360 tolerandam
724 2327 992 2373 qualemcumque
1021 2329 1238 2363 conditionem
1261 2329 1456 2374 peregrinae
1477 2331 1563 2364 mili—-

134 2374 227 2415 tiae,
259 2372 314 2405 cui
347 2377 460 2405 esseut
481 2371 701 2405 insolubiliter
728 2372 897 2416 impliciti,
930 2374 1077 2418 perpulit
1098 2374 1140 2407 ad
1173 2374 1430 2418 coniungendam
1452 2377 1561 2411 denuo

134 2426 208 2450 cum
233 2416 328 2450 Italis
349 2416 524 2450 militarem
548 2428 704 2461 operam,
734 2417 908 2451 Thracicis
934 2420 1148 2452 communiter
1177 2419 1366 2463 regionibus
1387 2420 1563 2455 incursau-

133 2460 196 2494 dis.
242 2461 305 2494 sub
326 2461 408 2495 haec
431 2461 596 2495 Mun-iscus
619 2463 756 2496 remissa
778 2463 967 2497 triremibus
988 2464 1068 2497 freti
1090 2465 1293 2498 custodiendi
1307 2465 1456 2500 taediosa
1477 2466 1562 2511 ipsis

133 2514 176 2538 ac
197 2505 328 2550 publice
350 2507 487 2540 salutari
510 2507 654 2541 statione
677 2518 749 2541 cum
770 2507 813 2541 iis
837 2508 1152 2551 Constantinopolim
1175 2510 1288 2552 rediit,
1319 2511 1378 2544 ubi
1400 2511 1560 2546 benevole

135 2554 297 2596 exceptus
329 2551 371 2584 ab
399 2551 602 2596 imperatore
630 2551 811 2597 praemium
843 2553 893 2586 rei
923 2554 1007 2587 bene
1037 2558 1154 2597 gestae
1184 2555 1343 2589 Ameralis
1365 2557 1558 2600 dignitatem

134 2593 222 2628 tulit.
270 2605 387 2628 verum
423 2596 500 2630 Itali
530 2608 571 2630 ac
600 2596 727 2631 Persae
756 2609 888 2631 recessu
930 2598 1158 2633 animadverso
1186 2599 1389 2643 triremium,
1418 2612 1557 2646 quarum

133 2636 216 2682 ipsis
246 2639 359 2673 fuerat
383 2640 505 2675 vicinia
530 2642 675 2684 terrori,
706 2641 787 2675 nihil
804 2643 868 2676 iam
891 2642 1045 2688 deinceps
1067 2644 1138 2677 arci
1162 2644 1360 2689 Callipoleos
1390 2646 1558 2679 imminere

176 2682 272 2716 '‘culi
301 2690 494 2728 cernentes,
528 2685 642 2730 paucis
669 2697 800 2721 suorum
832 2688 883 2722 uti
915 2688 980 2722 iam
1003 2689 1191 2723 suffecturis
1212 2691 1255 2724 ad
1279 2691 1349 2724 eius
1373 2690 1556 2724 custodiam

132 2725 180 2778 ibi
202 2727 345 2772 relictis,
364 2729 471 2764 effuso
493 2729 617 2776 impetu
638 2731 738 2766 obvia
758 2735 836 2766 sunt
857 2740 977 2767 cuncta
998 2734 1207 2778 depopulati,
1234 2735 1321 2770 viros
1342 2735 1473 2780 quidem
1494 2746 1555 2769 oo-

132 2769 297 2814 ndentes,
317 2773 450 2809 adultas
469 2786 551 2810 vero
570 2775 726 2811 mulieres
745 2782 782 2812 ct
802 2788 924 2823 pucros
945 2778 1246 2816 immisericorditer
1264 2780 1423 2816 servium
1446 2779 1553 2817 abdue
