1858 3126
257 162 354 208 362
679 162 916 207 GEORGH
950 165 1301 211 PACHYMERIS

256 277 356 327 λε’ως
386 272 634 332 πρόσταξιν,
680 275 749 333 ἔφ’
779 270 891 336 ᾧπερ
923 275 1104 322 αὐτόθεν
1134 277 1364 335 παννῦχους
1401 283 1552 334 ἱκεσιάς
1581 290 1722 328 ποιεῖν.

203 348 234 382 C
258 346 305 389 τὸ
323 345 463 399 μέντοι
478 361 520 400 γε
539 346 606 386 καὶ
631 343 704 400 τὴν
725 337 862 401 ε’κτενῆ
886 345 998 397 ὅπως
1016 354 1189 401 ποιοῖεν,
1225 350 1291 393 καὶ
1319 351 1361 392 τί
1377 350 1525 408 λέγοιεν
1546 352 1596 396 ἂν
1620 371 1724 410 προ-

255 416 430 469 δηλοῦν,
470 417 635 469 πρῶτον
662 414 736 468 μὲν
767 415 954 472 περιττὸν
988 414 1073 459 οἷον
1101 418 1248 474 κρίνων
1277 417 1408 475 ἦφιέι·
1429 463 1432 466 ⁴
1455 419 1582 470 εὐθὺς
1612 422 1655 465 δ’
1679 423 1723 465 ἐκ

253 483 523 538 μεταμελείας
541 482 613 526 τὸν
640 484 867 539 λογοθέτην
891 483 1240 540 ἀνακαλούμενος,
1279 485 1336 536 ὥς
1356 489 1422 530 καὶ
1445 487 1569 540 αὐτὸς
1588 492 1721 547 δημη-

253 555 386 609 γορῶν
409 550 515 607 ἔλεγε
528 584 542 605 ,
582 549 777 608 παράγων
795 552 979 596 κάκεῖνον
1001 556 1064 596 ἐπὶ
1087 552 1249 606 τοτ’-τοις
1266 553 1476 613 μάρτυρα,
1513 559 1580 601 καὶ
1600 564 1721 602 τοῦτο
1735 572 1757 606 5

254 620 509 676 προσέτασσε
532 621 822 677 παραγγέλλειν
848 629 935 672 τοῖς
955 623 1228 678 πεμπομένοις
1247 627 1516 682 παραδηλοῦν
1541 633 1627 677 τοῖς
1644 645 1726 682 μο-

253 696 405 744 ναχοΐς.
476 688 602 740 αὐτὸς
622 690 666 732 δὲ
687 688 1004 748 διανυκτερεύων
1029 694 1095 734 καὶ
1115 697 1351 750 γρηγορῶν,
1389 694 1540 745 εἶωθός
1560 694 1606 738 ὃν
1625 696 1726 739 ἐκεί-

257 775 314 817 νῳ
338 757 385 801 τὸ
408 762 541 801 ταῦτα
562 765 711 811 ποιεῖν,
757 757 870 813 ὅμως
899 761 966 802 καὶ
989 762 1031 803 ἐν
1052 762 1186 822 ἐννοίᾳ
1216 766 1384 817 σεισμοῦ
1404 758 1476 818 ἦν,
1505 761 1562 814 ὥς
1582 763 1725 820 ἔλεγεν,

205 830 237 864 D
263 825 319 877 ιῦς
346 827 391 869 δὲ
414 825 565 884 χρόνος
602 831 795 883 παρῆλθε
835 830 902 871 καὶ
933 829 1059 879 αὐτὸς
1089 830 1194 887 πρὸς
1219 831 1294 887 τὴν
1330 832 1439 874 ἰδίαν
1463 832 1622 890 μητέρα
1651 833 1726 888 τὴν

255 893 462 953 πρόσοδον
493 902 620 939 ποιεῖν
645 896 751 939 κατὰ
783 897 830 939 τὸ
864 895 1045 953 σύνηθες
1071 898 1257 953 ἔμελλεν,
1307 900 1559 956 ἐπισημαίνει
1589 918 1724 958 παρα·
1738 919 1782 953 10

253 969 396 1022 χρῆμα
406 998 420 1018 ,
468 962 524 1015 ὥς
557 965 704 1008 ἐκεῖνον
732 967 799 1008 καὶ
827 970 977 1021 γνῶναι
1021 969 1088 1010 καὶ
1121 968 1245 1024 λέγειν
1265 1001 1279 1022 ,
1326 969 1493 1024 σεισμὸς
1522 968 1723 1026 μαλακός,

258 1036 321 1076 ἐπὶ
349 1038 549 1078 τοσοῦτον
579 1035 705 1089 δῆλος
733 1033 837 1077 ὥστε
865 1037 931 1079 καὶ
954 1041 1194 1093 γνωσθῆναι
1216 1035 1335 1092 μόλις
1359 1042 1420 1098 τῷ
1444 1043 1723 1096 γρηγοροῦντι.

256 1098 308 1158 ἦν
340 1098 415 1146 οὖν
443 1107 568 1146 τοῦτο
597 1107 656 1163 τῷ
693 1107 858 1158 βασιλεῖ
889 1106 943 1154 εἷς
984 1103 1110 1156 δόξαν
1148 1105 1349 1162 ἀληθείας
1387 1111 1470 1150 τῶν
1498 1108 1726 1162 λεχθέντων

259 1173 502 1229 προοίμιον·
540 1170 651 1226 ὅμως
680 1172 919 1227 ε’χεμυθῶν,
971 1171 1026 1223 ὦς
1058 1173 1188 1230 ἔλεγε,
1234 1175 1300 1217 καὶ
1326 1175 1447 1218 πλέον
1465 1192 1503 1218 τι
1522 1180 1595 1219 τοῦ
1617 1192 1725 1231 συμ-

206 1239 238 1273 E
261 1239 416 1295 βάντος
447 1238 666 1296 παρετήρει
695 1243 764 1284 καὶ
792 1239 1075 1286 ὖπεσκέπτετο.
1156 1243 1229 1294 νὺξ
1252 1244 1326 1298 μὲν
1347 1238 1420 1287 οὖν
1437 1244 1564 1300 ἐκείνη
1583 1242 1722 1304 παρῴ-
1739 1256 1780 1291 15

251 1327 371 1365 χετο,
410 1312 476 1353 καὶ
509 1308 534 1365 ἦ
563 1309 659 1364 μετ’
694 1309 824 1365 αὐτὴν
854 1306 1004 1363 αὖθις,
1043 1313 1110 1354 καὶ
1140 1316 1190 1369 τῇ
1219 1310 1542 1371 ἑπτακαιδεκάτῃ
1571 1317 1728 1370 πρωίας

255 1379 422 1433 σεισμὸς
445 1377 679 1435 προσήραξε
699 1376 1011 1436 κραταιότερος,
1050 1379 1099 1423 οὐ
1125 1381 1208 1436 μὴν
1231 1381 1277 1424 δὲ
1299 1380 1402 1424 ὥστε
1427 1383 1498 1424 καί
1521 1399 1560 1424 τι
1582 1386 1665 1426 τῶν
1686 1383 1727 1432 ἒς

255 1449 443 1492 κίνδυνον
475 1447 519 1491 ἐκ
551 1445 700 1491 τούτου
729 1448 933 1504 γενέσθαι,
1005 1450 1072 1492 καὶ
1089 1449 1217 1499 εὐθὺς
1238 1448 1260 1494 ὅ
1281 1450 1476 1504 βασιλεὺς
1507 1452 1550 1494 ἕν
1570 1455 1728 1509 πληρο-

256 1518 383 1577 φορίᾳ
404 1516 523 1572 ὥρμα
544 1515 735 1572 γενέσθαι
765 1520 839 1560 τοῦ
868 1518 998 1559 ἐκεῖνα
1017 1517 1226 1573 λέγοντος,
1264 1520 1330 1561 καὶ
1353 1519 1555 1570 καθεκτὸς
1583 1519 1657 1562 οὐκ
1677 1514 1728 1574 ἦν

255 1583 478 1639 θαύματος
514 1586 581 1627 καὶ
621 1583 786 1628 ἐπαίνου
828 1586 976 1629 ἐκεῖνον
1007 1586 1222 1640 τιθέμενος
1240 1619 1254 1640 ,
1301 1586 1377 1630 κᾶν
1414 1587 1516 1638 τέως
1542 1587 1782 1643 τοῦνομαΞο

255 1652 548 1712 ὑπεκρύπτετο.
1259 1667 1268 1672 ·

260 1866 414 1902 noctibus
444 1867 640 1914 aequandas
672 1867 879 1903 anctoritate
908 1866 1124 1913 imperatoris
1153 1865 1352 1901 indicerent.
1416 1865 1452 1901 in
1481 1877 1549 1913 quo
1581 1866 1656 1912 ipso
1687 1876 1726 1900 se

259 1913 349 1948 aliud
374 1925 510 1960 quoque
533 1915 708 1949 dubitasse
730 1913 957 1960 significavit,
989 1912 1142 1948 nimirum
1165 1925 1208 1948 an
1233 1913 1341 1959 prima
1362 1912 1422 1948 illa
1443 1911 1727 1959 supplicationum

259 1960 528 2005 praescriptione
563 1973 700 1995 causam
734 1960 930 1996 nominatim
961 1959 1165 2005 exprimeret
1195 1960 1238 1994 ob
1272 1971 1372 2005 quam
1403 1959 1496 1994 orari
1526 1959 1640 1994 vellet.
1685 1969 1726 1992 ac

260 2005 367 2049 primo
400 2007 535 2051 quidem
558 2007 650 2041 istud
673 2007 824 2041 iudicans
847 2005 1054 2052 superfluum
1086 2005 1264 2040 omiserat:
1296 2017 1372 2040 mox
1405 2008 1518 2040 tamen
1540 2004 1729 2059 poenitens,

260 2056 300 2084 ut
324 2053 555 2088 concionando
580 2059 634 2088 est
653 2054 775 2095 fassus,
798 2057 957 2087 revocato
979 2052 1171 2097 logothetae
1193 2051 1307 2095 (cuius
1328 2051 1379 2086 rei
1401 2055 1524 2086 testem
1545 2061 1654 2097 ipsum
1677 2049 1727 2084 ci-

260 2097 376 2142 tabat)
409 2099 590 2144 imperavit
621 2102 659 2133 ut
682 2104 718 2134 et
742 2111 877 2134 causam
910 2099 1128 2142 adiungeret,
1161 2098 1297 2132 edicens
1318 2097 1525 2142 singulorum
1549 2096 1727 2131 coenobio-

260 2153 334 2176 rum
357 2145 540 2187 sodalibus,
563 2157 706 2191 quorum
729 2146 890 2180 malorum
909 2145 1141 2179 liberationem
1164 2157 1186 2179 a
1209 2144 1272 2178 deo
1295 2144 1432 2190 exposci
1455 2147 1640 2188 oporteret.
1662 2142 1726 2176 hoc

259 2188 396 2223 dimisso
420 2190 602 2236 imperator
624 2192 698 2236 ipse
720 2192 754 2225 in
779 2191 892 2236 vigilia
915 2197 1129 2236 pernoctans,
1152 2190 1241 2236 quod
1264 2194 1340 2224 erat
1361 2195 1397 2224 et
1419 2189 1506 2224 alias
1528 2187 1649 2223 solitus
1672 2187 1727 2221 sa-

260 2246 364 2276 cere,
399 2237 609 2280 potissimum
641 2237 676 2272 in
706 2237 851 2282 imagine
880 2240 994 2272 terrae
1020 2242 1129 2272 motus
1151 2237 1313 2271 intentati
1334 2241 1478 2269 mentem
1500 2233 1619 2268 habuit
1641 2231 1727 2266 defi-

260 2291 348 2323 xam,
375 2283 652 2326 quemadmodum
675 2285 850 2318 referebat
870 2288 1010 2329 postea3
1034 2283 1143 2329 quoad
1165 2287 1265 2317 nocte
1286 2285 1460 2316 transacta
1482 2290 1556 2314 cum
1578 2279 1662 2313 hora
1685 2278 1727 2312 il-

261 2326 404 2360 luxisset
426 2339 495 2373 qua
518 2335 744 2364 consueverat
766 2335 906 2363 matrem
930 2330 1024 2364 adire
1047 2329 1260 2364 salutationis
1282 2327 1468 2362 matutinae
1489 2323 1623 2370 gratia,
1647 2324 1728 2359 dum

260 2371 305 2407 ad
328 2372 362 2406 id
390 2384 427 2407 se
451 2374 617 2418 accingit,
641 2379 735 2409 terra
758 2380 850 2409 motu
873 2387 1055 2416 concussa,
1079 2378 1120 2409 ut
1142 2374 1299 2414 dicebat,
1322 2376 1386 2415 est,
1411 2371 1496 2406 adeo
1519 2370 1587 2404 leui
1609 2374 1648 2405 ut
1670 2369 1727 2404 vix

260 2418 432 2453 sensibilis
459 2420 614 2464 vigilanti
639 2426 750 2462 esset3
784 2421 874 2466 quod
905 2421 1004 2466 quasi
1035 2421 1158 2466 pignus
1179 2418 1337 2455 veritatis
1359 2415 1550 2452 denuntiati
1573 2416 1650 2450 mali
1673 2421 1727 2450 at-

258 2476 326 2510 que
353 2464 437 2499 adeo
469 2466 541 2499 eius
566 2467 768 2510 prooemium
798 2467 995 2510 imperatori
1028 2466 1104 2500 fuit,
1151 2465 1315 2509 pressisse
1337 2468 1450 2498 tamen
1474 2474 1512 2497 se
1534 2461 1570 2495 id
1592 2461 1727 2496 silentio

261 2510 397 2554 aiebat3
430 2514 465 2545 et
495 2511 601 2545 tacita
632 2512 851 2556 suspensione
883 2512 1039 2546 solicitae
1061 2511 1183 2545 mentis
1205 2514 1406 2556 expectasse
1427 2509 1534 2543 maius
1556 2507 1727 2554 quidpiam

261 2568 305 2591 ex
328 2555 395 2591 isto
418 2555 526 2591 initio.
571 2568 637 2591 nox
660 2557 767 2602 igitur
789 2557 846 2590 illa
869 2557 919 2590 sic
942 2558 1044 2598 abiit,
1075 2562 1111 2590 et
1132 2556 1211 2590 inde
1234 2556 1303 2590 alia
1325 2565 1544 2600 consequeus.
1590 2566 1632 2589 ac
1650 2558 1730 2588 tan-

260 2603 337 2637 dem
361 2602 416 2636 die
439 2602 583 2648 septima
615 2603 744 2637 decima
775 2614 874 2636 mane
903 2605 1018 2636 terrae
1039 2606 1149 2636 motus
1172 2602 1284 2647 erupit
1305 2601 1554 2643 vehementior,
1583 2611 1651 2635 non
1673 2604 1728 2634 ta-

265 2661 340 2683 men
362 2653 404 2683 ut
425 2661 532 2695 usque
558 2649 593 2683 in
617 2648 801 2695 periculum
825 2648 945 2682 ruinae
967 2660 1008 2683 ac
1031 2659 1139 2682 noxae
1171 2647 1407 2682 invalesceret.
1452 2659 1492 2681 eo
1523 2646 1638 2681 statim
1669 2657 1730 2679 ex-

290 2694 452 2729 erimento
475 2695 664 2729 convictum
687 2706 725 2729 se
747 2694 862 2729 aiebat
891 2695 1077 2740 imperator
1099 2693 1200 2738 plane
1220 2693 1287 2728 iam
1309 2694 1382 2728 sine
1404 2692 1615 2727 dubitatione
1636 2691 1731 2725 incu-

264 2707 380 2776 guisse
410 2741 455 2776 ad
488 2741 690 2775 credendum
723 2739 837 2775 divina
867 2740 985 2786 utique
1010 2740 1230 2786 praedoctum
1263 2739 1490 2774 illustratione
1513 2739 1618 2773 fuisse
1638 2737 1729 2771 illum

265 2787 326 2831 qui
349 2787 432 2822 talia
454 2787 705 2830 denuntiasset3
732 2798 831 2832 quem
854 2792 1040 2832 propterea
1062 2786 1162 2820 valde
1184 2785 1358 2827 laudabat,
1380 2797 1456 2820 sese
1478 2796 1562 2830 prae
1584 2782 1729 2819 admira-

267 2833 358 2868 tione
381 2845 447 2868 non
470 2834 657 2878 continens,
673 2844 875 2880 quamquam
891 2833 963 2868 eius
979 2833 1141 2868 hactenus
1160 2831 1227 2868 ista
1244 2831 1410 2868 narrando
1426 2842 1544 2867 nomen
1559 2829 1730 2865 reticeret.
