1858 3126
441 199 542 244 ΠΒ.
574 198 648 243 111.
718 197 1196 243 CHRONOLOGIGUS.
1441 198 1527 244 801

103 307 261 356 randae,
286 312 407 359 prout
425 319 474 345 ex
493 306 570 344 fide
586 307 732 345 sactum
754 312 822 344 est⁴
878 306 1008 356 sicque
1024 311 1186 345 onustus
1213 303 1405 344 thesauris
1429 307 1540 344 Ron-

103 364 248 403 uerius
276 364 327 400 ad
354 376 444 400 suos
473 363 590 400 rediit
614 363 715 400 circa
743 362 896 400 initium
923 362 1026 401 veris
1055 375 1117 400 an.
1141 361 1268 409 1305,
1296 367 1343 399 ut
1375 368 1546 412 apparet,

104 433 198 458 mox
211 419 402 466 videlicet,
432 418 487 456 uti
506 418 686 470 sperabat
706 418 926 469 imperator,
955 430 1020 455 eos
1037 423 1175 456 contra
1190 416 1323 454 Persas
1344 416 1547 460 ducturus.

103 488 245 514 verum
266 474 424 512 interim
453 487 533 511 non
555 474 669 525 pauci
695 486 716 511 e
743 473 954 521 Catelanis‚
982 479 1187 512 convasata
1205 473 1248 510 in
1266 485 1384 511 naves
1403 473 1548 523 praeda

104 544 221 581 quam
253 529 382 581 Cyzici
405 535 445 567 et
471 530 564 567 locis
594 529 876 568 circumvicinis
903 530 1098 568 Romanos
1128 528 1345 579 diripiendo
1372 540 1549 567 corrase-

36 625 39 627 .
104 592 215 635 rant,
246 586 381 623 domos
403 586 580 636 proprias
604 585 752 623 iniussu
769 586 1020 637 repetierunt.
1076 585 1166 623 inde
1184 589 1314 622 secuta
1334 584 1548 635 stipendio-

103 655 193 680 rum
218 654 288 691 per
306 642 559 678 Rontzerium
578 641 710 691 iniqua
731 641 867 679 divisio
887 647 968 689 est,
997 641 1103 678 Italis
1129 641 1234 691 large
1251 640 1423 688 donatis,
1454 641 1549 678 Ala-

103 698 164 735 nis
185 697 351 746 maligne
380 697 542 747 aspersis
563 697 810 748 imperatoria
834 696 1011 748 pecunia.
1067 695 1160 734 hinc
1182 697 1286 734 inter
1307 695 1379 733 hos
1405 701 1443 733 et
1461 696 1548 733 illos

103 758 211 791 ortae
243 752 457 790 simultates
486 752 554 790 diu
590 753 868 804 suspicionibus
906 752 1080 803 odiisque
1113 752 1284 802 rixisque
1308 752 1411 789 inter
1443 751 1548 801 ipsos

101 807 246 846 mutuis
271 808 460 845 exercitae
490 814 593 846 sunt.
649 821 718 859 per
741 808 835 845 haec
866 808 1076 846 detrectata
1101 808 1219 846 variis
1246 806 1481 845 elusionibus
1504 807 1546 844 in

102 863 218 902 huius
238 875 392 913 quoque
418 864 507 901 anni
526 869 710 902 aestatem
729 864 924 915 expeditio
942 864 982 901 iu
998 865 1130 902 Persas
1146 869 1224 911 est,
1254 862 1445 900 Catelanis
1459 868 1544 900 sta—

101 919 185 957 tiva
202 919 403 957 commoda
418 919 633 969 relinquere
651 920 872 958 nolentibus
883 947 894 967 ,
922 919 1174 970 quantumvis
1190 924 1353 970 urgente
1370 918 1545 968 impera-

100 980 186 1012 tore
193 988 205 1023 3
227 987 342 1025 quem
357 976 526 1012 maxime
543 976 744 1026 premebat
763 975 930 1013 obsideri
947 981 1083 1027 coepta
1094 1005 1105 1024 ,
1133 975 1308 1025 Alisyrae
1325 974 1461 1011 Persae
1478 987 1543 1012 sa-

100 1036 236 1081 trapae
256 1030 394 1068 validis
414 1030 546 1081 copiis,
574 1030 858 1082 Philadelphia;
884 1031 991 1082 quod
1009 1031 1082 1069 sub
1101 1037 1335 1069 autumnum
1352 1042 1413 1068 an.
1436 1029 1543 1071 1305

100 1086 271 1126 evenisse
289 1085 530 1124 crediderim.

211 1141 294 1180 vll.
349 1141 439 1179 Iniit
469 1155 593 1180 annus
611 1140 755 1180 Christi
782 1144 912 1192 1806,
947 1140 1104 1193 quando
1135 1140 1306 1180 solicitus
1329 1140 1542 1191 imperator

98 1210 173 1249 pro
190 1195 455 1248 Philadelphia
473 1198 548 1235 iam
570 1198 649 1235 acri
667 1199 768 1236 fame
783 1198 995 1247 laborante,
1024 1199 1171 1236 frustra
1189 1210 1260 1248 per
1281 1196 1415 1234 missos
1433 1202 1472 1233 et
1491 1195 1543 1233 li-

99 1259 204 1290 teras
222 1258 403 1303 expertus
422 1253 575 1291 duobus
591 1254 724 1304 primis
741 1254 936 1292 mensibus
954 1254 1103 1292 emoliri
1118 1253 1258 1304 Cyzico
1274 1253 1542 1299 Rontzerium,

99 1321 229 1346 mense
254 1309 368 1346 tertio
390 1322 544 1346 socrum
565 1310 645 1346 eius
665 1310 800 1347 Irenen
813 1338 823 1356 ,
853 1310 988 1347 Asanis
1009 1309 1191 1357 viduam,
1220 1320 1391 1346 sororem
1419 1320 1543 1354 suam,

98 1363 150 1401 ad
173 1377 262 1401 eum
280 1364 458 1414 allegavit
475 1377 574 1402 nave
595 1365 731 1414 celeri,
761 1366 868 1414 quod
888 1366 1037 1402 sactum
1057 1366 1110 1402 ait
1128 1363 1381 1415 Pachymeres
1398 1376 1437 1412 p.
1459 1363 1541 1404 421

99 1431 138 1458 v.
150 1423 201 1461 21
220 1427 355 1470 coepta
365 1421 451 1457 iam
468 1419 719 1458 hebdomada
736 1422 886 1458 maiore
901 1421 976 1458 aab
984 1421 1112 1471 finem
1122 1421 1266 1458 Martii
1281 1422 1353 1470 τῆς
1371 1414 1543 1470 μεγάλης

98 1471 322 1526 ἑβδομάδος
340 1472 653 1526 καταλαβούσης,
684 1477 862 1528 Κρονίου
881 1473 1007 1527 μηνὸς
1025 1472 1228 1528 λήγοντος.
1284 1473 1381 1511 haec
1398 1473 1542 1510 chara-

98 1535 240 1568 cterem
267 1537 418 1568 certum
438 1530 584 1569 habent
610 1530 726 1569 huius
745 1531 836 1568 anni
856 1531 999 1569 Christi
1021 1534 1147 1577 1306,
1177 1543 1254 1580 quo
1270 1529 1415 1567 Pascha
1439 1528 1541 1566 inci-

97 1585 158 1623 dit
174 1585 216 1623 in
232 1585 334 1624 diem
351 1588 380 1628 3
400 1586 559 1637 Aprilis3
587 1599 660 1624 nec
680 1587 889 1625 convenire
905 1586 1096 1638 superiori
1114 1591 1291 1636 possunt,
1310 1585 1377 1635 qui
1393 1583 1541 1622 Pascha

94 1640 233 1679 habuit
251 1641 313 1680 (lie
333 1641 474 1693 Aprilis
490 1642 638 1680 decima
656 1648 814 1693 quarta,
842 1643 949 1680 unde
977 1642 1065 1680 finis
1096 1641 1226 1680 Martii
1250 1640 1539 1678 hebdomadam

95 1697 281 1735 maiorem
304 1698 479 1747 nequivit
503 1699 703 1749 attingere.
758 1698 857 1736 nihil
877 1698 1006 1736 omisit
1024 1698 1118 1736 artis
1141 1702 1181 1734 et
1198 1696 1414 1734 industriae
1430 1696 1540 1732 Irene

96 1752 148 1789 ad
162 1753 475 1803 persuadendum
493 1754 702 1792 Rontzerio
717 1759 764 1792 ut
780 1760 917 1792 contra
936 1755 1070 1792 Persas
1087 1752 1276 1791 tenderet.
1333 1750 1402 1788 sed
1422 1750 1535 1787 Cate-

95 1807 174 1845 lani
203 1814 431 1859 praetextus
458 1810 698 1858 quaerebant
723 1809 910 1848 haerendi
935 1810 1021 1847 loco
1041 1808 1114 1846 sibi
1139 1812 1274 1858 grato;
1301 1805 1535 1854 interimque

96 1864 362 1912 superbissime
376 1865 606 1902 insultantes
623 1866 774 1914 Alanis,
802 1866 841 1902 in
864 1866 968 1915 ipsos
988 1877 1058 1915 per
1072 1863 1194 1912 iurgia
1214 1861 1401 1908 minatos,
1426 1873 1535 1910 gras-

96 1919 244 1954 satione
265 1924 455 1955 nocturna
479 1920 658 1968 irruunt;
686 1921 791 1957 unde
810 1920 934 1957 atroci
954 1919 1153 1956 commissa
1171 1929 1300 1967 pugna
1320 1916 1535 1954 vincuntur

96 1972 233 2020 Alani,
258 1973 337 2010 filio
356 1973 465 2010 ducis
481 1975 654 2025 ipsorum
671 1975 811 2024 Georgi
830 1975 966 2011 occiso.
1021 1973 1089 2009 sed
1112 1971 1311 2022 postridie,
1339 1983 1438 2020 quae
1458 1971 1534 2008 suit

98 2028 179 2065 dies
199 2028 338 2078 Aprilis
361 2041 484 2076 nona,
514 2029 680 2066 vicissim
701 2029 943 2078 insurgentes
971 2027 1084 2064 Alani
1113 2027 1266 2064 circiter
1294 2031 1488 2064 trecentos
1512 2038 1536 2063 e

97 2083 288 2121 Catelanis
314 2089 572 2134 peremerunt.
626 2084 787 2134 placatis
812 2089 1023 2132 utcumque
1042 2082 1189 2130 Alanis,
1218 2093 1348 2119 mense
1374 2081 1530 2120 tandem
1553 2090 1582 2124 P
1604 2091 1665 2125 531

94 2138 198 2177 Maio
215 2139 426 2189 procedere
443 2140 571 2189 coepit
590 2139 874 2176 Rontzerianus
886 2137 1079 2175 exercitus
1103 2150 1123 2174 e
1144 2137 1328 2175 Romanis
1347 2137 1539 2175 Catelanis

95 2195 228 2232 Alanis
250 2200 441 2233 constans,
497 2194 594 2231 haec
613 2206 662 2232 ex
678 2193 911 2244 Pachymere
932 2198 1111 2231 constant
1135 2192 1161 2229 l.
1179 2192 1206 2232 4
1224 2206 1256 2230 0.
1276 2195 1344 2234 21.
1382 2206 1415 2230 c.
1435 2205 1530 2230 vero

96 2253 150 2291 28
173 2250 276 2287 idem
303 2256 492 2287 memorat
514 2250 682 2286 solutam
706 2250 903 2287 Rontzerii
931 2249 1104 2287 adventu
1119 2245 1405 2298 Philadelphiae
1425 2248 1531 2286 obsi—

97 2305 275 2353 dionem,
304 2306 503 2343 commisso
533 2305 583 2342 ad
610 2305 789 2343 Aulacem
814 2304 986 2355 praelio,
1018 2315 1068 2340 ex
1093 2316 1170 2352 quo
1192 2304 1417 2341 vulneratus
1444 2303 1528 2342 dux

95 2361 300 2399 Persarum
332 2367 371 2398 et
404 2361 682 2398 Carmanorum
709 2361 876 2410 Alisyras
903 2365 1057 2397 matura
1093 2358 1165 2396 sibi
1202 2359 1290 2410 suga
1322 2359 1528 2407 consuluit,

96 2416 247 2455 Amurii
269 2429 427 2454 suarum
453 2417 623 2467 partium
645 2416 753 2453 ducis
771 2416 904 2453 castris
926 2427 966 2452 se
990 2414 1210 2453 admovens.
1264 2427 1314 2452 ex
1336 2413 1412 2452 hoc
1435 2428 1528 2452 suc-

97 2483 205 2510 cessu
226 2472 304 2509 late
327 2472 494 2522 inclytus
514 2472 745 2510 Rontzerius
769 2470 988 2509 avarissime
1012 2469 1192 2520 pecunias
1210 2483 1232 2507 a
1250 2470 1434 2515 Romanis
1456 2483 1530 2508 ex-

96 2532 268 2576 torquet,
296 2527 322 2566 l.
340 2529 366 2568 5
387 2541 418 2567 c.
439 2531 505 2575 26,
533 2534 683 2578 partem
699 2526 865 2578 praedae
886 2525 1081 2576 deponens
1107 2525 1212 2576 apud
1232 2525 1351 2564 fidam
1369 2525 1453 2572 sibi,
1482 2530 1528 2562 ut

96 2583 283 2631 putabat,
319 2583 573 2632 Magnesiam,
613 2583 721 2621 cuius
746 2587 1015 2633 occupatorem
1045 2581 1275 2619 Attaleotam
1302 2580 1525 2631 imperatori

97 2638 427 2678 reconciliaverat.
492 2639 561 2677 sed
589 2638 666 2676 hoc
687 2638 771 2689 ipso
803 2644 962 2676 auctore
986 2635 1261 2686 Magnesienses
1285 2637 1327 2674 in
1353 2637 1526 2673 Rontze-

97 2691 200 2729 rium
221 2693 430 2740 rebellant,
463 2699 502 2731 et
532 2694 579 2732 ab
599 2707 644 2732 eo
664 2694 754 2732 totis
774 2693 923 2732 viribus
952 2691 1212 2742 nequidquam
1238 2697 1526 2743 oppugnantur.

97 2746 212 2785 Alani
225 2759 274 2784 ex
291 2748 372 2786 eius
392 2748 531 2786 castris
546 2750 722 2799 fugiunt,
748 2749 774 2787 l.
794 2749 820 2790 5
844 2762 876 2787 e.
898 2751 962 2789 31.
1018 2747 1263 2785 Andronicus
1282 2746 1412 2784 multis
1430 2746 1527 2784 mis·-

100 2801 151 2837 sis
182 2807 222 2838 et
246 2801 368 2840 literis
397 2804 543 2841 frustra
570 2805 638 2842 diu
662 2811 824 2843 conatus
842 2803 1095 2841 Rontzerium
1123 2815 1146 2840 a
1168 2802 1381 2853 Magnesiae
1397 2814 1526 2853 oppu-

154 2861 325 2904 Georgius
351 2863 568 2905 pachymeres
598 2864 644 2896 11.
1204 2859 1253 2898 51
