1820 3112
211 154 308 206 174
629 159 866 203 GEORGII
898 158 1252 202 PACHYMERIS

214 271 419 333 διῴκησα,
454 269 614 327 μάρτυς
636 273 762 324 αὐτὸς
781 270 904 326 θεός,
944 280 1127 331 κρεῖττον
1148 272 1224 316 οὗκ
1244 269 1458 330 ἐφρόνουν.
1531 273 1612 316 ἐπεὶ
1637 273 1682 315 δὲ

68 349 99 385 P
124 352 191 387 116
215 342 399 398 Χριστὸς
428 346 503 396 τῆς
534 343 749 397 ἐκκλησίας
776 343 905 386 αὐτοῦ
939 345 1006 385 καὶ
1036 347 1112 398 τῆς
1140 343 1353 396 βασιλείας
1381 343 1427 384 σὲ
1459 342 1682 396 κατέστησε

214 407 486 469 φροντιστήν,
525 409 680 454 ἰθύνειν
710 412 814 468 πρὸς
845 411 890 455 τὸ
922 412 1092 466 ἀρέσκον
1122 411 1257 470 αὐτῷ,
1294 408 1465 454 ἐνώπιον
1483 410 1586 466 λέγω
1605 415 1680 454 τοῦ

209 482 352 536 κυρίου
378 497 459 534 μου
485 479 621 534 Ἰησοῦ
647 483 858 537 Χριστοῦ,
896 483 930 523 εἷ
950 483 1016 523 καὶ
1038 477 1285 535 ἁμαρτωλός
1303 482 1406 534 εἶμι,
1445 479 1550 522 ἀλλὰ
1571 496 1682 536 πρα-

209 553 354 598 κτικῶς
388 548 462 591 οὐκ
495 549 719 603 ἐπίσταμαί
741 567 780 592 τι
810 549 1000 604 ἀπεῖργον
1020 549 1126 592 κατὰ
1146 546 1320 598 κανόνας
1344 545 1578 605 ἱερωσύνης.
1648 550 1715 591 εἲὸ

213 618 262 660 δέ
284 634 388 666 τινες
414 617 695 674 ἐξηγέρθησαν
712 618 806 661 κατ’
833 620 931 672 ἐμοῦ
953 621 1076 671 λέγειν
1097 617 1176 661 ὅσα
1197 620 1253 668 εἷς
1275 617 1541 675 ἀνθρωπίνην
1560 615 1683 674 ὕβριν

214 685 367 743 φθάνει
390 687 456 728 καὶ
474 685 765 743 παραλύπησιν
776 721 788 740 ,
828 689 894 730 καὶ
914 689 1012 730 εῗσὶν
1033 688 1070 730 οἳ
1089 685 1345 737 πιστεύοντες
1362 691 1494 730 ταῦτα
1507 719 1520 738 ,
1548 686 1684 728 θέτω-

217 773 296 798 σαν
320 757 376 804 εἷς
395 757 637 811 καθαίρεσιν
655 755 733 798 ὅσα
754 757 797 798 ἔκ
817 755 974 799 τούτοιν
991 759 1058 799 καὶ
1078 754 1315 810 βούλονται,
1336 757 1402 798 καὶ
1423 757 1457 798 εἰ
1477 754 1680 810 ἆὸικηθῶ,

162 833 193 866 Β
219 826 260 866 ἐν
279 829 330 881 τῇ
352 822 484 883 ἡμέρᾳ
505 826 633 883 ἐκείνῃ
652 824 997 880 δικαιωθήσομαι.
1067 825 1143 880 τὴν
1160 826 1237 881 γὰρ
1261 826 1507 880 παραίτησιν
1529 825 1685 880 λογίζο-

214 912 290 948 μαι
320 891 612 946 ἀκανόνιστον,
649 896 715 936 καὶ
739 894 844 948 αῦτη
865 913 946 948 μου
968 893 994 950 ἡ
1018 892 1230 949 διάκρισις.
1302 895 1385 936 ἐπεὶ
1406 894 1451 936 δὲ
1470 892 1574 951 πρὸς
1591 892 1683 948 τρέ-
1698 901 1742 936 10

215 980 350 1016 μοντα
377 961 430 1004 τὰ
461 961 718 1017 δικαιώματα
752 968 854 1006 θεοῦ
885 964 1058 1016 βασιλέα
1081 967 1218 1016 λαλῶ,
1255 965 1290 1005 εἲ
1307 961 1499 1015 κελεύεις,
1534 961 1584 1005 τὸ
1607 961 1685 1004 θέ-

218 1029 330 1086 λημά
359 1048 440 1084 μου
470 1032 545 1083 ε’ῶ,
585 1034 652 1074 καὶ
679 1031 908 1086 ἀνατίθημι
932 1037 999 1090 τῷ.
1020 1037 1107 1091 θεῷ
1127 1034 1193 1074 καὶ
1213 1037 1264 1088 τῇ
1285 1033 1327 1082 ἐξ
1349 1031 1478 1074 αὐτοῦ
1496 1030 1686 1090 βασιλείᾳ

217 1116 295 1142 σου
325 1099 377 1142 τὰ
407 1097 508 1153 ἐμά,
543 1101 613 1142 ἵνα
642 1099 740 1157 ὅπερ
772 1101 877 1158 αὐτῇ
911 1099 1140 1154 θεάρεστον
1169 1098 1276 1152 δόξει
1306 1101 1373 1142 καὶ
1394 1105 1445 1157 τῇ
1465 1104 1581 1157 ψυχῇ
1603 1115 1684 1153 μου

219 1166 446 1223 σωτήριον,
490 1167 733 1226 εῦργετήσῃς
771 1171 843 1212 Ικαὶ
884 1167 1194 1228 συμβουλεύσῃς
1222 1170 1288 1212 καὶ
1316 1167 1568 1226 συνεργήσῃς
1595 1185 1683 1222 μοι,

219 1239 286 1280 καὶ
317 1235 426 1279 οὕτω
457 1237 570 1291 παρὰ
599 1242 701 1281 θεοῦ
725 1243 912 1295 χαρισθῇ
936 1243 1010 1294 τῆς
1039 1238 1264 1294 εὐεργεσίας
1285 1237 1338 1281 τὰ
1358 1237 1428 1280 ἴσα
1447 1242 1498 1295 τῇ
1518 1238 1562 1280 3ae
1581 1239 1686 1280 θεοῦ
1699 1243 1743 1280 15

165 1312 198 1347 C
223 1307 410 1366 βασιλεία
435 1322 525 1349 σου.
539 1306 564 1326 ”
632 1306 736 1349 ἀλλὰ
756 1311 880 1350 τοῦτο
901 1308 990 1361 μέν,
1017 1307 1122 1350 κατὰ
1143 1307 1191 1350 τὸ
1207 1304 1326 1358 εἰκός,
1365 1306 1440 1362 οὐχ
1459 1306 1686 1363 ὑπέγραψε,

217 1374 266 1418 τὸ
287 1375 333 1417 δέ
350 1391 392 1430 γε
413 1373 611 1431 πρότερον
634 1370 898 1433 οῗκειοχείρως
914 1374 1204 1432 ὖπεσημήνατο
1217 1390 1226 1400 ·
1264 1374 1341 1431 εἶχε
1357 1375 1435 1432 γὰρ
1471 1371 1690 1418 ((Ἀθανά-

220 1461 310 1494 σιος
336 1443 434 1502 ἐλέῳ
463 1448 566 1487 θεοῦ
600 1444 911 1501 ἀρχιεπίσκοπος
931 1443 1404 1496 Κωνσταντινουπόλεως
1423 1445 1517 1495 νέας
1530 1441 1689 1498 Ῥώμης

221 1515 289 1555 καὶ
310 1512 586 1566 οῗκουμενικός
605 1512 874 1570 πατριάρχης.
884 1514 910 1535 ”
979 1510 1030 1570 ἦν
1051 1514 1094 1557 δ’
1118 1514 1174 1557 ἔτι
1198 1513 1422 1570 φερόμενον
1442 1515 1509 1556 καὶ
1530 1512 1631 1556 ἄλλο
1649 1528 1690 1555 τι

222 1570 270 1623 ἓν
291 1586 456 1639 κρυπτῷ
475 1579 684 1638 γράμματι
695 1616 708 1636 ,
743 1582 841 1639 ὅπερ
865 1582 938 1625 οῦκ
958 1582 1050 1626 οἶδα
1071 1585 1105 1626 εἲ
1125 1584 1355 1638 προσετέθη
1377 1581 1548 1638 ὕστερον
1575 1579 1747 1638 naenia)

222 1653 305 1693 τῶν
341 1651 474 1709 ἐκείνῳ
505 1651 822 1707 προσκειμένων,
861 1650 916 1703 ὥς
947 1651 1067 1695 “xliv
1091 1651 1133 1695 εἶ’
1149 1670 1189 1695 τι
1217 1649 1376 1707 ποιήσω
1398 1651 1514 1709 παρὰ
1537 1654 1688 1703 ταῦτα,

316 1760 350 1795 4.
373 1755 593 1805 nenoazoig?

225 1851 351 1886 tionem
374 1863 481 1886 meam
505 1852 549 1886 ad
572 1851 662 1898 quod
685 1851 806 1898 cuique
837 1853 990 1899 placeret
1011 1853 1157 1889 obnoxie
1178 1851 1462 1888 accommodatam
1482 1863 1549 1886 non
1573 1850 1692 1894 fuisse,

226 1898 327 1932 testis
349 1899 439 1933 idem
463 1898 510 1933 sit
532 1898 636 1941 deus,
660 1900 779 1933 melius
802 1911 867 1934 non
890 1901 1087 1935 sentiebam.
1135 1899 1402 1946 quandoquidem
1428 1910 1509 1933 vero
1534 1898 1693 1932 Christus

227 1944 393 1978 ecclesiae
416 1956 498 1979 suae
523 1949 560 1979 et
581 1944 713 1991 imperii
734 1951 770 1979 te
793 1947 970 1980 constituit
994 1953 1207 1986 curatorem,
1237 1950 1276 1980 ut
1297 1952 1444 1990 utraque
1467 1945 1511 1979 ad
1533 1945 1607 1978 eius
1630 1945 1694 1979 be-

226 1991 429 2034 neplacitum
462 1990 614 2035 dirigas,
648 1991 682 2025 in
714 1998 899 2037 conspectu
930 1993 1050 2038 loquor
1081 1993 1208 2027 domini
1239 1992 1304 2026 mei
1336 1992 1415 2025 Iesu
1447 1991 1595 2032 Christi,
1627 1989 1694 2024 effi

227 2042 389 2081 peccator
412 2047 505 2078 sum,
537 2042 648 2071 tamen
671 2038 795 2071 factum
820 2050 841 2072 a
863 2050 916 2072 me
940 2039 1123 2084 quidquam
1146 2050 1212 2073 non
1235 2037 1368 2072 memini
1391 2050 1412 2073 a
1434 2036 1615 2072 sacerdotii
1636 2047 1695 2070 re-

228 2082 316 2126 gulis
350 2083 547 2117 abhorrens.
595 2083 625 2117 si
655 2095 735 2117 vero
767 2083 872 2129 aliqui
903 2085 1158 2119 insurrexerunt
1182 2089 1302 2118 contra
1322 2096 1397 2126 me,
1429 2084 1581 2118 dicentes
1603 2093 1695 2128 quae

227 2128 272 2161 ad
296 2127 544 2162 deformandum
570 2129 779 2164 contumeliis
803 2130 985 2176 doloreque
1010 2131 1221 2176 pungendum
1244 2131 1409 2165 hominem
1431 2129 1624 2175 pertinent,
1656 2131 1695 2162 et

228 2176 308 2207 sunt
330 2172 388 2218 qui
412 2175 555 2208 credunt
576 2175 664 2217 ista,
697 2176 863 2221 imputent
885 2176 966 2210 licet
988 2177 1023 2210 in
1049 2177 1187 2211 idoneas
1211 2187 1304 2210 meae
1326 2175 1548 2221 depositionis
1572 2183 1695 2207 causas

228 2230 271 2252 ea
295 2230 336 2251 ex
361 2219 410 2252 his
435 2231 523 2264 quae
546 2221 672 2255 volunt.
720 2222 750 2255 si
774 2233 893 2266 passus
915 2222 1074 2256 iniuriam
1096 2225 1216 2262 fuero,
1249 2223 1285 2256 in
1309 2222 1366 2256 die
1387 2222 1450 2255 illa
1466 2219 1693 2255 iustificabor.

227 2264 477 2298 abdicationem
499 2266 586 2299 enim
609 2272 731 2311 reputo
754 2268 971 2312 illegitimam.
1020 2272 1055 2302 et
1077 2270 1141 2303 hoc
1164 2268 1298 2314 quidem
1317 2278 1422 2302 meum
1444 2265 1605 2300 iudicium
1628 2269 1694 2299 est.

229 2310 387 2355 quoniam
411 2322 491 2344 vero
516 2323 590 2345 cum
614 2316 782 2346 tremente
805 2314 1063 2348 iustificationes
1088 2314 1144 2348 dei
1166 2315 1372 2359 imperatore
1386 2313 1518 2357 loquor,
1542 2310 1571 2344 si
1587 2311 1695 2354 iubes,

228 2355 398 2389 voluntati
431 2367 526 2390 meae
556 2358 732 2402 renuntio,
768 2362 803 2393 et
834 2360 899 2394 deo
934 2362 1092 2404 permitto
1123 2364 1271 2404 tuaeque
1295 2370 1338 2392 ex
1361 2359 1424 2392 deo
1454 2356 1695 2391 auctoritatem

229 2400 370 2435 habenti
393 2402 564 2436 maiestati
588 2414 645 2437 res
668 2415 773 2448 meas,
798 2409 838 2438 ut
861 2406 952 2450 quod
976 2406 1041 2450 ipsi
1065 2406 1129 2440 deo
1153 2405 1313 2450 placitum
1336 2403 1496 2437 videatur
1511 2406 1547 2436 et
1564 2403 1697 2437 animae

229 2458 326 2481 meae
349 2448 518 2490 salutare,
553 2450 708 2483 conferre
731 2450 907 2484 consulere
930 2451 1108 2496 cooperari
1132 2452 1211 2484 mihi
1233 2449 1404 2494 digneris,
1427 2453 1467 2482 ut
1489 2448 1599 2484 anima
1621 2459 1698 2483 mea

231 2493 367 2527 divinae
398 2494 643 2528 beneficentiae
674 2495 737 2528 fiat
765 2496 939 2541 particeps
969 2497 1124 2530 similiter
1157 2507 1231 2530 cum
1263 2507 1305 2529 ex
1331 2495 1395 2529 deo
1417 2494 1499 2528 data
1521 2495 1698 2529 maiestate

233 2537 328 2572 tua.’'
373 2543 414 2573 at
435 2540 516 2574 huic
538 2540 673 2586 quidem
696 2541 829 2583 libello,
852 2546 892 2574 ut
914 2541 991 2574 fieri
1014 2553 1079 2586 par
1102 2543 1232 2583 fuerat,
1255 2553 1320 2575 non
1344 2539 1560 2586 subscripsit.
1590 2539 1698 2585 priori

233 2589 366 2619 tantum
399 2585 537 2630 propria
571 2597 670 2620 manu
705 2597 801 2620 suum
824 2597 942 2620 nomen
965 2592 1190 2631 apposuerat:
1224 2587 1274 2620 sic
1297 2586 1386 2621 enim
1408 2586 1452 2619 ad
1475 2586 1548 2620 eius
1571 2586 1698 2620 calcem

233 2631 414 2675 legebatur
455 2631 694 2666 “Athanasius
734 2632 951 2665 miseratione
984 2632 1041 2666 dei
1073 2633 1347 2678 archiepiscopus
1384 2631 1699 2678 Constantinopolis

235 2676 360 2711 Novae
392 2677 542 2719 Romae,
578 2678 813 2712 oecumenicus
846 2677 1079 2722 patriarcha.'’
1124 2679 1299 2712 ferebatur
1333 2682 1368 2713 et
1402 2677 1493 2712 aliud
1516 2682 1698 2723 praetereo

235 2722 394 2768 quiddam
423 2724 585 2769 scriptum
617 2723 653 2757 in
684 2723 743 2757 illa
775 2723 880 2768 priori
914 2735 1039 2757 arcana
1069 2723 1208 2765 charta,
1243 2725 1332 2770 quod
1357 2724 1445 2759 haud
1469 2724 1539 2758 scio
1563 2735 1608 2758 an
1630 2734 1698 2758 non

235 2768 387 2803 additum
409 2769 579 2814 posterius
609 2769 715 2804 fuerit
744 2770 788 2804 ab
811 2769 985 2803 Athanasii
1013 2770 1224 2812 fautoribus,
1254 2782 1375 2816 nempe
1402 2771 1486 2804 hoc:
1521 2770 1584 2804 “si
1615 2768 1699 2815 quid

233 2818 475 2862 praeterquam
497 2815 554 2850 hic
574 2815 699 2862 scripsi
721 2827 776 2850 me
795 2816 965 2851 facturum
987 2827 1110 2861 egero,
1130 2815 1264 2851 irritum
1280 2817 1410 2859 habeo,
1433 2815 1562 2863 quippe
1579 2818 1702 2851 contra
