1858 3126
237 164 336 212 762
653 163 967 208 OBSERVAT.
998 164 1311 212 PACHYMER.

349 290 386 329 p.
405 274 488 318 874
511 287 551 314 v.
568 277 608 317 7.
664 274 696 313 Ε
713 275 868 326 regione
889 274 1035 314 horum
1062 276 1297 315 verborum:
1327 275 1416 329 ἐμοὶ
1433 276 1528 330 μέν,
1556 277 1700 334 ἔλεγεν,

234 335 281 376 ἓν
308 329 526 385 ἀναγκαῖον
547 337 644 381 etc„
674 333 816 383 quibus
836 332 1086 371 Andronicus
1104 333 1304 384 magnifice
1331 333 1454 372 iactat
1477 348 1602 376 unum
1620 337 1702 374 sibi

234 388 367 429 videri
383 390 664 438 necessarium,
685 403 842 441 esseque
857 388 963 427 idem
983 391 1072 427 vita
1087 397 1124 427 et
1139 391 1288 440 spiritu
1306 392 1458 441 carius,
1476 391 1575 441 fieri
1591 391 1703 443 quod

235 446 335 484 deas
353 446 464 495 vult,
492 445 637 496 legitur
662 445 705 484 in
722 446 937 484 Barberino
959 446 1093 485 codice
1113 452 1348 484 annotatum
1366 446 1407 484 in
1432 447 1604 498 margine
1622 444 1703 488 ἀλλ’

234 498 270 544 οῗ
289 501 483 555 βέλτιστε,
513 502 600 543 αἵδε
621 502 761 555 συχναὶ
782 503 916 555 ζημίαι
936 498 1014 544 οὐκ
1043 500 1094 543 ἂν
1119 500 1199 543 εἶεν
1223 505 1327 544 θεοῦ
1345 502 1515 555 θέλημα.
1573 506 1704 555 atqui,

234 575 257 598 ο
281 561 447 611 optime,
474 557 629 597 damna
653 567 690 597 et
712 562 990 609 infestationes
1008 559 1085 598 hae
1110 560 1269 597 crebrae
1286 573 1366 598 non
1387 561 1528 612 utique
1543 561 1704 610 fuerint

234 617 428 655 voluntas
446 614 523 655 dei.
548 643 561 662 4
580 630 719 655 manus
734 631 855 669 porro
879 630 956 667 qua
974 616 1071 655 haec
1087 617 1210 655 verba
1227 617 1375 667 scripta
1393 622 1500 665 sunt,
1528 630 1610 655 non
1628 617 1705 655 mi-

232 687 310 712 nus
333 673 496 712 videtur
524 673 687 723 antiqua
719 687 835 724 quam
868 673 950 725 ipse
982 679 1216 724 contextus;
1256 673 1370 725 cujus
1401 673 1619 724 scriptura,
1657 679 1706 712 ut

232 730 328 768 alias
355 729 582 778 observavi,
610 743 693 768 non
711 730 909 769 immerito
928 730 1037 768 credi
1060 736 1191 782 potest
1215 729 1384 780 aequalis
1411 730 1530 768 aetati
1547 729 1704 781 Pachy—

232 786 363 826 meris.
420 786 554 837 itaque
571 800 652 824 non
669 786 974 826 inverisimiliter
992 787 1080 837 quis
1096 787 1280 838 opinetur
1298 786 1403 824 hanc
1417 787 1632 824 censoriam
1651 786 1703 824 ad

233 843 344 883 hunc
367 843 497 882 locum
517 848 654 881 notam
675 844 794 882 fuisse
820 846 1037 895 appositam
1060 844 1108 881 ab
1138 844 1268 893 aliquo
1297 856 1434 881 eorum
1458 843 1703 891 clericorum,

234 914 335 951 quos
352 914 434 939 non
453 914 545 938 raro
563 899 743 952 deinceps
758 900 968 938 historicus
985 907 1178 938 memorat
1195 900 1280 938 dira
1299 913 1500 951 perpessos
1515 899 1564 937 ab
1575 898 1706 937 Atha-

235 956 347 996 nasio
363 963 453 1008 post
471 956 760 996 restitutionem
777 957 819 995 in
836 957 1042 1006 thronum,
1060 971 1179 1008 quam
1195 970 1303 995 nunc
1329 956 1590 995 cummaxime
1614 969 1704 994 mo·-

235 1013 409 1052 tiebatur
427 1015 653 1065 imperator.

353 1084 392 1123 p.
413 1073 496 1113 389
517 1084 555 1109 v.
577 1072 619 1112 3.
650 1069 873 1123 ἐπίρρητον.
914 1070 1121 1121 aliquando
1141 1069 1367 1122 suspicabar
1387 1069 1595 1120 legendum
1610 1065 1704 1109 ἐπᾶ-

237 1143 375 1180 ρατον.
425 1127 496 1165 sed
513 1131 651 1164 contra
674 1133 753 1164 stat
774 1140 984 1165 consensus
1002 1127 1194 1166 codicum.
1245 1139 1319 1164 nec
1338 1138 1433 1164 vero
1454 1131 1512 1163 est
1531 1137 1704 1163 necesse:

238 1198 331 1223 nam
349 1190 387 1223 et
406 1183 619 1237 ἕπίρρητον
635 1183 686 1221 ad
702 1184 1028 1234 vituperationem
1046 1190 1087 1222 et
1105 1182 1366 1222 execrationis
1384 1181 1704 1233 significationem

237 1243 454 1280 confertur.
512 1240 620 1278 unde
638 1240 868 1279 Eustathius
886 1240 937 1279 ad
957 1241 1068 1279 niad.
1084 1257 1097 1280 ι
1120 1254 1158 1291 p.
1171 1242 1254 1283 736
1269 1240 1332 1279 ed.
1349 1239 1462 1278 Rom.
1481 1235 1527 1280 τὸ
1544 1237 1703 1292 ἐπίρρη-

237 1314 305 1347 τος
325 1298 487 1350 exponit
506 1292 787 1350 καταρρήσεων
811 1295 940 1346 ἄξιος,
970 1296 1198 1335 maledictis
1218 1296 1383 1347 dignus·

354 1368 396 1393 v.
418 1354 458 1395 5.
516 1354 627 1392 Nove
646 1353 711 1391 hic
735 1354 991 1405 Pachymeres
1009 1356 1159 1392 Paniai
1184 1352 1436 1400 adiunctum,
1464 1350 1571 1400 quod
1587 1350 1703 1400 vulgo

235 1411 382 1450 terrori
406 1410 648 1462 lymphatico
677 1424 724 1448 ac
752 1411 1063 1449 consternationi
1084 1411 1237 1449 subitae
1265 1409 1390 1448 tribui
1416 1408 1535 1456 solet,
1563 1406 1704 1445 audaci

235 1482 357 1519 supra
377 1468 541 1506 modum
562 1474 602 1505 et
622 1467 662 1506 vi
682 1468 830 1505 maiore
852 1469 1065 1518 afflatuque
1080 1468 1193 1507 velut
1214 1465 1384 1504 numinis
1404 1464 1602 1503 concitato
1625 1463 1704 1501 im-

234 1525 347 1576 petui
369 1524 542 1575 adaptat.
599 1523 669 1561 sed
691 1525 877 1574 proclivis
898 1530 957 1562 est
986 1525 1174 1562 transitus
1203 1522 1252 1560 ab
1272 1522 1405 1561 activo
1424 1520 1476 1559 ad
1492 1520 1705 1571 passivum,

236 1581 413 1619 furentes
434 1580 617 1618 videlicet
638 1586 782 1630 motus,
803 1594 900 1630 quos
922 1582 1003 1618 Pan
1019 1581 1116 1628 dux,
1137 1586 1184 1618 ut
1203 1579 1359 1617 fabulae
1381 1578 1504 1625 aiunt,
1524 1577 1566 1614 in
1586 1588 1702 1613 exer-2

94 1642 123 1675 P
146 1640 212 1676 548
239 1637 319 1675 citu
338 1635 481 1674 Bacchi
499 1637 541 1673 in
559 1636 640 1674 suis
656 1636 845 1674 militibus
866 1637 1012 1685 ciebat,
1041 1637 1148 1675 unde
1169 1636 1227 1675 illi
1248 1635 1290 1673 in
1311 1633 1544 1685 improvisos
1565 1637 1605 1670 et
1630 1645 1703 1670 ve·-

234 1693 547 1733 hementissimos
567 1689 737 1730 insultus
759 1693 1040 1743 erumpebant,
1069 1699 1219 1730 metum
1241 1690 1440 1742 trepidum
1460 1689 1502 1726 in
1527 1688 1574 1726 iis
1604 1700 1703 1738 quos

235 1756 419 1804 peterent
439 1749 639 1788 creabant.
694 1748 770 1786 nisi
789 1750 894 1787 sorte
913 1746 956 1790 τὸ
977 1746 1160 1789 Πανικόν
1177 1746 1392 1799 generatim
1413 1758 1568 1783 causam
1585 1757 1704 1796 supe-

236 1808 383 1847 riorem
408 1806 672 1844 humanarum
699 1805 977 1856 cuiuscumque
1003 1805 1151 1856 generis
1173 1802 1516 1856 perturbationum
1539 1801 1702 1850 indicat,

236 1870 286 1903 ut
306 1876 427 1914 aeque
444 1863 566 1901 timor
586 1868 627 1900 et
641 1862 815 1910 audacia,
837 1863 868 1900 si
888 1876 968 1900 non
986 1868 1202 1913 spontanea
1218 1860 1288 1899 sed
1303 1859 1347 1899 vi
1366 1859 1500 1898 divina
1517 1858 1703 1910 impressa

236 1921 409 1969 suerint,
443 1916 603 1960 Πανικά
624 1919 821 1961 dicantur.

351 1991 390 2029 p.
413 1979 493 2018 393
517 1988 556 2015 v.
586 1979 625 2018 7.
682 1976 757 2014 Hic
789 1987 903 2025 quem
935 1973 1192 2026 pachymeres
1220 1973 1480 2012 Rontzerium
1512 1970 1702 2018 nominat,

240 2047 323 2072 non
342 2034 505 2072 videtur
533 2045 615 2071 esse
635 2046 747 2084 posse
766 2033 864 2070 alius
881 2045 902 2069 a
919 2032 1084 2082 Rogerio
1104 2031 1264 2080 Lauria,
1295 2031 1344 2068 de
1370 2043 1448 2080 quo
1466 2028 1592 2067 multa
1609 2027 1703 2064 satis

239 2090 447 2141 splendida
479 2095 618 2127 narrat
634 2089 804 2127 Thomas
829 2089 1006 2127 Fazellus
1029 2089 1072 2126 in
1101 2101 1219 2140 opere
1252 2087 1300 2126 de
1323 2087 1441 2126 rebus
1461 2085 1600 2124 Siculis
1626 2083 1653 2123 l.
1674 2085 1701 2124 9

238 2146 466 2198 posterioris
495 2145 663 2184 decadis.

351 2216 391 2241 v.
413 2202 479 2244 15.
535 2202 674 2240 Merito
693 2215 793 2253 quae
821 2202 1003 2252 deinceps
1027 2200 1147 2238 refert
1179 2200 1228 2238 (le
1256 2199 1422 2251 Rogerio
1445 2197 1702 2246 Pachymeres

239 2257 381 2297 habuit
403 2259 485 2310 ipse
505 2266 682 2310 suspecta
695 2289 704 2307 ,
728 2265 1005 2310 praestareque
1028 2257 1144 2296 fidem
1165 2257 1324 2294 illorum
1344 2255 1484 2294 noluit.
1539 2254 1703 2291 suerunt

238 2315 363 2362 enim,
396 2321 590 2365 quantum
617 2328 637 2352 e
668 2316 815 2353 Latinis
847 2314 1111 2352 monumentis
1135 2314 1295 2351 illorum
1324 2319 1548 2362 temporum
1570 2313 1702 2359 potest

238 2371 415 2421 intelligi,
444 2371 538 2408 falsa
557 2372 764 2421 pleraque,
792 2385 814 2408 a
837 2371 994 2409 Graecis
1014 2370 1194 2408 videlicet
1214 2370 1305 2407 odio
1331 2369 1374 2406 in
1397 2365 1607 2416 Rogerium
1629 2378 1701 2401 suo

239 2427 533 2478 indulgentibus
553 2428 732 2475 conficta,
749 2435 858 2478 puta,
889 2427 1000 2464 illum
1016 2427 1133 2464 fuisse
1146 2426 1306 2464 militem
1325 2437 1347 2461 e
1363 2423 1540 2472 religioso
1554 2420 1701 2458 sodali—

241 2484 299 2522 tio
320 2483 647 2534 Templariorum.
705 2484 847 2522 deinde
874 2483 978 2521 illius
1001 2482 1197 2534 religionis
1217 2481 1358 2519 habitu
1379 2479 1526 2530 rejecto
1542 2490 1588 2515 ac
1604 2490 1700 2527 pro—

242 2541 407 2580 sessione
423 2539 540 2591 impie
559 2545 691 2590 spreta
708 2540 916 2590 piraticam
932 2539 1077 2587 fecisse,
1106 2538 1198 2576 inde
1219 2549 1380 2575 exosum
1400 2536 1576 2573 Romano
1596 2546 1699 2583 pon-

242 2597 342 2636 tiflci
361 2603 400 2635 et.
417 2597 466 2635 ab
486 2609 531 2634 eo
558 2596 609 2634 ad
630 2608 773 2647 poenas
788 2595 968 2646 petitum,
999 2601 1037 2632 et
1057 2594 1216 2645 similia3
1245 2604 1413 2643 quorum
1432 2603 1505 2630 nec
1518 2589 1610 2628 vola
1629 2602 1701 2626 nec

245 2655 451 2706 vestigium
469 2653 510 2692 in
533 2652 614 2690 eius
634 2652 752 2690 rebus
777 2651 929 2702 prolixe
946 2665 970 2687 a
990 2651 1167 2702 pluribus
1189 2648 1367 2687 tractatis
1388 2652 1565 2698 apparet.
1619 2645 1699 2683 imo

243 2711 467 2750 invenimus
494 2709 624 2748 literas
643 2708 738 2746 huic
758 2722 780 2745 a
796 2709 975 2746 Romano
996 2707 1180 2758 pontifice
1194 2704 1499 2758 perhonorificas
1525 2702 1699 2753 scriptas.

245 2768 386 2806 Petrus
410 2767 726 2807 d’Oultremanus
747 2770 899 2813 noster,
927 2764 969 2801 in
988 2764 1089 2802 libro
1122 2763 1305 2813 singulari
1337 2761 1387 2800 de
1404 2760 1556 2799 excidio
1575 2760 1700 2797 Grae-

249 2838 406 2876 corum,
436 2825 493 2864 ait
517 2823 626 2864 hunc
648 2822 859 2876 Rogerium
889 2821 937 2860 ab
953 2819 1134 2874 Hispanis
1153 2819 1449 2860 Brundusinum
1470 2817 1569 2868 dici,
1599 2815 1701 2854 Ger-
