1820 3112
314 153 390 195 DE
421 149 769 196 ANDRONIGO'
789 147 1162 221 PALAEOLOGO
1196 148 1246 192 L.
1266 148 1342 192 111.
1476 150 1573 196 221

113 280 191 310 σαν
219 267 288 309 καὶ
315 262 489 322 Σάρδεις
515 262 667 318 αὐτάς,
718 266 918 307 τοσοῦτον
946 264 1015 306 καὶ
1043 263 1114 306 διὰ
1141 265 1363 321 φροντίδος
1393 263 1578 316 πλείονος

112 334 212 390 εἶχεν
235 333 361 387 ἑλεῖν,
400 336 435 376 εἰ
459 335 526 376 καὶ
558 332 692 383 ἄλλως
715 328 986 389 ὗπερηφάνει,
1022 331 1142 375 οὐδὲν
1165 331 1351 376 τάκείνου
1371 330 1569 388 οῖόμενος,
1595 342 1629 378 R

112 406 228 459 δίκην
246 404 291 446 δὲ
310 402 471 452 πτωκός
493 403 663 454 ἐλπίζων
684 402 832 444 ἐκεῖνον
851 398 1150 457 χειρώσασθαι.
1186 400 1282 445 ἀλλ’
1303 400 1426 452 ἔδειξε
1439 407 1574 446 ταῦτα

112 473 181 516 διὰ
200 475 354 525 βουλῆς
371 470 473 526 ἔχων
483 503 497 523 ,
538 469 594 520 ὥς
614 469 717 514 ὅπου
734 469 836 520 θεὸς
857 467 1116 526 ἅντιπροῖττει
1129 502 1143 522 ,
1179 472 1246 513 καὶ
1266 468 1288 513 ὅ
1309 472 1443 514 δοκῶν
1463 475 1571 527 βρα-

77 551 99 586 5
113 540 187 590 daig
207 538 359 597 φθάνει
378 541 446 582 καὶ
472 539 544 582 τὸν
566 536 801 591 ὠκύτατον,
836 541 951 581 πᾶσα
971 536 1017 580 δ’
1041 538 1159 593 ἶσχῦς
1176 536 1355 592 μάταιον
1375 539 1576 590 συνέσεως

110 608 356 665 ἀμοιροῦσα.
429 609 577 651 ἐκεῖνον
591 608 670 665 γὰρ
691 608 757 650 καὶ
776 606 938 661 βλέπειν
956 605 1112 660 ἤθελον
1128 607 1170 649 ἓν
1191 611 1424 662 βασιλικαῖς
1443 608 1575 659 ἀξίαις

108 677 149 720 οἱ
170 673 554 730 συλλαμβάνοντες,
589 674 646 726 ὥς
674 676 865 719 ἐντεῦθεν
898 675 1212 732 ἄναρρίψαντας
1246 676 1434 719 κίνδυνον
1469 677 1576 727 ὅλως

106 743 420 798 ἔμπεδωθέντας
453 743 568 795 ὅλαις
597 745 767 802 ἐνεργεῖν
794 746 1051 801 προθυμίαις
1076 746 1145 787 καὶ
1167 742 1498 800 ἔπαποθνῆσκειν
1520 751 1571 804 τῇ
1594 758 1624 792 P
1650 760 1715 795 149

106 811 323 870 ἑγχειρήσει
344 810 587 866 βούλεσθαι.
654 812 702 856 τὸ
723 812 765 856 δ’
797 809 848 868 ἦν
864 813 906 855 ἓν
933 812 1162 867 ἀναβολαῖς
1183 813 1231 857 τὸ
1258 811 1478 869 τόλμημα,
1516 813 1573 866 ὥς

50 894 96 929 10
109 884 240 926 δοκεῖν
279 884 586 936 διευλαβεῖσθαι
620 883 687 925 καὶ
720 881 1059 939 ἀμφιγνωμονεΐν.
1130 883 1199 924 καὶ
1236 881 1284 925 τὸ
1324 883 1400 937 μὲν
1436 884 1570 941 παρὸν

105 946 306 1008 στέργων,
349 950 454 1008 πρὸς
485 951 531 993 δὲ
559 950 606 994 τὸ
641 950 791 1005 με’λλον
814 950 1087 1003 ἀποσκοπῶν,
1122 951 1296 1001 ἐκείνους
1323 952 1398 1005 μὲν
1419 951 1571 1010 ἑθερά-

106 1036 203 1062 πευε
224 1019 428 1069 παντοίως
447 1021 513 1062 καὶ
530 1017 653 1076 χάριν
673 1016 800 1062 ἐδόκει
822 1019 969 1062 εἰδέναι
988 1020 1066 1074 μέν
1091 1023 1167 1075 τῆς
1198 1021 1254 1069 εἶς
1282 1019 1410 1063 αὐτὸν
1434 1037 1569 1065 σπου-

104 1089 203 1143 δῆς,
239 1084 387 1130 ἑαυτὸν
417 1088 463 1130 δὲ
490 1091 687 1144 παρεξῆγε
716 1092 799 1131 τῶν
828 1090 1028 1144 μεγίστων
1059 1085 1275 1142 ὀνομάτων
1283 1121 1297 1141 ,
1347 1087 1423 1132 οὔκ
1452 1089 1566 1134 εὔελ-

102 1172 172 1206 πις
189 1153 405 1212 ἀραρότως
427 1155 484 1199 ὢν
499 1155 563 1199 ἐπὶ
580 1161 640 1216 τῷ
662 1155 762 1200 τέλει
771 1189 785 1210 ,
818 1156 924 1200 ἀλλὰ
940 1158 1009 1199 καὶ
1027 1158 1119 1200 λίαν
1137 1159 1429 1202 δυσελπιστῶν.
1496 1163 1565 1202 καὶ

46 1237 88 1273 15
102 1223 227 1274 αὐτὸς
242 1225 318 1279 μὲν
337 1223 446 1268 οὕτω
465 1225 583 1268 διττοὶ
607 1225 794 1282 στρέφων
824 1225 898 1268 τὸν
918 1225 1060 1283 καιρὸν
1087 1223 1339 1283 ἔζυγοστοῖτει
1349 1259 1363 1279 ,
1399 1227 1467 1270 καὶ
1490 1228 1564 1271 τὸν
1586 1237 1615 1271 Β

99 1293 175 1347 μὲν
204 1290 390 1350 παρόντα
424 1291 481 1344 ὥς
508 1292 609 1349 εἶχεν
642 1292 929 1351 ἔξεθεράπευε,
975 1293 1049 1337 τὸν
1070 1295 1116 1337 δὲ
1132 1295 1335 1349 μέλλοντα
1350 1293 1565 1353 ὑφωρᾶτο,

99 1361 170 1404 καί
202 1378 246 1417 γε
277 1360 501 1418 ἀπολογίαν
529 1360 851 1420 ὗπολελεῖᾳθαι,
901 1362 952 1405 ἅν
968 1379 1009 1404 τι
1029 1361 1331 1418 προσκρούσοι,
1362 1363 1566 1421 προυνόει.

97 1435 184 1479 τοῖς
205 1429 255 1472 δέ
270 1433 556 1487 γεΚρητικοῖς,
569 1432 636 1474 καὶ
653 1435 813 1486 μᾶλλον
833 1435 891 1491 τῷ
911 1435 1030 1488 σφῶν
1052 1430 1305 1492 ἔξηγουμένῳ
1326 1431 1563 1492 Χορτάτζῃ,

183 1550 218 1584 9.
240 1551 322 1597 ²93?
414 1552 469 1587 11.
491 1549 533 1587 δὲ
555 1562 620 1585 om.
642 1551 685 1586 P.
780 1551 835 1586 12.
857 1553 938 1597 post
959 1551 1127 1597 σπουδῆς
1148 1551 1178 1586 Ρ
1200 1551 1324 1586 iterum
1342 1551 1465 1600 χάριν.

91 1662 289 1708 Lydiaeqne
310 1663 490 1699 universae
512 1676 554 1699 ac
574 1664 661 1711 ipsis
683 1664 852 1700 Sardibus
873 1666 1100 1712 praepositus.
1147 1678 1350 1712 quamquam
1372 1668 1461 1703 bunc
1483 1671 1560 1716 qui-

92 1708 168 1743 dem
189 1709 242 1743 sni
263 1710 418 1755 opinione
448 1711 680 1756 praetumidus
708 1716 924 1746 contemnere
955 1713 1087 1747 solebat
1117 1723 1159 1747 ac
1189 1713 1284 1747 nihili
1314 1714 1458 1757 ducere,
1491 1727 1559 1751 uon

90 1754 249 1790 dubitans
279 1767 419 1800 sperare
453 1768 528 1791 sese
558 1757 651 1791 illum
682 1757 792 1791 instar
813 1758 977 1803 lepuscuii
1008 1762 1195 1804 capturum.
1242 1760 1302 1795 sed
1327 1765 1394 1794 tam
1418 1761 1560 1797 audacis

90 1800 223 1835 consilii
244 1801 493 1836 diversissimus
516 1807 657 1837 eventus
680 1803 922 1838 demonstravit
943 1805 1127 1850 quamlibet
1149 1808 1317 1847 strenuos,
1340 1816 1414 1839 cum
1437 1807 1556 1841 horum

93 1844 179 1879 deus
201 1847 331 1892 coeptis
351 1848 573 1891 adversatur,
606 1861 627 1883 a
649 1849 757 1883 tardis
780 1861 822 1883 ac
842 1849 944 1884 lentis
967 1851 1086 1893 etiam,
1116 1851 1227 1896 qualis
1249 1851 1450 1886 Libadarius
1473 1853 1558 1886 Phi-

90 1890 314 1936 lanthropeno
337 1894 540 1936 videbatur,
570 1894 674 1929 facile
697 1895 773 1940 capi
794 1896 1055 1942 praeveffique,
1090 1897 1181 1942 qnod
1203 1896 1257 1930 vis
1280 1896 1408 1930 consilii
1432 1909 1555 1943 expers

89 1936 178 1969 mole
199 1942 276 1970 ruat
299 1949 371 1972 sua.
420 1944 525 1985 atque
547 1940 649 1974 istum
671 1941 804 1986 quidem
830 1941 972 1986 primum
995 1942 1116 1975 videre
1137 1942 1174 1975 in
1197 1941 1269 1976 acie
1291 1942 1473 1987 cupiebant
1493 1943 1555 1989 qui

88 1981 376 2027 Philantbropeno
398 1991 556 2019 auctores
577 1987 713 2020 fuerant
735 1997 912 2031 supremae
939 1988 1120 2032 potestatis
1143 1987 1367 2032 arripiendae.
1411 1989 1554 2034 pericli-

87 2027 226 2060 tandum
249 2029 382 2070 statim,
415 2034 452 2064 et
472 2031 564 2063 nuua
586 2042 679 2065 mora
699 2032 901 2076 interposita
931 2044 1006 2066 cum
1028 2033 1093 2066 hoc
1115 2032 1333 2076 imperatorio
1355 2033 1462 2078 duce,
1492 2036 1552 2081 qui

85 2083 195 2118 prope
217 2077 327 2107 staret
348 2075 533 2119 oppositus,
555 2076 661 2110 aleam
684 2077 804 2121 praelii
826 2078 1013 2112 iaciendam
1035 2078 1290 2112 contendebant.
1317 2078 1396 2114 hinc
1417 2081 1550 2116 omnino

84 2117 215 2152 initium
240 2118 447 2161 ducendum3
470 2126 771 2166 promptosque·se
794 2122 829 2156 in
850 2123 887 2157 id
911 2123 955 2156 ad
978 2123 1161 2156 fortissime
1181 2125 1395 2168 pugnandum
1419 2137 1550 2172 ponen-

85 2163 236 2209 dasque,
271 2165 300 2198 si
322 2177 378 2199 res
399 2170 579 2211 posceret,
603 2166 639 2200 in
662 2167 844 2202 certamine
867 2168 996 2202 animas
1017 2169 1214 2203 ardentibus
1236 2170 1356 2205 studiis
1378 2172 1548 2208 ferebant.

85 2212 124 2243 at
144 2214 214 2243 tam
238 2210 368 2245 alacres
403 2217 439 2246 et
467 2212 685 2257 impatientes
715 2213 775 2246 otii
806 2213 948 2247 militnm
968 2214 1114 2259 impetus
1136 2215 1222 2249 mira
1242 2216 1338 2251 ducis
1361 2219 1547 2263 cunctatio,

83 2254 186 2289 variis
208 2257 462 2302 praetextibus,
495 2259 747 2300 frustrabatur;
782 2270 870 2304 quae
899 2270 956 2293 res
990 2270 1101 2294 acrem
1124 2261 1295 2307 plerisque
1322 2263 1547 2309 suspicionem

82 2301 206 2343 movit,
229 2302 388 2337 dubitare
417 2303 527 2338 adbuc
558 2304 895 2349 Philanthropenum,
927 2316 991 2339 nec
1019 2310 1148 2340 certum
1182 2307 1309 2342 consilii
1338 2309 1487 2355 opperiri
1518 2310 1548 2345 si

83 2345 166 2391 quid
189 2358 295 2382 aurae
317 2348 454 2383 afflaret
477 2350 520 2383 ab
544 2350 622 2384 aula
644 2361 850 2395 prosperae,
883 2362 972 2396 qnae
994 2362 1076 2385 suae
1097 2352 1166 2386 illic
1187 2354 1418 2390 restituendae
1437 2357 1548 2390 fortu-

82 2401 149 2426 nae
171 2403 285 2427 ansam
308 2395 513 2430 commodam
535 2396 687 2430 offerret.
733 2395 770 2429 in
793 2407 866 2430 eam
889 2400 1019 2442 partem
1041 2397 1350 2444 interpretabantur
1364 2401 1398 2434 in
1413 2401 1545 2436 homine

82 2437 274 2473 ambitionis
295 2445 398 2474 notae
419 2447 489 2475 tam
511 2442 719 2486 pertinacem
739 2442 987 2477 recusationem
1008 2442 1154 2488 Augusti
1176 2445 1334 2490 nominis,
1360 2446 1454 2481 cuins
1477 2448 1544 2482 vim

80 2481 190 2528 ipsam
213 2495 255 2519 ac
276 2490 479 2530 potestatem
501 2486 694 2523 invasisset.
739 2487 817 2522 inde
839 2490 992 2534 profecto
1015 2500 1182 2534 apparere
1202 2502 1269 2525 non
1289 2494 1392 2538 plane
1409 2493 1544 2538 deposi-

79 2531 151 2562 tam
170 2529 221 2563 illi
243 2541 338 2575 spem
360 2532 628 2568 reconciliandae
650 2545 725 2568 cnm
753 2534 995 2579 imperantibus
1017 2535 1169 2579 gratiae,
1199 2537 1295 2572 cuius
1318 2538 1440 2572 intuitu
1462 2549 1545 2583 per-

79 2573 249 2609 timuisset
270 2576 367 2611 nimis
389 2578 575 2614 invidiosos
596 2579 732 2622 titulos,
763 2585 800 2614 et
821 2591 892 2614 rem
915 2581 1082 2625 integram
1104 2581 1277 2617 imminens
1299 2584 1443 2630 tempori
1466 2595 1542 2618 ser-

79 2627 162 2652 vare
182 2620 385 2665 studuisset,
419 2624 491 2658 suis
514 2625 724 2668 rationibus,
755 2625 968 2671 quantolibet
992 2625 1057 2660 sibi
1079 2627 1305 2662 subiectomm
1327 2630 1541 2672 detrimento,

79 2665 255 2700 consulere
276 2674 410 2710 certus,
439 2670 501 2704 ubi
522 2671 657 2705 occasio
681 2672 833 2707 daretur.
879 2671 943 2705 tali
965 2682 1039 2706 eum
1062 2673 1170 2708 animo
1194 2675 1389 2720 praesentia
1411 2679 1540 2717 tenere,

77 2709 201 2763 futuris
221 2710 372 2756 inhiare;
395 2726 460 2749 uec
480 2716 581 2759 velle,
603 2716 635 2751 si
658 2716 740 2762 quid
763 2716 954 2759 offenderit,
976 2717 1077 2763 plane
1098 2719 1162 2754 sibi
1184 2720 1351 2755 occlusum
1375 2719 1419 2754 ad
1442 2719 1538 2765 prin-

78 2764 163 2798 cipis
192 2757 336 2799 gratiam
358 2770 561 2804 regressum.
606 2762 817 2808 penitissime
848 2761 991 2797 omnium
1015 2764 1052 2798 in
1075 2775 1148 2799 eam
1171 2777 1245 2800 cum
1270 2766 1340 2800 suis
1360 2765 1537 2809 ingressus

75 2799 298 2846 suspicionem
326 2808 382 2840 est
401 2817 490 2841 unns
511 2819 532 2841 e
552 2807 747 2854 praecipuis
774 2807 978 2843 defectionis
998 2810 1212 2853 suasoribus,
1246 2811 1368 2846 ductor
1392 2811 1539 2847 Creten—
