1820 3112
197 153 264 199 80
617 153 853 198 GEORGII
885 153 1244 198 PACHYMERIS

141 268 174 304 D
197 262 330 323 φόβος
353 265 507 309 ἐκεῖθεν
530 264 571 307 ‹5‘
593 264 746 322 ἀπορία
764 265 862 316 τοὺς
880 265 1116 321 θεωμένους
1135 265 1417 323 διεμεριζέτην,
1453 265 1528 310 οὐκ
1550 266 1666 322 ἕχον-

192 351 269 384 τας
290 333 312 377 ὅ
335 352 373 377 τι
401 336 466 377 καὶ
497 332 701 391 πράξοιεν.
771 332 792 377 ὃ
823 339 923 391 γοῦν
952 333 1087 392 φόβος
1115 335 1191 385 τὰς
1224 338 1344 391 σφῶν
1362 332 1528 391 γνώμας
1546 335 1666 379 συνέ-

191 407 330 445 στελλε
357 403 459 458 πρὸς
486 404 585 456 μίαν
617 405 685 446 καὶ
718 402 792 457 τὴν
824 403 953 458 αὐτὴν
995 402 1103 459 ἄγων
1130 401 1312 458 βουλήν,
1357 403 1405 447 τὸ
1434 404 1506 447 τὸν
1541 404 1663 459 ἱερέα,

191 470 267 513 κᾶν
289 470 367 514 ὅτι
398 472 465 513 καὶ
495 469 651 524 πάθοι,
682 469 970 528 προσήσεσθαι
1001 473 1048 515 τὸ
1071 470 1330 528 φαινόμενον.
1400 476 1476 515 τοῦ
1497 473 1540 514 δέ
1556 472 1662 527 μηδ’

194 538 300 589 ὅλως
323 540 518 595 προσιτὸν
539 542 664 583 ἐκεῖνο
685 542 918 595 νομίζοντος
937 541 1043 596 μηδ’
1070 541 1208 598 ἄκροις
1229 539 1286 591 ὥς
1308 542 1431 584 εἲπεΐν
1448 541 1598 596 χείλεσι
1617 540 1698 587 τό5

191 606 414 664 παράπαν,
456 606 482 663 ἦ
523 608 675 664 ἀπορία
709 608 1072 665 παρατολμήσασα
1102 609 1303 664 ἔσχεδιάζε
1342 609 1532 664 μηχανὴν
1559 609 1665 653 πολὺ

143 685 175 720 Ε
200 677 274 731 μὲν
291 681 372 720 τῶν
397 676 521 728 ἀξίων
539 677 820 730 ἀποδέουσαν,
849 677 1072 735 ἀναγκαίαν
1094 678 1137 721 δ’
1162 678 1297 728 ἄλλως
1316 675 1420 734 ὑπὲρ
1440 682 1520 721 πᾶν
1530 678 1666 734 ἕτερον

195 744 218 788 ὃ
237 746 288 799 δὴ
318 747 385 788 καὶ
419 743 621 800 ἐννοήσειέ
649 763 711 796 τις
740 744 916 790 πώποτε.
987 751 1075 805 θεῷ
1104 748 1178 802 μὲν
1209 743 1281 790 οὖν
1313 746 1396 803 ἄρα
1416 750 1499 790 τῶν
1521 747 1664 800 τιμίων

196 816 263 856 καὶ
293 814 411 870 ἱερῶν
442 816 601 858 ἐκείνων
630 815 764 869 μέλειν
794 814 921 868 εἰκός,
969 818 1035 858 καὶ
1067 815 1180 870 ἔμελε
1209 813 1400 868 πάντως,
1451 814 1600 858 ἐκεῖνον
1623 815 1668 858 δὲ

194 880 288 926 τότε
308 881 328 925 ὃ
357 889 443 932 τοῖς
462 881 664 933 τοιούτοις
696 882 976 940 ἀφιερώμενος
997 882 1125 934 τόπος
1154 885 1196 927 ἐκ
1216 888 1394 927 παλαιοῦ
1408 916 1421 936 ,
1459 883 1506 933 ὃς
1525 883 1575 939 δὴ
1597 886 1664 926 καὶ
1679 893 1723 928 10

194 951 310 1001 ἱπνὸς
339 950 451 1007 ἅγιος
480 953 658 1007 λέγεται,
704 950 826 1002 ὁσίως
855 953 1117 1010 ἐπιρριφέντα
1160 951 1281 1003 ὁσίως
1308 953 1478 1007 δέχεται.
1521 952 1667 1006 -ςιὶλλᾶ

192 1024 326 1063 ταῦτα
344 1021 418 1073 μὲν
434 1022 475 1070 ἐς
499 1025 712 1065 τοσοῦτον.
1606 1074 1608 1078 ,

72 1095 101 1130 P
124 1095 169 1130 50
333 1090 412 1134 29.
476 1088 580 1132 Τότε
601 1091 645 1132 δὲ
667 1091 733 1132 καὶ
755 1088 878 1146 νέφος
899 1094 1080 1133 Σκυθῶν
1103 1090 1354 1146 παριστρίων
1374 1089 1663 1144 ἓπισυναχθίν,

194 1157 268 1200 οὔκ
299 1156 383 1200 οἷδ’
418 1157 592 1200 ἔκποθεν
625 1160 691 1200 καὶ
728 1158 770 1200 ἐκ
797 1161 917 1208 ποίας
952 1164 1026 1214 τῆς
1057 1159 1276 1215 ἀφορμῆς,
1315 1160 1372 1207 εἷς
1400 1158 1497 1200 δέκα
1520 1158 1667 1213 σχεδὸν

189 1224 381 1282 χιλιάδας
399 1225 675 1280 ποσούμενον,
713 1228 880 1269 διελθὸν
902 1228 976 1282 τὴν
995 1225 1248 1283 Βουλγάρων
1265 1232 1340 1284 γῆν
1361 1229 1428 1270 καὶ
1447 1230 1528 1269 τῶν
1552 1227 1667 1282 πέριξ
1679 1226 1722 1262 15

189 1295 326 1338 πολλὰ
343 1293 589 1351 ληϊσάμενον
617 1295 722 1338 κατὰ
751 1295 823 1338 τὸν
850 1295 929 1347 ἔξω
951 1296 1066 1351 ζυγὸν
1089 1297 1252 1351 γίνεται.
1323 1297 1390 1338 καὶ
1409 1295 1460 1350 δὴ
1484 1293 1667 1350 προσδό-

190 1381 308 1418 κιμον
337 1360 388 1419 ἦν
420 1362 749 1420 ἔκδραμούμενον
788 1366 855 1406 καὶ
892 1364 943 1407 τοὶ
979 1369 1054 1420 τῆς
1092 1365 1359 1414 Μακεδονίας
1389 1355 1472 1407 καὶ
1498 1361 1668 1424 Θρᾴκης

143 1446 173 1480 Β
199 1434 310 1476 λείαν
341 1437 514 1487 ποιῆσον
539 1434 614 1488 τὴν
639 1437 721 1475 τῶν
751 1436 917 1476 Μυσῶν
944 1432 1215 1488 ὑμνουμένην.
1284 1432 1397 1487 ἔτυχε
1425 1433 1470 1475 δὲ
1502 1431 1595 1476 τότε
1614 1432 1667 1476 τοὶ

194 1501 302 1559 ἀμφὶ
326 1501 402 1557 τὴν
424 1501 716 1556 Μεσίμβρειαν
743 1502 923 1556 κατέχων
952 1502 1150 1557 ἄρχοντος
1169 1499 1326 1557 τρόπον
1345 1503 1410 1544 καὶ
1434 1505 1668 1558 στρατηγοῦ

196 1568 218 1613 ὃ
240 1569 555 1627 κουροπαλάτης
584 1569 980 1626 Οὖμπερτόπουλος,
1018 1571 1122 1627 ἀνὴρ
1145 1568 1398 1627 ἀγαθωσύνῃ
1424 1571 1580 1626 χαίρων
1598 1571 1725 1612 ‚caleo

195 1638 388 1700 εὐβουλία
407 1637 707 1694 κοσμούμενος·
744 1637 790 1688 ὃς
812 1639 862 1694 δὴ
884 1641 950 1681 καὶ
982 1641 1231 1694 συμπλακεὶς
1250 1640 1466 1696 ἐξαίφνης,
1498 1635 1668 1696 θαρρή-

195 1805 290 1839 gere.
337 1792 467 1828 absolvi
489 1796 601 1827 tamen
625 1791 829 1827 sacrificium
863 1803 930 1826 non
952 1795 1110 1837 poterat,
1145 1791 1211 1827 nisi
1242 1787 1452 1827 statueretur
1480 1791 1572 1827 circa
1603 1792 1669 1827 hoc

196 1839 370 1885 quidpiam
394 1845 430 1873 et
453 1839 763 1885 quomodocumque
786 1844 1002 1872 amoveretur
1023 1838 1102 1873 inde
1122 1838 1328 1872 nauseabilis
1353 1839 1422 1873 ista
1443 1838 1670 1874 eucharistiae
1717 1847 1722 1849 ‘

195 1898 317 1920 sacrae
348 1886 474 1931 portio.
522 1885 607 1919 inita
639 1885 785 1930 denique
816 1884 876 1918 via
908 1890 962 1918 est
993 1885 1099 1928 magis
1119 1884 1239 1929 utique
1262 1884 1454 1919 necessaria
1481 1896 1582 1930 quam
1605 1885 1667 1919 de-

196 1943 296 1973 cens,
329 1933 371 1966 ad
395 1943 495 1977 quam
527 1937 648 1977 sponte
671 1930 830 1965 sacerdos
862 1931 964 1964 multo
989 1942 1115 1974 angore
1138 1930 1324 1965 cruciatum
1356 1930 1501 1964 animum
1530 1931 1667 1965 tandem

195 1978 354 2012 advertit.
402 1979 536 2012 divinae
559 1977 712 2011 nimirum
736 1976 972 2022 providentiae
995 1977 1256 2021 permittendam
1279 1977 1412 2021 putavit
1439 1976 1668 2022 consumptio-

196 2035 270 2058 nem
295 2024 446 2058 ultimam
477 2023 567 2058 illius
601 2023 783 2067 fragmenti
815 2021 924 2064 sacri,
953 2023 1146 2066 seponendo
1177 2022 1260 2056 illud
1282 2023 1316 2055 in
1347 2023 1522 2057 seductum
1547 2023 1668 2065 locum,

195 2069 310 2114 qualia
333 2070 368 2103 in
390 2069 550 2103 sacrariis
575 2069 688 2114 parari
721 2069 882 2113 antiquus
904 2068 1122 2103 ecclesiarum
1145 2080 1226 2103 usus
1235 2067 1399 2103 *obtinete
1432 2069 1566 2104 furnum
1589 2080 1669 2104 san-

195 2119 286 2149 ctum
311 2115 420 2149 nostri
443 2127 567 2149 vocare
591 2120 858 2156 consueverunt,
883 2115 1014 2149 alveum
1039 2126 1209 2149 cavernae
1231 2116 1339 2149 forma
1365 2115 1428 2149 sub
1450 2115 1561 2150 sacris
1582 2115 1671 2158 ady-

195 2160 240 2195 tis
264 2166 445 2200 cavatum,
481 2173 548 2206 quo
573 2173 746 2195 sacrarum
770 2172 881 2195 rerum
905 2172 990 2195 aevo
1011 2166 1072 2195 aut
1095 2161 1164 2195 situ
1187 2161 1406 2196 marcentium
1429 2160 1568 2196 inutiles
1588 2159 1670 2195 reli-

193 2206 295 2250 quiae
318 2211 528 2249 reverenter,
552 2211 712 2252 quantum
736 2209 789 2241 fas
812 2213 876 2249 est,
899 2207 1097 2242 condantur.
1144 2207 1178 2241 in
1202 2207 1237 2241 id
1261 2207 1535 2253 conceptaculum
1549 2211 1670 2251 putre-

195 2253 291 2286 facta
312 2252 481 2297 particula
505 2258 604 2286 caute
635 2254 845 2299 honesteque
876 2253 1046 2299 reposita,
1077 2252 1124 2288 ibi
1159 2253 1319 2288 videlicet
1340 2253 1452 2298 quoad
1475 2252 1670 2287 aboleretur

195 2309 414 2339 remansura,
449 2299 629 2343 expeditus
660 2303 842 2344 utcumque
874 2299 1050 2334 sacrificus
1083 2303 1159 2342 est,
1195 2297 1410 2346 perintricati
1441 2297 1669 2343 perplexitate

196 2343 277 2378 nodi
299 2344 588 2389 qualitercumque
610 2345 660 2378 sic
681 2346 880 2390 defungens.
1468 2364 1471 2365 ν

289 2390 346 2424 29.
393 2390 456 2424 Illa
489 2401 592 2435 porro
620 2394 824 2435 tempestate
846 2391 952 2435 nubes
975 2391 1178 2435 Scytharum
1201 2402 1222 2424 e
1252 2387 1578 2424 circumdanubianis
1598 2387 1668 2422 eol-

196 2434 285 2470 lecta
308 2435 490 2477 tractibus,
514 2447 581 2480 quo
606 2437 716 2470 animo
747 2448 859 2482 quave
882 2436 1060 2470 occasione
1081 2437 1265 2478 incertum,
1297 2445 1469 2482 numerum
1502 2435 1578 2468 fere
1605 2432 1668 2468 im-

197 2481 295 2526 plens
318 2482 464 2527 capitum
488 2482 602 2515 decies
635 2481 794 2523 millium,
827 2487 1026 2517 transcursa
1048 2482 1211 2526 Bulgaria
1232 2481 1419 2526 vicinisque
1440 2479 1498 2514 isti
1519 2478 1669 2524 regioni-

197 2527 262 2562 bus
291 2539 380 2572 vaga
411 2528 599 2573 direptione
632 2527 776 2561 vastatis
808 2527 854 2561 ad
884 2528 999 2571 iugum
1034 2528 1182 2562 exterius
1209 2526 1382 2569 consedit,
1410 2537 1477 2560 nou
1508 2525 1556 2562 ibi
1578 2523 1670 2560 haud

197 2573 301 2608 dubie
324 2574 502 2620 quietura,
537 2573 598 2607 sed
630 2574 812 2619 procellam
842 2573 972 2608 minans
1005 2573 1201 2619 irruptionis
1221 2570 1439 2614 barbaricae,
1474 2583 1494 2606 e
1516 2570 1670 2606 finitimis

195 2618 400 2654 Macedonia
432 2620 487 2654 vel
509 2619 661 2654 Thracia
693 2620 840 2665 praedas
871 2630 969 2660 moze,
1001 2630 1087 2664 quas
1119 2618 1233 2660 aiunt,
1264 2618 1439 2662 Mysorum
1470 2618 1670 2652 abacturae.

195 2669 357 2710 praeerat
387 2670 458 2701 tum
500 2666 590 2700 forte
623 2665 856 2700 Mesembreae
889 2665 1158 2710 circumsitisque
1190 2664 1293 2699 terris
1337 2663 1540 2702 auctoritate
1571 2662 1669 2697 ducis

197 2713 315 2747 summi
346 2711 563 2758 curopalates
587 2711 874 2756 Umpertopulus‚
904 2710 959 2745 vir
991 2714 1026 2746 et
1057 2708 1406 2756 probitate‘gaudens
1429 2712 1465 2744 et
1488 2708 1670 2754 prudentia

197 2764 348 2793 ornatus.
394 2759 448 2793 hic
479 2758 590 2793 fretus
620 2757 783 2802 religione
811 2757 1048 2803 imperatoris,
1079 2768 1146 2802 qua
1176 2756 1434 2803 oppigneratum
1461 2755 1535 2790 eius
1565 2754 1670 2790 armis

197 2804 349 2840 divinum
371 2806 522 2840 favorem
544 2804 720 2847 crederet,
750 2814 837 2850 quas
869 2803 932 2839 sub
964 2814 1004 2839 se
1025 2803 1175 2838 habebat
1206 2802 1356 2838 modicas
1378 2801 1495 2849 copias
1517 2799 1670 2837 muniit.—
