1820 3112
195 139 295 186 226
617 135 853 180 GEORGII
886 135 1235 182 PACHYMERIS

191 253 327 310 ἐκείνῳ
349 249 504 294 ἀκονιτὶ
525 248 692 306 φανέντι
713 250 780 292 καὶ
803 246 931 304 μόνον
958 249 1062 303 μετὰ
1098 254 1182 294 τῶν
1203 247 1434 303 συντάξεων
1455 251 1565 311 (δέος
1582 252 1662 311 γὰρ

191 319 250 377 μή
272 338 312 363 τι
328 322 395 362 καὶ
413 319 810 375 παρακινδυνευθείη
830 323 904 362 τοῦ
923 322 1148 375 Περσικοῦ,
1184 317 1246 370 οἷς
1265 321 1332 363 καὶ
1350 325 1508 375 μᾶλλον
1528 320 1663 379 ἐθάρ-

193 407 273 447 ρει,
322 385 644 445 ἕπεισπεσόντος)
656 420 670 440 ,
718 386 841 430 ταῦτ’
885 387 926 430 ἐν
957 385 1206 444 ἀπορρήτοις
1234 386 1462 445 πράξαντες
1493 390 1660 448 ἐκαρτέ-

191 475 289 516 ρουν
302 490 316 510 ,
350 456 425 512 τὴν
445 454 632 511 ὖποψίαν
655 457 697 507 ἐξ
720 455 901 506 ἅπαντος
923 454 979 506 ὥς
1003 454 1109 512 εἶχον
1125 457 1383 508 ἐκκλίνοντες.

50 536 78 570 Ρ
104 534 168 570 153
333 526 411 571 11.
473 525 585 568 Ἀλλ’
622 525 770 581 ἐπέστη
794 526 861 568 καὶ
892 523 918 581 ἦ
943 526 1087 582 κυρία·
1123 523 1148 581 ἦ
1175 525 1219 568 δ’
1240 521 1290 581 ἦν
1307 524 1519 584 ὖστεραιά.
1590 528 1692 574 καὶὸ

191 594 212 639 ὅ
229 595 304 650 μὲν
321 594 607 650 συνηθροικώς
630 594 706 644 τὰς
724 596 816 651 περὶ
836 593 961 637 αὐτὸν
981 591 1173 649 δυνάμεις
1194 595 1237 637 ἐκ
1254 596 1425 646 Λυδίας
1442 596 1661 653 ἐφίσταται

189 669 248 723 τῷ
271 663 508 722 Νυμφαίῳ,
539 661 643 706 ὅπου
665 665 732 705 καὶ
757 663 796 706 οἳ
818 662 1151 714 ἄποστατοῦντες
1175 665 1334 720 διῆγον·
1369 662 1392 709 ὃ
1419 665 1465 707 δὲ
1485 663 1557 707 τὸν
1582 664 1661 708 αὖ·

187 731 287 777 τόθι
303 730 479 789 πύργον,
519 731 564 775 ὃν
587 730 609 775 ὃ
633 732 1014 789 πορφυρογέννητος
1034 735 1130 790 τῇδε
1162 730 1313 789 διάγων
1341 730 1655 793 ᾠκοδομήσατο,

186 806 334 845 τοῦτον
355 801 492 844 τοίνυν
514 799 693 857 κατέχων
714 802 781 844 καὶ
802 808 975 857 γυναῖκα
996 803 1063 845 καὶ
1082 803 1211 844 παῖδα
1233 803 1300 845 καὶ
1327 799 1550 860 πράγματα
1578 803 1663 846 ἐκεῖ

130 888 159 922 Β
187 870 425 927 συγκλείσας
462 886 505 911 τε
543 871 610 912 καὶ
651 867 984 927 ἀσφαλισάμενος
1000 903 1014 923 ,
1065 874 1228 927 πρῶτον
1271 870 1347 925 μὲν
1387 870 1464 926 τὴν
1503 871 1656 914 ἐκείνου
1669 883 1714 922 10

185 937 346 982 ἀκούων
367 938 504 995 ἄφιξιν
524 940 590 981 καὶ
614 939 705 982 λίαν
737 940 779 981 ἓν
802 936 994 993 θαύματι
1024 943 1082 998 τῷ
1103 940 1278 998 μεγίστῳ
1309 939 1459 994 ἐτίθει,
1496 943 1584 990 πῶς
1605 938 1656 983 c’iv

185 1010 253 1051 καὶ
274 1005 441 1066 τολμῴη
463 1015 606 1064 χωρεῖν
625 1005 750 1063 ὁμόσε
769 1005 980 1058 τοσούτοις
1001 1025 1043 1051 τε
1061 1010 1128 1051 καὶ
1147 1005 1360 1058 τοιούτοις.
1408 1006 1520 1063 ὅμως
1541 1012 1656 1066 θαρ-

185 1081 269 1134 ρῶν
294 1078 358 1119 ἐπὶ
380 1083 466 1126 τοῖς
488 1075 618 1130 ὅλοις,
658 1075 712 1127 ὥς
733 1075 880 1120 αὐτίκα
898 1078 1037 1134 φανεὶς
1054 1077 1101 1120 τὸ
1122 1081 1204 1120 πᾶν
1226 1075 1458 1134 ἐργάσαιτο,
1494 1092 1655 1134 παραγ-

185 1147 321 1202 γείλας
343 1147 410 1188 καὶ
428 1145 525 1196 τοὺς
553 1145 704 1196 ἄλλους
735 1143 973 1198 ὁπλίζεσθαι
987 1178 1000 1198 ,
1039 1145 1166 1196 αὐτὸς
1186 1145 1259 1201 τὴν
1280 1147 1477 1201 ταχίστην
1494 1147 1655 1197 ἐξοπλι-

40 1230 69 1263 Ρ
94 1227 159 1264 154
185 1217 303 1265 σθεὶς
331 1216 399 1257 καὶ
427 1215 532 1257 κατὰ
560 1219 635 1258 τοῦ
662 1213 860 1272 φανέντος
886 1215 938 1257 τὰ
970 1218 1140 1258 πλεῖστα
1168 1212 1500 1269 νεανιευσάμενος
1517 1214 1652 1266 ἔξεισι.
1666 1224 1710 1260 15

185 1286 251 1327 καὶ
274 1284 324 1339 δὴ
349 1282 427 1340 ἀφ’
452 1281 644 1340 ἑκατέρου
664 1283 815 1340 με’ρους
833 1287 1069 1326 σταθεισῶν
1091 1287 1173 1327 τῶν
1195 1281 1428 1338 δυνάμεων,
1465 1285 1532 1326 καὶ
1555 1281 1653 1327 ὅσον

181 1352 298 1396 οὔπω
318 1356 556 1406 μελλουσῶν
586 1351 915 1406 συμπλέκεσθαι,
952 1350 1057 1395 ὥστε
1077 1354 1145 1395 καὶ
1165 1351 1494 1409 ἀκροβολισμοὺς
1513 1351 1655 1409 ἀμφο-

180 1421 362 1480 τέρωθεν
388 1422 596 1477 γίνεσθαι,
634 1421 672 1464 οἳ
701 1422 903 1478 Κρητικοὶ
935 1425 1009 1464 τοῦ
1041 1418 1312 1476 συνθήματος
1347 1420 1422 1465 οὐκ
1458 1420 1651 1477 ἠμέλουν,

179 1564 256 1587 num
280 1552 400 1586 ducem
423 1562 531 1594 suum,
555 1563 697 1598 eumque
719 1551 905 1588 Libadario
927 1551 1141 1588 tradendum.
1187 1564 1230 1588 ea
1258 1563 1315 1588 res
1349 1552 1590 1598 condicebatur
1615 1551 1653 1587 in

177 1599 213 1633 id
243 1598 647 1644 potissimumtemporis
678 1602 902 1641 momentum,
937 1599 1083 1633 nondum
1116 1598 1285 1633 commissi
1315 1598 1376 1633 sed
1409 1599 1517 1633 solum
1538 1598 1653 1645 parati

179 1644 393 1686 certaminis,
417 1644 505 1689 quod
530 1644 562 1678 si
583 1644 724 1678 ulterius
748 1649 1008 1689 expectaretur,
1042 1644 1226 1691 periculum
1249 1648 1324 1679 erat
1346 1656 1390 1687 ne
1412 1644 1560 1687 Persae,
1592 1643 1653 1691 qni

177 1690 314 1736 plurimi
338 1695 373 1724 et
397 1701 497 1724 manu
518 1690 648 1724 strenui
672 1690 959 1736 Philanthropeno
991 1690 1197 1733 militabant,
1229 1690 1400 1725 destinata
1432 1694 1557 1726 eventu
1578 1691 1654 1725 fru-

178 1740 382 1779 strarentur,
406 1735 449 1770 iis
474 1747 512 1770 se
534 1735 765 1771 verisimiliter
788 1742 1041 1782 aggregatura,
1065 1737 1188 1782 quibus
1210 1737 1355 1771 maxime
1377 1736 1522 1777 fideret,
1551 1735 1651 1779 duce,

177 1781 275 1816 simul
306 1782 438 1816 initium
471 1782 644 1827 pugnandi
676 1783 803 1817 sactum
835 1787 939 1816 esset.
985 1783 1019 1816 id
1052 1795 1119 1828 quo
1141 1786 1437 1828 praeverteretur,
1470 1783 1653 1828 oportebat

176 1828 374 1862 volitantem
398 1839 474 1861 eum
498 1829 608 1862 adhuc
631 1832 711 1863 ante
735 1829 853 1872 aciem,
870 1832 906 1863 et
928 1828 1077 1874 singulos
1100 1829 1234 1863 ordines
1257 1829 1300 1864 ad
1324 1832 1395 1863 rem'
1417 1828 1505 1863 bene
1527 1839 1651 1873 geren-

176 1873 254 1908 dam
277 1875 533 1916 adhortantem,
568 1874 627 1909 ubi
660 1874 705 1908 ad
726 1875 911 1909 Cretenses
941 1886 1077 1920 quoque
1111 1875 1147 1909 id
1178 1879 1317 1909 acturus
1341 1874 1512 1918 venisset,
1539 1875 1583 1908 ab
1605 1874 1649 1909 iis

177 1920 379 1954 circumsisti
403 1920 594 1966 abducique
617 1932 715 1967 quam
738 1920 871 1955 minimo
896 1923 1062 1963 tumultu,
1093 1921 1183 1955 haud
1207 1921 1285 1955 dnm
1314 1920 1414 1966 plane
1435 1919 1650 1966 intelligente

176 1965 260 2011 quid
283 1971 463 2010 gereretur
486 1966 639 2001 exercitu
662 1966 814 2012 reliquo,
839 1978 879 2000 ac
902 1972 1086 2013 propterea
1108 1967 1277 2013 quieturo.
1323 1965 1442 2000 hor'um
1466 1966 1517 2001 sic
1538 1965 1649 2012 stipu-

174 2010 320 2045 latorum
343 2012 377 2045 in
400 2023 527 2047 summa
550 2012 816 2047 dissimulatione
839 2012 1024 2048 Cretenses
1051 2013 1262 2048 occasionem
1288 2013 1563 2058 exequendorum
1586 2023 1650 2046 ex-
1685 2019 1694 2026 ”

175 2058 378 2101 pectebant,
410 2058 538 2093 solicite
573 2058 778 2093 declinantes
809 2059 975 2105 quidquid
1006 2059 1232 2106 suspicionem
1261 2058 1312 2094 rei
1347 2069 1436 2105 quae
1458 2058 1648 2105 parabatur

175 2113 314 2138 movere
335 2103 387 2138 vel
410 2104 577 2139 minimam
599 2104 707 2139 cuivis
732 2109 859 2151 posset.
1383 2126 1393 2130 ··

268 2151 322 2184 11.
371 2150 537 2185 condicta
560 2163 635 2186 mox
659 2151 732 2185 dies
757 2151 887 2193 adfuit,
921 2154 1060 2198 postera
1082 2151 1155 2186 eius
1177 2151 1287 2197 ipsius
1319 2161 1388 2197 qua
1409 2150 1524 2185 fuerat
1545 2149 1582 2183 in
1604 2159 1647 2183 ea

177 2205 266 2240 quae
289 2194 433 2230 diximus
456 2201 666 2232 conventum.
713 2197 915 2238 Libadarius
938 2197 1099 2232 collectas
1126 2198 1161 2233 in
1187 2208 1287 2232 unum
1312 2208 1332 2230 e
1354 2195 1466 2242 Lydia
1488 2194 1647 2229 universa

176 2251 292 2274 secum
315 2241 429 2286 copias
451 2242 588 2285 ducens,
611 2247 708 2278 recta
731 2243 969 2289 Nymphaeum
991 2255 1120 2286 versus,
1148 2244 1205 2278 ubi
1231 2242 1376 2277 rebelles
1397 2243 1512 2276 castra
1535 2240 1647 2275 muni-

175 2291 308 2327 verant,
335 2287 452 2323 movit.
500 2294 576 2323 erat
599 2289 790 2334 Nymphaei
811 2289 916 2324 turris
940 2301 962 2324 a
983 2290 1290 2334 Porphyrogenito,
1314 2288 1394 2321 dum
1418 2286 1465 2323 ibi
1490 2287 1647 2330 degeret,

176 2335 362 2366 exstructa.
407 2332 443 2366 in
476 2346 549 2369 eam
571 2335 875 2381 Philanthropenus
911 2347 932 2370 a
965 2347 1003 2370 se
1036 2341 1234 2381 occupatam
1256 2343 1393 2368 uxorem
1417 2343 1489 2366 cum
1513 2331 1585 2366 filio
1609 2336 1646 2366 et

176 2377 320 2422 pecunia
341 2377 497 2421 inclusit,
527 2381 695 2426 praesidio
719 2380 764 2416 ad
785 2381 903 2415 horum
925 2381 1113 2416 custodiam
1133 2381 1254 2415 idoneo
1276 2377 1446 2423 imposito.
1493 2377 1645 2412 Libade-

177 2422 263 2457 rium
285 2434 387 2468 porro
411 2425 549 2460 audiens
572 2432 690 2461 centra
713 2438 751 2461 se
773 2426 927 2468 tendere,
948 2427 1090 2472 primum
1113 2438 1217 2472 aegre
1239 2424 1424 2465 credebat,
1447 2434 1526 2458 mox
1546 2423 1645 2469 inge-

177 2468 311 2503 minatis
343 2469 385 2503 ad
416 2470 517 2506 fidem
549 2472 616 2507 iam
640 2484 705 2506 non
727 2471 862 2506 dubiam
884 2471 1020 2506 indiciis
1051 2471 1270 2506 vehementer
1293 2469 1454 2504 admirari
1483 2481 1522 2504 se
1545 2480 1644 2504 mon-

177 2515 310 2549 strabat
332 2516 559 2551 temeritatem
586 2518 746 2560 hominis,
773 2517 831 2563 qui
855 2517 1018 2552 adversus
1040 2520 1094 2551 tot
1115 2529 1157 2551 ac
1180 2516 1266 2551 tales
1288 2526 1457 2562 apparere
1478 2515 1515 2549 in
1538 2514 1642 2549 armis

178 2571 220 2594 ac
247 2571 321 2594 cum
344 2561 441 2595 minis
463 2563 618 2598 vincendi
639 2565 731 2599 ferre
760 2574 798 2598 se
830 2563 964 2597 obvium
988 2563 1140 2598 auderet.
1186 2562 1296 2597 iussas
1318 2567 1434 2596 tamen
1457 2561 1499 2595 ad
1522 2571 1642 2595 occur-

177 2617 250 2640 sum
273 2607 425 2652 expediri
449 2609 565 2654 copias
588 2610 661 2655 ipse
684 2609 787 2645 armis
808 2612 947 2644 strenue
968 2609 1110 2655 sumptis
1134 2609 1374 2653 cataphractus
1398 2611 1434 2641 et
1449 2605 1643 2641 iuveniliter

177 2662 215 2686 se
239 2656 414 2686 ostentans
441 2665 595 2699 prorsum
619 2657 766 2700 agebat,
799 2653 930 2700 ingenti
959 2654 1086 2689 fiducia
1119 2665 1310 2689 successum
1341 2653 1408 2687 iam
1431 2664 1520 2687 nunc
1543 2652 1642 2699 qnasi

176 2702 307 2732 certum
331 2698 439 2732 animo
462 2700 695 2746 praecipiens,
730 2706 765 2736 et
793 2700 871 2736 visu
901 2712 940 2735 se
962 2699 1070 2746 primo
1093 2700 1337 2735 debellaturum
1359 2709 1514 2744 sperans.
1559 2709 1642 2733 ecce

175 2746 288 2778 autem
319 2743 450 2779 directa
479 2745 556 2780 hinc
587 2750 622 2780 et
650 2747 729 2782 inde
760 2746 855 2790 acie,
894 2745 1079 2794 praelibari
1118 2746 1187 2781 iam
1226 2745 1408 2793 incipiente
1439 2743 1641 2791 primoribus

173 2788 343 2836 utrimque
364 2790 630 2827 velitariunculis
651 2803 784 2839 pugna,
818 2804 884 2829 non
912 2790 1007 2829 obliti
1037 2792 1280 2840 promissorum
1303 2792 1506 2835 Cretenses,
1538 2789 1639 2826 simul

1817 2849 1820 2855 .
1812 2682 1820 2835 .<.--..„—-1...
1816 2627 1820 2667 ...-
