1858 3126
248 164 347 209 320
677 161 830 205 GEOR
837 160 915 204 GH
950 162 1304 208 PACHYMERIS

246 280 271 320 δ
278 277 290 294 ³
313 276 361 320 οὗ
381 275 519 318 πείθοι
538 275 662 332 λε’γων
685 278 751 319 καὶ
778 275 876 327 τοὺς
904 275 1160 334 ἀντεροῦντας
1190 280 1562 336 προσαποστέλλων
1574 316 1587 335 ,
1623 282 1720 326 ἀλλ’

246 341 319 390 οὖν
349 344 740 402 διαπεραιουμένους
766 347 834 389 καὶ
858 346 1011 397 ἵππους
1042 346 1316 405 ἀφαιρεῖσθαι
1347 352 1414 393 καὶ
1441 349 1571 395 ὅπλα·
1615 354 1723 408 μηδὲ

244 415 322 473 γὰρ
348 415 507 457 δίκαιον
529 412 630 458 εἶναι
652 412 836 466 συνόλως
856 415 959 472 πρὸς
978 416 1054 467 τὰς
1074 421 1160 460 τῶν
1178 418 1382 472 βασιλέων
1401 421 1723 472 διαπειθοῦντας

245 482 512 541 προστάξεις,
551 485 618 527 καὶ
637 484 694 540 μὴ
715 484 919 535 θέλοντας
936 493 1207 542 συμπαρεῖναι
1225 491 1399 541 βασιλεῖ,
1438 486 1511 540 οὓς
1525 488 1592 532 ἐπ’
1616 489 1719 534 αὐτὸ

104 564 130 597 Ρ
153 565 219 601 221
245 558 370 598 τοῦτο
400 555 469 596 καὶ
500 550 809 612 προσηγάγετο,
846 556 984 598 ἵππων
1018 556 1238 610 ἐπιβαίνειν
1267 559 1336 599 καὶ
1366 555 1508 608 ὅπλοις
1532 562 1752 616 χρῆσθαιὸ

245 622 317 674 οὕς
345 640 389 666 τε
420 622 520 674 τούς
547 625 721 674 οἰκείους
753 621 1007 681 ἀφελόμενος
1038 626 1180 682 σφίσιν
1202 626 1360 679 ἐδίδου,
1399 629 1468 671 καὶ
1486 626 1515 670 ἃ
1533 628 1723 685 παρέχων

245 693 372 743 αὐτὸς
391 693 570 749 γυμνοῦς
594 694 660 736 καὶ
683 691 888 744 ἀνόπλους
911 693 1035 745 ὄντας
1063 694 1213 745 ἱκανῶς
1239 693 1420 748 ὥπλιζεν.
1490 694 1512 740 ὅ
1539 697 1615 751 μὲν
1646 693 1721 742 οὖν

242 762 438 818 βασιλεὺς
474 760 607 813 οὕτως
647 763 823 817 ἐκέλευε,
874 765 942 806 καὶ
971 761 991 807 ὅ
1020 764 1083 806 ἐπὶ
1109 762 1246 824 τούτῳ
1284 766 1448 815 σταλεὶς
1486 762 1597 809 οὕτω
1622 767 1721 818 τοῦς

242 831 364 876 τοῦτ’
390 832 589 888 ἐροῦντας
611 831 878 876 ἀπέστελλεν·
915 833 955 876 οἳ
975 833 1020 876 δὲ
1037 831 1150 885 ἅπαξ
1172 831 1497 891 ἀφηνιάσαντες,
1535 836 1720 888 συμπλέ-

243 918 382 952 κοντες
400 903 468 944 καὶ
493 899 721 960 προφάσεις
740 900 795 953 ὥς
814 903 879 945 ἐπὶ
893 898 1045 959 χρόνον
1065 901 1457 962 ταλαιπωρήσαντες
1475 902 1553 959 οὐχ
1578 902 1716 948 οἷοίτ’
1732 913 1775 947 10

243 973 318 1014 εἶσὶ
342 970 588 1027 παραμένειν
619 973 686 1014 καὶ
717 971 799 1025 ἔτι,
833 971 941 1015 ἀλλ’·
957 971 1088 1015 ἀνέσει
1118 970 1259 1023 δόντες
1288 974 1436 1034 μετρίᾳ
1461 970 1585 1016 πάλιν
1613 973 1719 1018 ἄπο-

191 1053 220 1087 Β
246 1039 580 1099 στραφῆσονται,
614 1041 736 1085 ταῦτ’
761 1039 1081 1098 ἀπολογούμενοι
1104 1042 1208 1099 πρὸς
1232 1043 1406 1093 ἐκείνους
1429 1041 1502 1086 τὸν
1522 1044 1718 1100 πορθμὸν

242 1113 564 1168 διεπεραιοῦντο.
632 1110 740 1167 πλὴν
767 1110 942 1154 κάκεῖνοι
969 1111 1045 1167 τὴν
1070 1111 1142 1169 ἐφ’
1168 1110 1342 1162 ἑαυτοὺς
1365 1112 1590 1168 ἐγχείρησιν
1610 1111 1717 1157 ὕπο-

242 1178 498 1230 τοπάσαντες
524 1179 618 1223 οὔτ’
649 1180 730 1223 ἀνὰ
759 1180 884 1238 μέρος
917 1179 1092 1238 ἔπε’ρων,
1135 1180 1231 1224 οὔτ’
1259 1182 1325 1224 ἐπὶ
1354 1180 1426 1225 τὸν
1450 1178 1615 1237 συνήθη
1641 1186 1717 1237 τῆς

242 1248 487 1305 ἀποβάσεως
508 1247 652 1304 τόπον,
682 1247 787 1293 ὅπου
808 1251 875 1293 καὶ
893 1250 1000 1293 κατὰ
1021 1250 1258 1307 προσδοκᾶς
1273 1251 1444 1294 ἵσταντο
1465 1249 1716 1308 διεφέξοντες
1729 1261 1771 1295 15

241 1324 301 1379 τῷ
330 1319 456 1372 τέως,
492 1318 737 1374 ἀπέβαινον,
768 1318 862 1362 ἀλλ’
890 1318 979 1375 ἅμα
1006 1319 1161 1370 πολλὰς
1188 1319 1423 1378 φορτηγοὺς
1442 1317 1717 1375 κατασχόντες

241 1390 308 1432 καὶ
338 1386 643 1444 ἔμπλησάμενοι
675 1389 918 1444 ἔδοχμίαζον
939 1388 1014 1445 τὴν
1031 1387 1238 1443 ἀπόβασιν
1247 1423 1261 1443 ,
1298 1391 1365 1432 καὶ
1389 1386 1468 1443 ἅμ’
1491 1388 1715 1444 ἀπέβαινον

191 1463 220 1498 C
245 1460 313 1502 καὶ
334 1457 412 1513 ἅμ’
438 1458 476 1501 οἱ
494 1459 657 1510 πλείους
678 1456 899 1512 ὡπλίζοντο
912 1493 924 1512 ,
962 1460 1067 1514 πλὴν
1086 1458 1160 1502 οὐκ
1181 1461 1236 1510 εἲς
1257 1457 1439 1517 φανερὰν
1458 1455 1597 1515 μάχην
1614 1458 1713 1502 ἀλλ’

236 1527 306 1586 ἐφ’
331 1522 365 1588 ᾧ
386 1525 514 1582 μόνον
535 1526 698 1579 ἑαυτοῖς
726 1533 988 1585 περιποιῆσαι
1008 1528 1083 1583 τὴν
1105 1532 1179 1585 τῆς
1197 1526 1400 1584 δοκούσης
1418 1526 1584 1583 ἀτιμίας
1605 1525 1713 1572 ἀπό-

234 1638 417 1686 impedire:
442 1638 494 1673 sin
518 1639 651 1674 frustra
672 1638 707 1673 in
731 1638 796 1673 hoc
821 1642 937 1673 essent
959 1639 1076 1674 officia
1099 1638 1210 1673 omnia
1232 1639 1438 1680 verborum,
1461 1641 1499 1672 et
1521 1637 1617 1672 missi
1639 1638 1713 1672 dis-

235 1697 394 1721 suasores
418 1684 502 1719 nihil
522 1685 753 1731 proficerent,
787 1685 909 1719 saltem
930 1685 996 1719 illis
1009 1711 1019 1729 ,
1053 1690 1236 1731 antequam
1257 1684 1478 1727 traiicerent‚
1513 1695 1620 1730 equos
1642 1685 1713 1719 eri-

235 1736 336 1778 peret
360 1737 397 1766 et
420 1743 526 1767 arma.
571 1743 634 1778 per
658 1732 743 1766 enim
767 1731 916 1776 iniquum
941 1742 1029 1775 esse,
1053 1743 1117 1765 nec
1139 1731 1208 1766 ulla
1230 1731 1363 1765 ratione
1384 1730 1608 1774 tolerandum,
1630 1731 1713 1766 bar-

235 1781 340 1813 baros
376 1783 456 1825 post
485 1790 605 1813 nomen
639 1778 755 1813 datum
788 1778 931 1812 militiae
963 1778 1137 1812 Romanae
1176 1778 1416 1823 obtemperare
1446 1777 1713 1823 imperatoribus

237 1827 438 1871 praefracte
467 1827 669 1868 renuentes,
704 1824 858 1859 nec⁴sibi
882 1824 1003 1859 adesse
1035 1824 1139 1858 dubio
1163 1835 1224 1858 suo
1244 1828 1398 1869 tempore
1419 1824 1596 1867 volentes,
1624 1834 1713 1870 quos

239 1871 369 1917 magnis
384 1871 429 1906 ad
445 1871 510 1906 hoc
523 1871 632 1918 ipsum
647 1871 682 1906 in
697 1871 832 1905 illorum
854 1871 979 1906 misera
1001 1871 1140 1905 fortuna
1165 1870 1342 1905 beneficiis
1365 1874 1593 1910 auctorasset,
1616 1869 1713 1904 abire

238 1919 341 1952 etiam
373 1923 516 1953 onustos
547 1917 660 1964 opima
690 1918 839 1965 praeda,
879 1918 978 1964 equis
1011 1918 1167 1952 invectos
1197 1917 1452 1963 instructosque
1485 1916 1588 1952 armis
1623 1928 1713 1963 quae

237 1965 325 2010 ipsis
347 1964 554 2010 imperator,
588 1976 688 2010 quem
711 1967 926 2008 desererent,
957 1964 1139 1999 inermibus
1159 1967 1195 1998 et
1218 1963 1398 2009 inopibus,
1421 1963 1570 2010 propriis
1595 1962 1713 1998 detra-
1757 1998 1767 2005 ,

241 2017 299 2045 cta
322 2011 484 2045 militibus
507 2011 733 2046 attribuisset.
768 2012 853 2046 haec
877 2014 976 2046 erant
996 2011 1038 2046 ad
1063 2010 1204 2045 Rafilem
1226 2009 1409 2044 Andronici
1433 2010 1605 2044 mandata.
1635 2009 1713 2056 qui-

240 2058 306 2091 bus
332 2058 389 2091 ille
414 2059 628 2104 obsequens,
651 2058 710 2104 qui
731 2058 816 2093 talia
837 2058 1013 2093 edicerent
1035 2057 1151 2092 Alanis
1175 2057 1279 2091 misit.
1316 2059 1354 2091 at
1378 2055 1413 2090 hi
1437 2056 1605 2090 mordicus
1628 2056 1712 2092 hae·

240 2109 355 2137 rentes
379 2103 504 2138 dudum
529 2109 631 2150 capto
655 2104 794 2139 consilio
808 2131 818 2149 ,
852 2104 1028 2151 certique,
1053 2103 1143 2150 quod
1167 2103 1272 2138 semel
1293 2102 1523 2138 excussissent
1543 2103 1710 2146 fraenum,

240 2161 420 2194 numquam
452 2151 595 2196 amplius
629 2151 808 2197 recipere,
846 2156 1052 2196 praetextus
1081 2151 1285 2192 nectebant,
1314 2153 1518 2184 excusantes
1547 2148 1640 2183 haud
1671 2160 1710 2183 se

239 2196 338 2241 plene
362 2197 406 2230 ab
430 2196 645 2242 imperatoris
665 2197 784 2232 militia
805 2197 989 2242 recedere,
1010 2198 1072 2232 sed
1095 2197 1161 2231 sibi
1183 2195 1410 2231 necessariam
1431 2199 1509 2242 post
1530 2194 1634 2234 nimis,
1647 2194 1709 2228 diu

239 2242 455 2276 continuatos
487 2243 712 2288 expeditionis
743 2244 879 2279 labores
911 2245 1050 2279 brevem
1082 2244 1232 2289 requiem
1264 2241 1452 2288 captatum
1469 2251 1621 2276 seorsum
1642 2239 1708 2283 ire,

238 2299 315 2322 mox
349 2288 487 2323 refectis
518 2300 581 2334 per
615 2302 691 2324 eam
715 2290 846 2325 viribus
869 2291 912 2326 ad
936 2290 1083 2337 Augusti
1105 2290 1202 2334 signa
1226 2289 1417 2330 redituros,
1448 2290 1530 2322 tunc
1553 2297 1648 2321 arma
1670 2294 1708 2320 et

238 2345 343 2380 equos
378 2346 466 2379 quae
495 2335 709 2380 accepissent
743 2348 819 2371 cum
850 2337 998 2383 propriis
1021 2337 1220 2382 corporibus
1241 2335 1365 2369 iterum
1386 2333 1421 2368 in
1448 2331 1614 2378 obsequia
1634 2333 1709 2367 Ro-

235 2391 408 2415 manorum
438 2379 672 2425 impensuros,
707 2394 795 2427 quae
818 2383 895 2417 ideo
919 2383 987 2418 sibi
1008 2382 1153 2428 relinqui
1176 2392 1319 2427 aequum
1344 2380 1448 2414 esset.
1493 2379 1578 2414 haec
1607 2378 1708 2414 simul

234 2427 449 2471 allegabant,
486 2427 587 2460 simul
616 2429 788 2472 parabant
818 2431 1098 2474 usurpabantque
1129 2426 1414 2462 transmissionem
1437 2425 1538 2468 freti,
1569 2437 1636 2460 non
1658 2425 1710 2460 illi

233 2473 369 2519 quidem
392 2483 461 2507 una
484 2484 598 2507 omnes
622 2475 734 2518 palam
758 2477 818 2508 aut
841 2475 958 2508 eodem
989 2473 1142 2509 universi
1165 2473 1241 2508 loco
1272 2472 1512 2517 (verebantur
1534 2471 1646 2515 enim,
1679 2471 1710 2506 si

236 2520 302 2554 hoc
326 2522 493 2563 agerent,
518 2531 561 2553 ne
583 2519 747 2564 impetum
771 2520 804 2553 in
829 2531 887 2554 eos
910 2522 1082 2555 Romanus
1105 2519 1276 2554 exercitus
1297 2519 1456 2563 faceret)
1482 2517 1541 2552 sed
1557 2530 1621 2564 per
1635 2529 1709 2553 ma-

237 2576 299 2600 nus
324 2564 469 2610 dispersi
494 2568 530 2600 et
553 2565 659 2608 clam,
691 2577 734 2599 ex
770 2565 894 2611 quibus
916 2567 1027 2601 traiici
1050 2578 1117 2600 non
1141 2568 1216 2600 erat
1239 2564 1391 2607 solitum,
1425 2565 1558 2599 aversis
1580 2576 1603 2600 a
1624 2574 1708 2599 con-

236 2614 357 2658 spectu
372 2611 528 2646 litoribus
545 2611 734 2653 solventes3
758 2621 821 2655 per
844 2623 933 2657 quae
955 2612 1131 2657 dispositis
1152 2611 1360 2657 agminibuS,
1385 2610 1580 2646 occasiones
1594 2614 1709 2646 trans-

235 2657 384 2693 fretandi
415 2659 667 2703 expectabant,
698 2657 979 2704 arripiebantque
1011 2657 1110 2693 simul
1132 2669 1170 2692 se
1192 2658 1396 2692 obtulerant.
1443 2669 1545 2703 quam
1567 2657 1613 2693 ad
1635 2667 1708 2692 rem

235 2704 403 2739 onerariis
426 2704 541 2739 multis
564 2704 763 2750 occupatis,
800 2704 933 2739 occulte
955 2703 1031 2738 illas
1055 2703 1290 2750 complebant,
1322 2703 1496 2750 variisque
1519 2701 1708 2750 praetexti-

236 2751 300 2786 bns
318 2748 549 2794 dimittebant,
573 2750 719 2797 obliquis
738 2750 1005 2786 simulationibus
1027 2762 1066 2785 re
1088 2750 1164 2796 ipsa
1187 2756 1392 2796 occupantes
1412 2751 1530 2784 facere
1543 2749 1581 2784 id
1596 2749 1707 2795 ipsum

235 2797 269 2830 in
304 2797 394 2843 quod
428 2796 593 2832 eblandiri
614 2797 844 2832 Romanorum
875 2796 1081 2832 obstantium
1104 2808 1277 2831 assensum
1301 2796 1446 2831 obnoxie
1469 2796 1587 2831 conari
1609 2795 1707 2830 vide—

236 2845 372 2879 bantur.
417 2843 518 2889 idqne
541 2843 618 2879 dum
642 2843 784 2879 maxime
807 2843 859 2879 sic
882 2843 1067 2880 clanculum
1091 2843 1401 2887 administraretur,
1425 2854 1547 2887 magna
1559 2842 1707 2889 ipsorum
