1858 3126
554 186 658 231 LlB.
677 186 722 231 -l.
792 185 1157 229 GLOSSAmUM.
1171 180 1174 183 ⁴
1475 184 1573 231 687
1625 199 1630 216 -'

145 295 374 347 dignitatem
398 294 515 333 certis
539 295 720 334 formulis
745 300 784 334 et
808 293 964 347 publica
992 293 1201 334 cerimonia
1231 294 1326 347 ipsis
1352 296 1410 342 ab?
1421 295 1586 335 Androe·

143 352 236 390 nico
259 351 433 402 Augusto
451 350 669 389 honorifice
688 352 880 390 collatam.
936 351 1042 401 quod
1063 352 1102 388 in
1122 351 1293 389 historiis
1316 352 1399 389 sevi
1417 352 1574 391 citerio-

143 407 198 446 ris
217 407 356 446 crebro
375 407 596 445 factitatum
618 421 640 444 a
657 407 812 456 regibus
833 406 1015 456 legimus,
1043 413 1137 458 puta
1159 421 1248 445 cum
1267 420 1383 445 manu
1404 421 1474 446 sua
1490 409 1575 446 ml⁴

142 464 248 501 caris
278 463 474 500 nobilibus
500 462 574 500 sibi
599 463 701 500 caris
727 463 921 511 induunt,
950 469 1018 500 aut
1041 470 1106 500 toi
1108 476 1224 513 quein
1250 462 1294 500 in
1319 464 1497 502 collum
1483 463 1573 502 mii-

141 519 271 569 ciunt,
299 519 448 569 insigne
466 517 719 556 banormum
738 517 926 570 equestris
945 518 1156 568 dignitatis.

249 592 380 663 κάκη
405 594 473 636 καὶ
500 591 666 648 κάκην
692 593 928 637 ἐπιλύειν
956 598 1099 647 p.128
1118 609 1158 636 v-
1178 596 1217 638 4.
1273 592 1369 648 μηδ’
1399 592 1573 638 ἐπιλύειν

141 649 216 703 την
240 648 383 704 κάκην.
436 652 492 690 ita
526 652 650 689 codex
679 659 844 704 uterque
866 651 1101 690 Barbeiinus
1128 658 1166 689 et
1195 651 1437 701 Annianus,
1475 667 1574 704 quae

141 707 352 746 Vaticanus
378 707 534 748 omittit.
593 708 633 746 in
660 707 736 745 hoc
764 708 853 746 Ioco
880 707 1053 746 notanda
1082 708 1308 758 piaesertim
1335 721 1415 747 vox
1444 724 1572 760 κακην

139 775 231 800 cum
250 759 415 802 accentu
432 764 473 800 in
493 763 619 815 priori
636 764 807 815 syllaba,
835 764 950 814 longe
967 764 1055 802 ideo
1076 763 1142 801 div
1146 777 1228 801 elsa
1246 777 1267 800 a
1287 764 1472 802 feminino
1499 765 1572 802 ad-

138 817 275 857 iectivi
305 835 449 868 κακος,
475 819 580 870 quod
606 833 759 871 semper
780 817 884 872 κακή
908 834 996 858 cum
1018 820 1125 869 glazi
1146 820 1188 856 in
1208 820 1347 857 ultima
1372 821 1570 864 sclibitur.

138 887 213 912 nec
233 875 403 925 antiquis
419 875 549 925 ignota
569 881 626 913 est
645 875 741 913 baec
760 875 991 914 diffluentia.
1032 881 1186 913 enarrat
1207 875 1427 927 Hesychius
1446 890 1572 930 quen-

139 930 229 968 dam
258 931 388 969 locum
420 931 655 968 innominati
681 931 871 979 auctoris,
899 932 940 969 in
969 945 1047 983 quo
1076 931 1302 969 visebantur
1328 931 1424 970 haec
1449 933 1571 971 τρώει

138 988 210 1037 τῆς
233 985 330 1038 ἐμῆς
351 982 495 1037 κάκης,
525 987 613 1024 voci
651 982 777 1038 κάκης
812 994 858 1025 ut
892 1001 934 1038 s)
940 1001 1149 1038 nonymam
1184 987 1394 1026 subiiciens
1432 1001 1573 1029 vocem

136 1043 351 1090 κακουκίας
370 1042 567 1092 (rescribe
585 1044 834 1095 κακουχίας).
891 1042 1116 1081 Eustathius
1135 1056 1293 1094 quoque
1310 1045 1572 1110 παρεκβολαῖς

137 1097 187 1134 sd
206 1097 318 1138 Iliad.
338 1113 386 1147 ν,
414 1098 464 1136 ad
480 1098 592 1136 illum
610 1110 763 1136 versum
788 1097 910 1141 634
892 1114 945 1151 ην
962 1097 1027 1151 ἐμὲ
1045 1095 1284 1151 λωβήσασθε
1299 1099 1420 1140 κακαι
1439 1096 1571 1149 κύνες,

136 1154 309 1203 agnoscit
333 1154 568 1192 vocabulum
595 1149 698 1205 κάκη
726 1155 926 1193 diversum
950 1169 971 1192 a
989 1152 1115 1206 κακή,
1143 1155 1198 1193 sic
1223 1162 1433 1194 annotans:
1467 1153 1571 1207 κάκη

134 1223 211 1261 γαρ
227 1205 279 1249 mi
293 1223 419 1260 μονον
435 1225 463 1261 η
483 1211 624 1258 κακία,
652 1226 749 1250 κατα
769 1226 863 1257 τους
882 1210 972 1261 περὶ
994 1207 1212 1259 Πλάτωνα,
1242 1206 1339 1251 αλλα
1356 1211 1422 1251 καὶ
1439 1227 1466 1262 η
1486 1213 1569 1252 δει-

135 1265 212 1303 λία.
267 1264 437 1316 denique
463 1266 644 1316 antiquus
672 1266 947 1316 grammaticus
976 1273 1115 1304 auctor
1140 1267 1320 1332 opusculi
1342 1267 1405 1305 cui
1427 1268 1570 1306 titulus

136 1325 196 1357 est
226 1315 317 1360 οσαι
353 1320 474 1369 λέξεις
500 1337 600 1372 προς
627 1319 823 1372 διάφορον
853 1334 1105 1384 σημαιιομει
1096 1337 1142 1362 ον
1165 1318 1362 1374 διαφορον
1396 1316 1571 1374 δέχονταί

134 1390 269 1424 τονον,
296 1375 400 1414 inter
427 1377 618 1413 vocabula
648 1390 721 1427 pio
750 1383 934 1415 accentus
962 1378 1030 1415 div
1033 1366 1187 1415 eisitate
1205 1378 1462 1428 significatum
1483 1393 1571 1417 mu-

133 1431 256 1468 tantia
283 1437 459 1468 recenset
487 1428 609 1482 κιὶκη,
639 1432 875 1470 vocabulum
906 1433 1011 1471 aliud
1033 1447 1175 1471 sonans
1196 1447 1311 1484 quam
1331 1431 1448 1485 κακή.
1502 1448 1570 1473 re-

135 1491 214 1524 stat
231 1499 337 1524 nunc
356 1487 604 1525 statuendum
623 1501 738 1538 quam
755 1487 848 1526 huic
865 1489 956 1527 voci
973 1490 1171 1527 notionem
1187 1488 1266 1527 hoc
1282 1490 1371 1528 loco
1389 1490 1571 1529 subiiciat

133 1541 403 1594 Pachymeres.
458 1543 553 1581 alias
570 1543 773 1582 observavi
793 1544 963 1595 pendere
982 1545 1092 1583 illum
1113 1559 1163 1584 ex
1179 1545 1389 1597 Hesychio.
1443 1546 1569 1597 Hesy-
1615 1572 1618 1577 -

134 1596 247 1635 chius
284 1604 435 1648 sutem,
473 1605 521 1636 ut
546 1599 663 1637 modo
692 1600 850 1649 monui,
885 1597 1013 1652 κάκην
1046 1614 1116 1652 per
1145 1602 1357 1653 κακουχίαν
1393 1602 1571 1654 exponit.

132 1653 346 1692 resciamus
379 1660 505 1692 sutem
534 1655 629 1692 licet
656 1668 713 1693 ex
730 1655 865 1694 eodem
892 1656 1089 1708 Hesychio
1116 1671 1214 1725 quae
1244 1658 1293 1695 sit
1314 1657 1448 1725 apud'
1436 1671 1570 1710 ipsum

101 1714 107 1716 '
132 1708 193 1746 vis
232 1708 350 1747 huius
389 1710 584 1750 vocabuli.
639 1712 849 1762 κακουχία,
885 1711 1016 1763 inquit
1041 1713 1127 1761 ille,
1157 1709 1363 1760 α’σθὲνεια,
1394 1708 1568 1762 α’μὲλεια,

132 1758 414 1816 ἆθεραπευσία.
469 1772 528 1803 est
545 1779 635 1816 ergo
657 1766 850 1818 Hesychia
868 1769 1056 1820 κακουχία
1073 1783 1152 1807 ιιοιι
1175 1769 1368 1818 quaelibet
1392 1767 1566 1805 infirmi-

130 1824 215 1868 tas,
243 1820 311 1857 sed
338 1820 518 1859 incmata
539 1829 577 1860 et
597 1823 784 1872 neglecta.
830 1823 926 1873 quid
946 1837 1038 1874 ergo
1058 1824 1125 1862 hic
1141 1825 1215 1862 sibi
1234 1823 1375 1862 volunt
1396 1821 1565 1874 Ephesi-

132 1887 229 1921 nus,
260 1881 298 1911 et
315 1875 528 1925 Cyzicenus
546 1877 741 1929 episcopi,
770 1885 954 1928 negantes
977 1879 1253 1917 declarandum
1272 1891 1350 1916 esse
1370 1877 1563 1915 orthodo-

132 1902 229 1966 xuni
250 1929 478 1979 Giegomum
502 1933 689 1982 Cyprium
713 1933 942 1983 priusquam
964 1934 1157 1972 iudicium
1178 1935 1358 1981 subie1it,
1387 1938 1426 1970 et
1451 1946 1563 1972 secus

132 1984 261 2021 facere
287 1984 456 2022 dicentes
485 1987 568 2023 fore
599 1984 772 2027 ἐπιλυειν
795 2003 870 2038 την
899 1986 1027 2040 κάκην
1044 1990 1190 2026 solvere
1200 1990 1370 2041 plagam
1389 1990 1564 2026 incura-

133 2039 246 2075 tam?
299 2038 396 2088 hoc,
423 2040 583 2091 opinor,
611 2043 774 2079 volunt.
801 2049 882 2080 tam
909 2057 1112 2094 perperam
1127 2045 1168 2081 id
1185 2051 1316 2081 actum
1338 2043 1414 2093 iri,
1443 2058 1562 2095 quam

132 2094 350 2132 inconsulte
369 2095 543 2134 medicus
561 2095 765 2147 chirurgus
785 2098 930 2135 vulnus
950 2100 1069 2136 altum
1089 2099 1264 2137 nondum
1285 2099 1468 2138 coalitum
1491 2106 1562 2139 aut

131 2149 313 2188 cicatrice
331 2150 499 2188 obducta
521 2158 771 2202 pei-sanatum
792 2153 880 2190 solv
884 2160 965 2191 eret
985 2155 1113 2192 fasciis
1136 2161 1176 2192 et
1198 2169 1268 2205 pro
1286 2155 1400 2207 plane
1422 2162 1559 2194 curato

131 2205 341 2244 dimitteret
359 2219 404 2243 ac
419 2212 564 2244 temere
581 2207 752 2245 iactaret.
809 2207 917 2246 hunc
935 2223 1091 2248 sensum
1111 2209 1319 2248 adstruunt
1337 2211 1437 2249 duae
1453 2211 1559 2258 illae,

130 2274 226 2311 quas
256 2261 442 2301 continuo
470 2262 732 2312 sufflungunt,
769 2264 1034 2314 proverbiales
1062 2266 1153 2303 item
1181 2266 1444 2316 locutiones,
1459 2264 1557 2308 αλλα
1581 2270 1611 2305 Ρ
1632 2271 1699 2306 484

128 2313 347 2364 moeonas
373 2315 469 2356 αλλα
498 2315 640 2369 βάζειν.
680 2319 767 2355 alia
786 2321 1028 2357 occultantes
1043 2321 1130 2358 alia
1147 2321 1320 2373 effutire,
1348 2328 1387 2360 et
1406 2322 1560 2364 οἰκονο-

129 2374 300 2422 μοῦντας
325 2369 614 2425 ἆνοικονόμητα
642 2382 870 2412 excusantes
890 2377 1200 2425 inexcusabilia,
1230 2391 1329 2429 quae
1355 2377 1397 2416 in
1425 2392 1560 2431 parem

129 2428 361 2467 sententiam
377 2429 492 2467 facile
513 2433 658 2468 coeunt
677 2443 752 2482 pro
773 2431 1000 2470 conditione
1019 2433 1236 2484 argumenti
1253 2433 1432 2476 subiecti.

237 2512 435 2567 κᾶμπος
462 2516 787 2582 μαινομένου
815 2533 855 2570 Ρ.
878 2518 959 2561 314
979 2533 1018 2558 v.
1036 2523 1078 2561 2.
1138 2521 1266 2573 campi
1283 2521 1463 2561 Latinum
1478 2535 1559 2560 no·-

128 2580 218 2607 men
248 2571 388 2609 Graeci
412 2573 645 2612 recentiores
670 2574 752 2612 suis
777 2574 902 2612 literis
937 2575 1071 2613 eadem
1104 2577 1265 2615 notione
1298 2579 1570 2630 scripserunt.

130 2626 305 2676 exempla
329 2627 396 2664 dat
415 2628 618 2667 Mem-sius.
674 2643 747 2668 nec
773 2630 935 2668 dubium
958 2630 1120 2669 videtur
1141 2633 1236 2683 quin
1257 2632 1324 2671 hio
1348 2633 1397 2671 de
1414 2646 1553 2684 campo

130 2679 297 2728 quodam
315 2687 352 2720 et
374 2683 535 2732 planitie
556 2690 710 2735 agatur,
739 2686 840 2723 forte
859 2687 1052 2724 interiore
1069 2687 1206 2726 ditioni
1226 2690 1421 2726 Romanae
1438 2694 1476 2726 et
1494 2688 1555 2726 di-

128 2737 254 2772 stante
280 2749 303 2772 a
326 2736 476 2788 limite,
501 2753 625 2790 usque
650 2739 693 2778 in
715 2754 829 2791 quam
850 2747 980 2779 tamen
1003 2743 1169 2781 licenter
1188 2743 1431 2787 excurrendo
1458 2743 1563 2782 bar-¹

127 2787 212 2827 bari
230 2769 482 2841 penetrarint’.
538 2794 626 2846 quis
642 2795 803 2849 proprie
819 2795 888 2834 hic
903 2796 1017 2836 locus
1037 2797 1141 2838 inter
1157 2799 1377 2840 Orientales
1396 2797 1562 2852 imperii
