1858 3126
639 153 742 198 LIB.
775 153 829 198 11.
880 152 1092 197 -ΝΟΤΔΕ,
1480 150 1577 198 745

143 263 316 304 divinam
342 270 381 304 et
403 263 615 303 humanam
626 292 640 313 ,
682 263 739 303 sic
770 269 814 302 nt
846 261 967 301 Maria
1003 262 1124 301 solius
1162 262 1355 301 humanae
1390 273 1580 313 personae

141 326 268 360 mater
290 326 412 370 esset,
438 320 545 358 unde
567 320 677 357 illam
696 318 955 357 contendebat
975 318 1256 370 Christiparam
1274 317 1409 357 vocari
1427 317 1578 365 debere,

142 389 225 414 non
244 382 375 415 antem
400 376 620 428 deiparam:
648 388 697 413 ne
717 375 809 425 illis,
840 373 1024 425 inquam,
1054 374 1192 413 iisdem
1217 375 1477 412 Damascenus
1493 386 1583 411 ver-

140 431 202 470 bis
218 438 331 470 utens
353 431 480 470 videri
505 436 639 483 posset
659 431 790 469 minus
809 430 934 468 cautis
960 444 1042 468 nou
1064 430 1158 469 satis
1173 431 1295 469 vitare
1312 430 1583 480 contagionem

140 487 394 527 Nestor-ianae
413 486 534 536 labis,
562 499 643 524 non
672 487 799 524 solum
827 486 876 524 iia
904 485 961 524 uti
978 486 1172 534 noluerit,
1199 487 1268 524 sed
1285 485 1402 524 etiam
1422 499 1579 536 nequa-
1600 490 1629 527 P
1653 488 1720 524 532

141 556 258 594 quam
277 556 319 582 se
336 543 391 582 ita
412 542 522 594 loqui
543 541 688 580 diserte
706 542 757 580 sit
773 542 983 594 professus.
1037 541 1134 580 baec
1157 548 1370 592 utcumque
1387 541 1582 593 plausibi-

139 598 235 638 liter
249 599 485 649 allegentur:
507 611 598 636 vera
616 603 748 636 tamen
773 597 855 635 eius
872 597 967 636 nodi
985 598 1131 636 solutio
1154 605 1234 647 est,
1270 610 1386 649 quam
1416 610 1465 635 ex
1482 598 1581 636 Bes-

134 653 295 694 urtone
312 654 424 705 epist.
443 653 493 692 ad
511 653 706 692 Lascarim
724 653 895 692 afferunt
914 653 1096 692 Petavius
1115 660 1223 692 tomo
1242 657 1270 696 2
1292 653 1427 692 Theol.
1447 653 1581 704 Dogm.

139 708 170 749 l.
189 712 216 751 7
233 723 267 751 c.
289 713 341 752 17
361 723 400 748 ιι.
415 713 456 758 8,
484 715 524 747 et
542 709 709 748 Allatius
728 709 755 750 l.
777 713 805 751 2
823 709 871 748 de
887 709 1073 748 Consens.
1093 709 1353 748 Ecclesiamm
1371 721 1403 748 c.
1423 713 1451 752 2
1470 723 1507 748 ιι.
1518 712 1583 751 10.

138 777 283 817 nempe
298 764 387 804 ideo
406 765 581 804 absolute
600 778 645 802 ac
662 765 746 804 sine
762 765 946 804 adiuncta
965 766 1089 817 patris
1109 765 1306 804 mentione
1325 778 1404 803 esse
1424 766 1466 804 S.
1486 766 1586 816 Spi-

134 822 264 859 ritum
288 822 432 873 exsilio
451 834 533 859 ιιοιι
551 820 698 860 dixisse
717 822 1008 870 Damascenum,
1037 822 1144 873 quod
1161 827 1351 860 metueret
1366 833 1417 859 ne
1436 820 1494 859 sie
1516 820 1581 859 vi-

140 877 299 915 deretur
314 890 522 928 agnoscere
537 876 580 915 in
596 877 679 916 filio
702 875 1045 928 προκαταρκτικήν
1070 877 1219 927 αἰτίαν,
1249 877 1450 929 originale
1459 877 1581 928 prin-

119 964 122 969 .
141 934 294 984 cipium
307 933 491 984 Spiritus,
519 933 627 984 quod
644 947 666 970 a
683 932 863 983 dogmate
879 932 1076 971 catholico
1094 933 1299 978 ιὶιὶιοιιεις
1327 934 1435 971 iuxta
1455 932 1578 984 quod,

139 995 189 1027 nt
214 989 393 1040 superins
422 990 662 1028 ostendimus
689 988 793 1027 notis
818 988 868 1026 ad
900 1003 932 1027 c.
951 992 978 1031 8
1006 993 1085 1030 et9
1105 990 1134 1028 l.
1156 994 1191 1038 1,
1216 989 1271 1028 ita
1288 990 1390 1027 inest
1411 988 1494 1026 filio
1517 988 1578 1026 vis

139 1043 341 1097 spirandi,
369 1044 447 1083 boc
477 1050 536 1083 est
562 1045 806 1096 producendi
835 1046 1022 1084 Sanctum
1054 1046 1268 1097 Spiritum,
1309 1051 1354 1083 ut
1375 1045 1406 1083 is
1423 1045 1533 1082 illam
1554 1058 1577 1081 a

132 1106 254 1166 “patre
270 1100 478 1152 acceperit,
496 1113 578 1138 non
586 1113 634 1138 ex
646 1113 699 1148 se,
716 1107 906 1152 quatenus
925 1115 946 1139 a
967 1107 1078 1152 pane
1104 1102 1315 1140 distinctus
1334 1107 1404 1149 est,
1424 1099 1576 1146 habeat,

139 1156 264 1194 immo
279 1155 412 1195 eedem
429 1155 715 1208 simplicissime
732 1170 809 1194 una
827 1157 931 1209 patri
951 1157 1100 1208 pariter
1120 1158 1215 1196 insit
1233 1171 1278 1195 ac
1293 1156 1390 1202 filio,
1419 1155 1513 1194 huic
1530 1155 1579 1194 ab

139 1211 212 1249 ino
239 1212 538 1261 communicata,
568 1212 626 1250 sic
648 1218 692 1251 ut
708 1212 777 1250 ills
800 1219 990 1263 quatenus
1003 1213 1043 1252 in
1061 1219 1173 1265 patre
1188 1219 1247 1252 est
1265 1208 1581 1265 προκαταρκτική

139 1266 318 1316 dicatur,
347 1269 437 1319 quia
462 1268 570 1305 illam
601 1281 651 1306 ex
673 1281 714 1306 se
742 1267 859 1306 habet
880 1283 902 1306 a
922 1269 1035 1306 nullo
1065 1269 1139 1306 sibi
1159 1269 1237 1307 alio
1259 1269 1467 1316 tributam,
1496 1281 1578 1306 ιιοιι

138 1322 233 1361 item
252 1328 441 1374 quatenus
469 1323 552 1361 filio
580 1324 778 1365 convenit.
834 1323 901 1362 hic
926 1324 1029 1362 enim
1044 1325 1203 1362 aliunde
1220 1323 1371 1372 hausit,
1400 1336 1542 1376 nempe
1558 1337 1582 1360 a

138 1384 251 1431 patre
277 1378 477 1418 tribuente
498 1392 569 1431 per
593 1380 877 1430 generationem
894 1379 970 1431 ipsi
985 1379 1115 1418 omnia
1136 1394 1235 1431 quae
1256 1379 1394 1429 habet,
1425 1385 1581 1431 praeter

139 1447 222 1472 esse
234 1441 414 1486 patrem,
442 1448 489 1473 ac
511 1442 791 1486 consequenter
816 1435 942 1487 ipsam
970 1449 1127 1487 quoque
1149 1437 1266 1474 dante
1282 1436 1325 1474 in
1343 1449 1384 1474 se
1410 1435 1583 1486 origina-

137 1489 233 1528 liter
262 1490 493 1529 existentem
519 1491 775 1543 spirationem
800 1491 993 1539 activam,
1035 1505 1111 1542 qua
1136 1492 1252 1530 simul
1284 1505 1372 1530 cum
1403 1490 1487 1528 filio
1509 1504 1581 1542 per

138 1545 301 1584 modum
329 1546 446 1584 unius
474 1546 660 1599 principii
686 1547 871 1600 spirantis
901 1547 1093 1599 Spiritum
1126 1547 1326 1600 producit.
1382 1559 1473 1597 ergo
1499 1547 1579 1583 Da·-

138 1614 342 1640 mascenus
373 1615 464 1640 cum
490 1603 632 1642 diserte
659 1603 856 1654 professus
882 1603 1017 1642 suisset
1039 1601 1110 1644 τόν
1136 1602 1283 1655 πατέρα
1301 1601 1498 1656 προβολέα
1518 1598 1578 1642 δι’

137 1657 236 1698 vlo&
255 1661 330 1698 τοῦ
347 1656 636 1723 ἕκφανταρικοῦ
650 1656 873 1711 πνεύματος
890 1667 1045 1710 patrem
1058 1659 1336 1710 productorem
1354 1658 1578 1726 perfilium

137 1715 401 1751 enuntiatorii
418 1716 605 1766 spiritus,
632 1720 739 1753 recte
757 1716 951 1754 recusavit
975 1715 1106 1753 dicere
1126 1715 1169 1756 ἐκ
1183 1718 1255 1756 τοῦ
1273 1715 1369 1755 υἱοῦ
1386 1710 1430 1753 τό
1453 1728 1578 1754 πνευ-

139 1784 195 1821 μα
209 1783 255 1806 ex
263 1770 360 1820 filio
379 1772 567 1821 spiritum
586 1784 681 1819 esse,
712 1769 850 1819 ἇπλως
866 1777 905 1809 et
922 1771 1007 1809 sine
1021 1771 1204 1809 adiuncta
1222 1770 1364 1822 patris,
1383 1768 1451 1819 qui
1470 1768 1508 1806 ei
1526 1781 1577 1805 ex

139 1837 183 1862 se
210 1826 424 1875 praebitam
449 1827 528 1863 vim
557 1826 734 1877 spirandi
765 1827 882 1864 simul
919 1840 1010 1864 cum
1047 1840 1092 1864 eo
1121 1832 1321 1872 exerceat,
1366 1823 1575 1863 mentione.

56 1862 90 1896 ζ’
138 1879 294 1917 fallitur
324 1893 414 1930 ergo
442 1880 725 1932 Pachymeres,
762 1882 857 1919 dum
885 1881 961 1919 hoc
984 1882 1074 1919 loco
1094 1882 1148 1919 ait
1163 1882 1239 1919 isto
1267 1880 1494 1917 Damasceni
1510 1885 1574 1917 te·-

139 1933 323 1972 stimonio
350 1936 458 1985 quasi
487 1949 675 1974 mucrone
712 1937 878 1986 quodam
911 1936 1071 1974 confodi
1100 1950 1190 1974 cum
1209 1936 1364 1973 Latinos
1383 1934 1574 1986 Spiritum

139 2002 190 2028 ex
217 1990 301 2027 filio
326 1991 540 2042 procedere
572 1991 764 2039 dicentes,
801 1998 885 2029 tum
919 1992 1088 2029 Graecos
1115 1992 1162 2030 iis
1182 1991 1470 2042 patrocinantes
1496 1990 1572 2028 ad-

139 2046 328 2084 struenda
356 2046 639 2096 aequivalentia
668 2046 1008 2098 praepositionum
1037 2061 1081 2084 ex
1110 2054 1149 2085 et
1164 2059 1262 2098 per.-
1288 2052 1449 2084 neutros
1468 2046 1573 2084 enim

138 2114 184 2140 re
203 2113 296 2139 vera
315 2101 379 2138 vel
401 2101 604 2139 minimum
629 2102 858 2153 perstringit
875 2102 950 2140 ista
977 2105 1116 2154 χρῆσις
1142 2115 1193 2141 ex
1216 2115 1310 2141 vero
1343 2101 1574 2140 Damasceni

138 2169 256 2195 sensu
273 2156 481 2195 declarata.

250 2226 292 2264 p.
318 2212 398 2253 114
418 2225 457 2250 v.
483 2213 549 2253 10.
605 2212 791 2262 perlatus
807 2219 939 2249 tomus
959 2214 1005 2249 in
1029 2226 1175 2250 manus
1199 2213 1316 2252 Vecci
1335 2218 1408 2251 etc.
1463 2218 1573 2251 extat

139 2266 207 2306 hic
229 2268 441 2306 indicatum
464 2266 580 2305 Vecci
600 2281 722 2318 opus,
750 2267 894 2306 editum
912 2273 1018 2305 tomo
1039 2272 1066 2309 2
1087 2268 1332 2307 orthodoxae
1349 2268 1530 2306 Graeciae
1552 2282 1576 2306 a

138 2337 182 2375 p.
206 2325 289 2366 215
309 2323 359 2361 ad
381 2326 485 2372 286,
524 2322 591 2360 ubi
619 2329 757 2361 auctor
786 2323 859 2360 sub
889 2322 1019 2374 ipsum
1042 2325 1280 2376 principium
1307 2330 1467 2376 questus
1486 2324 1575 2376 pri-

139 2391 249 2417 mum
266 2379 376 2417 hunc
397 2378 586 2430 Cyprium
604 2378 653 2416 ad
671 2378 839 2416 schisma
861 2378 1095 2417 Graecorum
1119 2394 1141 2418 a
1154 2381 1347 2419 -trecentis
1363 2380 1443 2418 iam
1460 2379 1574 2418 annis

139 2433 367 2472 inchoatum
396 2434 473 2472 isto
498 2433 619 2486 impio
647 2447 718 2472 suo
738 2440 844 2472 tomo
860 2433 1045 2473 haeresim
1066 2435 1229 2485 addere,
1254 2436 1299 2474 in
1318 2436 1420 2475 tanti
1438 2441 1575 2474 aucto-

139 2502 224 2527 rem
259 2490 354 2528 mali
380 2491 438 2528 sas
463 2496 610 2558 putans
637 2490 718 2528 irae
753 2490 898 2528 liberae
925 2491 1103 2529 aculeum
1127 2505 1307 2542 exerere,
1341 2497 1458 2530 vocat
1484 2504 1574 2528 eum

139 2556 181 2595 p-
200 2547 283 2586 216
311 2543 433 2585 κακὰν
467 2542 722 2591 διαπόντιον,
759 2549 882 2615 θῇρα
910 2544 1144 2598 θαλάττιον,
1190 2563 1341 2618 αγριον
1357 2549 1479 2599 κῆτος
1500 2548 1575 2597 τῆς

139 2595 310 2666 Κυπρου
328 2599 552 2642 ἐπανασταν
571 2606 654 2649 τοῖς
668 2598 770 2642 καθ’
787 2601 894 2669 ’ἡμᾶς
918 2600 1181 2654 ἐνδεδημηκός
1192 2634 1204 2654 ,
1233 2619 1305 2655 ουχ
1320 2603 1388 2643 ἵνα
1409 2600 1573 2671 φυγάδα

138 2650 350 2706 προφήτην
373 2654 611 2708 ὖποδέξηται
633 2657 703 2697 καὶ
735 2658 791 2705 εἰς
820 2653 1040 2709 ὑπηρεσίαν
1063 2663 1166 2699 θεοῦ
1186 2656 1448 2710 διασῶσηται,
1485 2652 1571 2697 ἀλλ’

138 2707 208 2746 ινα
242 2709 451 2761 ἐκκλησίαν
489 2709 586 2764 ολην
622 2728 816 2754 καταπιον
853 2728 1032 2778 αφαντον
1075 2711 1352 2768 απεργᾶσηται.
1415 2714 1570 2751 malum

135 2770 259 2813 ponto
290 2764 562 2819 deportatum,
587 2769 728 2818 feram
767 2772 988 2818 marinam,
1032 2771 1242 2810 humatum
1272 2777 1400 2808 cetum
1437 2769 1565 2821 Cypro
