1858 3126
567 172 670 217 un
695 164 1168 220 1.‘GLOSSAR1UM.
1487 169 1585 218 659

152 282 302 321 sionem
327 287 465 321 nactus
488 280 631 320 bonam
658 295 681 320 a
705 281 942 349 coquinariis
965 280 1193 348 imperatori
1215 279 1446 320 exhibendis
1467 279 1586 320 obse-

152 337 257 390 quiis
269 337 330 375 sie
341 333 617 390 ἆμαγείρευτος
634 344 812 387 vocetur,
839 343 886 376 ut
907 331 1166 390 ἆστριίτευτος
1187 337 1332 377 dieitur
1352 338 1420 388 qui
1441 335 1585 376 bonam

151 406 175 431 a
189 393 331 431 militia
345 393 566 431 missionem
585 393 761 433 emeruit.

260 443 599 512 Ἀμογιὶβαροι
626 462 666 500 p.
681 451 765 491 393
787 460 827 489 v,
848 450 887 489 9.
942 446 1038 485 haee
1056 446 1181 499 prima
1207 446 1315 498 quod
1332 446 1586 497 meminerim,

151 503 197 542 iu
214 502 289 541 hae
304 503 465 543 historia
482 505 628 542 mentio
644 502 1049 554 estAmogabarorum‚
1066 516 1162 554 quos
1176 503 1269 540 alibi
1287 509 1430 552 noster,
1446 516 1586 554 nempe
1606 513 1634 547 Ρ
1655 513 1718 555 451

151 572 193 610 p.
210 559 293 600 416
314 571 354 599 v.
373 561 423 608 3,
447 559 506 597 sic
534 560 659 597 dictos
684 565 796 611 putat
819 558 926 608 quod
948 558 1135 608 originem
1163 558 1363 596 traherent
1379 572 1428 597 ex
1447 559 1586 598 Avaris

150 614 235 652 sive
249 614 454 662 Avaribus,
482 615 707 654 Borealibus
726 614 910 653 videlicet
935 613 1046 651 Asiae
1065 614 1223 666 populis
1249 613 1353 652 circa
1370 615 1587 653 Caucasum

152 669 262 707 sedes
278 668 523 708 habentibus.
579 670 646 708 sed
673 683 717 708 ea
732 669 908 708 historici
927 669 1100 721 suspicio
1127 675 1187 707 est
1214 669 1332 720 plane
1349 669 1587 708 inverisimi-

140 724 224 763 -lis·
262 724 356 775 quid
389 726 492 763 enim
526 725 721 764 Avaribus
750 724 1003 764 Hamaxobiis
1034 738 1083 763 ex
1107 724 1296 775 Scythico
1330 737 1469 774 genere
1495 738 1587 764 cum

141 778 259 818 -hisce
289 780 481 818 Gatelanis
511 794 591 819 esse
619 794 821 819 commune
849 780 981 831 potuit
1013 793 1063 818 ex
1093 780 1227 818 Sicilia
1260 780 1467 832 profectis,
1506 794 1584 831 quo

149 835 264 887 prius
293 848 342 874 ex
379 836 564 888 Hispania
600 836 860 874 transierant?
900 835 1149 887 plausibilius
1176 835 1219 874 hi
1247 849 1394 874 nomen
1428 836 1587 875 duxisse

151 890 278 928 videri
307 897 492 943 poterant
521 906 543 929 a
574 891 843 944 promontorio
873 891 1175 929 Tarraconensis
1200 891 1430 955 Hispaniae,
1478 891 1587 942 quod

143 946 393 985 Ptolemaeus
406 945 571 1000 Αῧαρον
584 947 774 986 Auarum
791 953 975 986 vocatum
995 947 1145 987 scribit.
1200 947 1355 998 reperio
1378 946 1485 998 apud
1502 947 1587 984 Ma-

149 1001 314 1052 rianam,
340 1002 369 1040 l.
390 1005 443 1045 12
462 1016 496 1043 c.
520 1006 572 1045 17
588 1003 637 1041 de
654 1003 768 1042 rebus
784 1002 1006 1054 Hispaniae,
1035 1003 1328 1054 Almogaraves
1341 1002 1427 1040 illic
1443 1003 1587 1054 appel-

150 1057 254 1095 latos
269 1063 472 1096 veteranos
489 1058 633 1097 milites
650 1072 672 1096 e
687 1066 800 1109 gente
814 1058 999 1097 Maurice.
1054 1058 1197 1096 horum
1216 1059 1362 1096 multos
1389 1058 1586 1096 admixtos

152 1113 343 1152 Catelanis
374 1113 545 1152 subsidio
571 1115 708 1152 missos
742 1115 943 1153 Friderico
980 1114 1127 1152 bellum
1158 1113 1200 1151 in
1225 1113 1359 1151 Sicilia
1384 1113 1533 1164 gerenti
1562 1126 1585 1151 a

150 1169 272 1207 fian-e
290 1168 415 1220 ipsius
428 1182 517 1220 rege
537 1169 751 1220 Aragoniae
767 1169 951 1218 arbitror,
979 1176 1018 1207 et
1036 1169 1108 1208 hos
1125 1169 1230 1206 bello
1251 1169 1383 1207 Siculo
1402 1182 1500 1220 pace
1519 1169 1587 1206 fa-

153 1229 216 1261 eta
238 1224 448 1263 terminato
462 1253 474 1270 .
505 1225 605 1264 duce
627 1225 792 1276 Rogerio
815 1225 1065 1264 Brundusino
1078 1254 1091 1274 ‚
1118 1238 1234 1275 quem
1257 1230 1392 1262 noster
1411 1225 1584 1262 Rontze-

150 1278 255 1317 rium
275 1285 412 1328 vocat,
443 1281 820 1332 Constantinopolim
841 1280 1005 1319 venisse.
1059 1280 1194 1330 itaque
1216 1280 1303 1331 pari
1327 1279 1488 1318 licentia
1506 1292 1584 1330 qua

151 1333 392 1373 Fridericum
406 1335 449 1372 ιιι
470 1335 804 1385 Theuderichum,
833 1336 1039 1386 Rogerium
1063 1336 1104 1373 ιιι
1126 1335 1403 1384 Routzerium,
1431 1334 1586 1386 Pachy-

150 1401 278 1428 meres
306 1390 519 1439 deformat,
547 1391 663 1429 etiam
690 1392 734 1429 in
760 1391 1035 1443 Amogabaris
1055 1391 1300 1439 balbutierit,
1328 1390 1388 1428 sie
1414 1403 1479 1428 eos
1507 1403 1584 1442 pro

151 1444 442 1496 Almogaravis
466 1446 685 1487 nominans.
750 1446 867 1485 habet
900 1460 946 1484 ea
981 1459 1063 1485 vox
1091 1446 1199 1484 haud
1232 1422 1394 1484 dubium
1429 1446 1586 1496 liuguae

150 1500 341 1539 Arabicae
356 1501 499 1539 Mauris
516 1502 716 1541 familiaris
735 1502 1009 1540 characterem.
1064 1502 1196 1553 itaque
1210 1502 1352 1554 placet,
1383 1513 1499 1552 quam
1519 1500 1586 1539 vir

150 1556 399 1608 pereruditus
414 1556 588 1609 mihique
611 1557 864 1596 amicissimus
884 1556 1108 1595 Dominicus
1124 1557 1295 1607 Magi-ius
1316 1570 1337 1594 e
1360 1556 1480 1608 patrii
1498 1555 1585 1595 Me-

150 1610 303 1650 litensis
316 1612 514 1650 idiomatis
532 1627 607 1651 usu
622 1620 661 1651 et
682 1613 892 1663 domestica
908 1613 1048 1651 notitia
1066 1613 1256 1664 suggerit,
1284 1612 1490 1662 originatio
1506 1624 1584 1649 vo-

153 1667 212 1705 cis
233 1665 366 1708 huius.
421 1668 476 1706 ait
494 1668 530 1707 is
546 1669 754 1708 Africanos
768 1669 974 1720 Alglzarbi
987 1669 1142 1707 Melitae
1159 1669 1307 1716 vocari,
1338 1667 1443 1718 quod
1462 1679 1588 1705 voca-

151 1721 292 1761 bulum
310 1722 582 1762 occidentales
600 1731 725 1773 sonat,
742 1725 925 1776 quoniam
942 1725 989 1762 ab
1009 1725 1160 1762 Occasu
1179 1724 1310 1762 Melita
1330 1723 1503 1760 Africam
1518 1733 1586 1760 re-

153 1777 284 1828 spicit.
336 1779 526 1818 inseritur
542 1786 671 1819 autem
692 1783 797 1819 inter
821 1781 987 1832 primam
1009 1786 1048 1818 et
1072 1780 1281 1818 secundam
1302 1777 1490 1829 syllabam
1507 1789 1587 1815 vo·

154 1832 496 1884 cabuliAlgharbi
512 1836 707 1887 particula
726 1850 790 1874 mo
805 1836 949 1874 latinae
966 1835 1244 1887 praepositioni
1263 1847 1308 1870 ex
1326 1829 1582 1882 aequivalens,

155 1887 306 1938 quoties
319 1889 519 1938 designare
537 1905 638 1943 opus
657 1897 714 1930 est
732 1892 898 1942 aliquem
919 1905 967 1928 ex
976 1891 1107 1928 Africa
1126 1890 1210 1928 sive
1230 1889 1307 1926 alia
1324 1887 1483 1937 regione
1500 1887 1585 1924 Oc-

157 1941 275 1980 cidua
299 1943 541 1993 profectum·
579 1946 669 1983 talis
693 1946 796 1984 enim
820 1947 904 1983 illic
933 1945 1199 1996 Almoglzarbi
1226 1943 1390 1990 dicitur,
1419 1941 1497 1979 hoc
1526 1947 1586 1980 est

156 1998 230 2048 qui
260 2010 304 2034 ex
327 1997 475 2047 Africa
501 2000 584 2037 sive
605 1999 781 2038 occiduo
801 2008 935 2037 tractu.
955 2001 1116 2040 venerit.
1172 2011 1245 2036 nec
1274 2004 1333 2035 est
1356 1997 1585 2036 incredibile

154 2065 208 2090 ex
239 2058 368 2102 etymo
396 2053 584 2092 eiusmodi
612 2055 655 2092 in
675 2055 861 2106 Hispania
886 2068 1039 2105 quoque
1064 2067 1208 2091 nomen
1233 2053 1338 2091 istud
1355 2053 1583 2091 inolevisse:

153 2120 245 2145 nam
266 2107 423 2146 Mauros
440 2122 571 2147 omnes
590 2116 740 2148 certum
758 2117 815 2148 est
834 2123 883 2148 ex
900 2110 1033 2147 Africa
1054 2109 1255 2147 traiecisse
1272 2109 1311 2146 iu
1329 2109 1514 2155 iberiam,
1542 2114 1584 2146 et

154 2175 207 2202 ex
233 2162 349 2200 huius
382 2163 568 2202 occiduis
597 2165 776 2216 partibus
811 2164 854 2202 in
884 2171 1051 2202 caeteras
1078 2164 1318 2202 dominatum
1349 2164 1583 2213 extendisse,

153 2218 261 2256 unde
276 2217 395 2256 isthic
412 2232 566 2270 quoque
579 2227 684 2258 recte
701 2219 964 2272 Almoglzarbi
983 2219 1057 2257 dici
1074 2220 1282 2271 potuerint,
1309 2225 1378 2256 aut
1392 2219 1583 2257 vocabulo

153 2273 200 2311 in
229 2274 460 2325 popularem
485 2288 626 2313 sonum
658 2275 812 2313 detorto
843 2274 1113 2325 Almogabari
1140 2288 1208 2313 seu
1222 2303 1233 2323 ,
1273 2281 1389 2325 prout
1413 2275 1584 2313 Mariana

155 2328 306 2378 scribit,
332 2330 637 2382 Almogaraves,
657 2331 781 2369 Mauri
800 2331 942 2368 milites
959 2343 1007 2368 ex
1025 2329 1158 2368 Africa
1180 2336 1219 2368 et
1244 2330 1428 2368 occiduis
1442 2330 1585 2368 tracti-

155 2383 231 2422 bus
256 2386 468 2426 venientes.
544 2392 749 2438 postquam
778 2385 875 2424 haee
908 2385 1161 2437 scripseram,
1197 2385 1279 2423 vidi
1314 2398 1412 2436 quae
1443 2386 1584 2424 Petrus

157 2438 490 2479 d'Outremannus
513 2448 658 2492 noster,
685 2442 727 2480 in
745 2442 847 2480 notis
865 2441 915 2479 ad
936 2454 969 2480 c.
988 2444 1013 2482 3
1033 2440 1127 2479 libri
1144 2441 1204 2478 sui
1223 2441 1271 2479 de
1285 2440 1438 2479 excidio
1458 2442 1584 2479 Grae-

157 2506 312 2543 corum,
343 2496 446 2534 circa
472 2509 607 2536 vocem
624 2497 875 2549 Amogaban'
896 2496 1030 2535 tradit.
1086 2509 1129 2533 ea
1155 2496 1255 2534 nihil
1285 2496 1515 2534 mutandum
1539 2496 1583 2533 in

156 2547 208 2586 iis
233 2563 331 2599 quae
357 2565 474 2603 supra
499 2554 615 2605 posui
640 2555 814 2594 suadent
870 2550 1124 2590 indicandum
1146 2557 1276 2590 tamen
1295 2552 1427 2590 locum
1446 2549 1583 2603 putavi

157 2604 333 2643 studioso
350 2607 503 2656 lectori,
532 2615 578 2647 ut
599 2622 666 2658 eo,
695 2609 728 2646 si
745 2609 822 2660 ipsi
841 2608 1064 2656 videbitur,
1094 2606 1239 2657 adito,
1249 2608 1366 2659 eligat
1385 2620 1435 2645 ex
1454 2604 1585 2643 omni-

157 2656 230 2696 bus
247 2672 322 2710 pro
340 2662 501 2701 arbitrio
519 2677 618 2714 quae
632 2639 750 2714 niagis
767 2663 1003 2731 probaverit.

269 2711 590 2770 ἆμφιδρόμια
614 2734 655 2772 p·
682 2723 765 2762 282
790 2732 830 2759 v·
853 2720 892 2761 5.
948 2714 1039 2759 οὐδὲ
1064 2714 1140 2770 yolo
1165 2715 1272 2766 εἰκός
1291 2737 1348 2748 -—
1373 2715 1442 2756 καὶ
1474 2710 1587 2755 ευλο·

157 2771 255 2820 γεΐν.
307 2772 590 2822 perobscurum
620 2775 668 2813 de
692 2787 801 2814 more
828 2775 999 2814 auctoris
1025 2772 1134 2812 hunc
1158 2773 1311 2824 locum,
1351 2772 1419 2822 qui
1440 2771 1587 2810 Graeca
