1858 3126
313 129 388 172 DE
419 127 743 171 ANDRONIGO
778 123 1142 168 PALAEOLOGO
1177 124 1223 166 L.
1258 121 1352 166 vll.
1452 120 1551 167 617

116 239 168 298 ἦν
193 241 380 298 ἄντικρυς
408 241 457 284 τὸ
490 243 564 283 τοῦ
586 235 801 294 Διοδώρου
819 233 995 293 πατρός,
1030 236 1077 279 τὸ
1099 241 1323 279 κακοποιεῖν
1342 234 1453 285 τινὰς
1469 238 1550 288 βα-

116 310 248 362 θέώς,
286 309 383 352 ὅταν
401 308 599 361 δικαίωμα
620 311 734 349 θεῖον
750 306 932 360 μίξωσιν.
973 304 1077 346 ἀλλὰ
1095 303 1172 359 γὰρ
1190 300 1422 359 παράδοξόν
1442 304 1550 346 ἐστιν
1573 310 1602 345 1²
1624 307 1692 344 430

118 378 193 422 onix
215 380 249 421 εἰ
267 377 402 433 γέγονέ
417 393 456 418 τι
478 379 552 429 τῆς
569 375 787 428 συνηθείας
802 372 903 423 ἔξω,
937 370 1032 414 ἀλλ’
1067 373 1101 414 εἰ
1125 372 1183 426 μὴ
1212 376 1293 414 πᾶν
1322 371 1405 414 ἐστὶ
1422 369 1469 414 τὸ
1487 387 1551 426 γι-

117 443 309 501 γνόμενον
329 446 370 486 ἐν
387 443 516 486 ἐλπίσι
534 443 626 497 πρὶν
646 441 672 495 ἢ
696 442 762 483 καὶ
777 439 978 495 γενέσθαι.
1045 437 1072 492 ἦ
1089 439 1163 492 μέν
1185 434 1258 481 οὗν
1273 441 1361 495 περὶ
1381 438 1452 480 τὸν
1468 455 1551 480 πα-

86 516 390 569 5τριαρχοῧντα
405 515 480 554 τοῦ
497 509 695 563 βασιλέως
712 506 851 558 αἰδώς,
883 508 950 549 καὶ
968 505 1016 548 τὸ
1030 506 1330 561 συγκεχωρηκὸς
1351 505 1419 563 ἐφ’
1440 504 1549 548 ἅπα-

116 597 181 624 σιν
214 581 259 622 ἐκ
286 578 564 634 πληροφορίας
593 575 680 619 οὔτι
708 579 879 630 μικρᾶς,
922 572 978 623 ὥς
1009 571 1134 616 ἐδόκει
1142 606 1157 625 ,
1203 572 1259 623 ὥς
1288 575 1355 616 καὶ
1384 577 1550 623 στολαῖς

115 644 302 703 ἇγάλλειν
329 652 418 695 ταῖς
445 641 749 699 λαμπροτάταις
776 639 938 695 συνάμα
964 642 1162 690 πλείστοις
1182 648 1267 690 τοῖς
1285 643 1341 690 εἷς
1360 641 1431 684 τὸν
1451 641 1550 684 ναὸν

115 711 379 769 ἅναθήμασιν
389 744 403 765 ,
439 713 480 761 ἔς
508 710 571 754 ὅτι
587 711 774 765 πλείστης
791 712 1005 765 φιλο-θείας
1020 707 1121 752 εἶναι
1140 713 1272 751 ταῦτα
1292 710 1357 751 καὶ
1375 713 1545 765 φιλοκα-
1566 717 1595 752 Β

49 794 54 806 “
116 782 207 831 λίας
233 785 306 824 τοῦ
331 779 529 834 βασιλέως
556 776 842 829 πιστεύεσθαι,
877 779 943 819 καὶ
970 774 1185 819 ὑπακούειν
1211 775 1380 830 ἑτοίμως
1405 777 1445 826 ἐς
1466 774 1489 818 ὅ
1508 793 1548 818 τι

66 858 109 892 10
119 849 170 903 δὴ
196 851 262 892 καὶ
286 845 563 902 διαμηνῦσειε,
600 848 667 890 καὶ
695 845 877 888 ἀπαντᾶν
910 842 1098 898 συχνάκις
1118 846 1160 887 ἓν
1182 842 1340 899 ἑορταῖς
1357 842 1549 894 ἔξάλλους

118 918 185 959 καὶ
203 913 531 963 πολυταλάντους
546 914 620 963 τὰς
633 914 782 961 στολὰς
801 914 999 968 φέροντα,
1035 912 1193 968 ἠρεμεῖν
1210 913 1357 954 ἐκεῖνον
1374 911 1448 954 οὐκ
1468 911 1544 963 εἴα,

117 983 212 1026 ἀλλ’
241 981 437 1038 ὁσημέραι
459 980 698 1036 ὑπανοιγνὺς
722 978 959 1034 δικαστήρια
984 980 1059 1029 τὰς
1083 981 1229 1035 κρίσεις
1263 979 1448 1034 ηὗθέτει,
1491 977 1548 1027 ὦς

117 1053 186 1094 καὶ
215 1048 366 1100 τόπους
397 1049 591 1106 ἀρχαίους
615 1046 898 1103 μεταλλάττειν
925 1047 1030 1090 κατὰ
1047 1048 1093 1090 τὸ
1114 1045 1238 1098 δόξαν
1257 1047 1465 1104 συμφέρον
1481 1048 1550 1089 καὶ

118 1156 260 1192 Diodori
280 1157 389 1202 patris
412 1156 539 1201 antiqui
561 1155 696 1199 dictum,
718 1155 877 1201 quosdam
900 1157 972 1188 tum
994 1154 1166 1188 exitiosius
1188 1165 1321 1195 nocere,
1345 1165 1419 1187 cum
1441 1153 1547 1188 anim-

117 1202 307 1237 adversioni
350 1213 431 1236 suae
472 1202 657 1236 divinarum
706 1200 974 1235 iustificationum
1021 1200 1252 1243 allegationem
1297 1199 1547 1233 immiscuerint.

118 1252 287 1282 aeterum
307 1247 457 1282 mirabile
479 1252 532 1280 est
554 1259 619 1281 non
640 1247 770 1292 quidem
788 1247 820 1279 in
840 1247 903 1280 hoc
924 1245 1055 1279 homine
1077 1245 1160 1278 nihil
1181 1245 1379 1289 apparuisse
1400 1245 1548 1278 secundo

117 1292 348 1337 patriarchatu
378 1304 399 1327 a
430 1292 553 1338 prioris
585 1292 770 1325 acerbitate
802 1291 989 1330 diversum,
1023 1290 1083 1324 sed
1105 1290 1147 1323 ab
1170 1290 1212 1324 iis
1234 1291 1293 1335 qui
1318 1301 1432 1323 rursus
1455 1290 1548 1323 illum

117 1337 219 1371 ulem
241 1338 372 1382 experti
396 1342 652 1382 promoverunt,
683 1349 747 1370 non
768 1336 871 1370 fuisse
893 1336 1080 1380 provisum,
1113 1339 1147 1368 et
1173 1335 1259 1369 citra
1286 1335 1384 1369 ullam
1415 1335 1549 1368 dubita-

117 1382 244 1416 tionem
275 1383 467 1427 priusquam
497 1382 662 1416 evenisset
684 1387 915 1425 expectatum,
950 1381 1203 1425 haudquaquam
1224 1380 1312 1413 illum
1337 1381 1380 1414 ab
1401 1391 1463 1414 usu
1486 1391 1547 1413 na-

118 1433 196 1461 tura
219 1431 254 1461 et
274 1428 510 1461 cousuetudine
531 1427 646 1460 inolito
670 1427 882 1462 deflexurum.
928 1426 963 1459 in
986 1426 1048 1459 hoc
1071 1432 1182 1459 autem
1206 1437 1293 1459 nunc
1313 1425 1419 1470 ipsum
1443 1425 1550 1468 magis

118 1472 290 1517 magisque
319 1473 536 1506 confirmabat
564 1472 736 1516 insigniter
768 1472 912 1505 eminens
935 1475 970 1504 et
993 1471 1159 1505 continuis
1179 1482 1216 1504 se
1238 1470 1473 1504 observantiae
1493 1470 1549 1504 fa-

120 1517 277 1563 vorisque
300 1517 545 1563 propensissimi
566 1518 712 1561 quotidie
733 1517 903 1550 liberalius
919 1516 1062 1550 efferens
1083 1516 1273 1560 obsequium
1294 1521 1480 1560 promptum
1504 1514 1548 1549 ad

119 1563 230 1597 omnia
250 1563 488 1607 veneratioque
509 1563 743 1596 demississima
763 1562 986 1607 imperatoris.
1029 1562 1085 1595 hic
1107 1562 1193 1595 enim
1216 1563 1285 1595 alta
1306 1562 1451 1605 quadam
1475 1561 1550 1594 eius

120 1608 185 1642 viri
206 1608 396 1642 meritorum
417 1608 578 1661 virtutum
592 1609 795 1662 ‘gratiaeque
817 1607 906 1652 apud
927 1607 1023 1660 deum
1041 1607 1179 1640 intimae
1193 1606 1437 1659 existimatione
1450 1617 1551 1651 prae—

117 1652 1438 1742 ffiffssffifflsssszzssss’zp‘sssffzssizz15¹{?22„‡22?i{m0?353335““2221ss
1456 1651 1550 1729 33¹2

117 1742 260 1777 subinde
290 1744 526 1777 munerabatur
556 1744 650 1777 stolis
680 1742 952 1789 splendidissimis
986 1742 1218 1786 pretiosissimi
1239 1746 1372 1780 textus;
1404 1740 1550 1774 addebat

100 1807 101 1810 =
119 1798 187 1822 una
207 1788 350 1832 plurima
372 1789 509 1822 donaria
531 1789 663 1829 votiva,
685 1801 772 1833 quae
794 1789 916 1821 circum
939 1799 1016 1820 aras
1039 1788 1318 1831 appenderentur,
1341 1790 1551 1819 monumenta

118 1831 156 1865 in
176 1833 299 1876 templo
321 1834 499 1876 conspicua
520 1834 705 1867 devotionis
729 1834 853 1877 pariter
880 1838 915 1865 et
937 1833 1201 1876 magnificentiae
1223 1830 1376 1865 donantis
1397 1830 1550 1871 eximiae,

121 1876 304 1921 eodemque
332 1878 434 1910 veluti
462 1879 598 1921 pignora
630 1879 843 1922 patriarchae
874 1880 986 1910 {utura
1019 1877 1249 1921 paratissimae
1279 1875 1343 1908 sibi
1374 1875 1417 1908 ad
1450 1881 1550 1908 nutus

120 1931 259 2000 32⁶3ss
285 1921 684 2000 qffffleffbss‘xfflffla
692 1923 919 2001 ttiss‘ffifi
940 1920 1551 2000 QZffessssaiffissiffinAffisseZiS

120 2010 252 2055 quoties
280 2021 301 2044 a
316 2010 521 2055 ,patriarcha
543 2018 718 2045 vocaretur
739 2012 781 2045 ad
803 2011 969 2056 quaslibet
997 2012 1184 2044 functiones
1212 2020 1339 2044 sacras.v
1383 2010 1473 2054 quod
1493 2011 1550 2044 fa-

121 2055 266 2090 ctitabat
295 2055 491 2099 praesertim
519 2055 556 2088 in
585 2057 701 2098 festis,
733 2068 806 2090 cum
834 2067 914 2089 cura
945 2055 1104 2099 peculiari
1135 2055 1314 2088 honorandi
1340 2055 1548 2098 hvitantmn,

120 2100 310 2134 accedendo
341 2100 383 2133 ad
415 2111 488 2133 eum
511 2100 546 2133 in
569 2101 694 2134 vestitu
714 2112 755 2134 ac
777 2102 868 2134 cultu
889 2099 1140 2143 exquisitissimi
1165 2099 1361 2143 splendoris.
1405 2112 1448 2134 ex
1470 2100 1549 2145 qui-

122 2146 186 2180 bus
206 2145 308 2189 signis
330 2145 437 2189 palam
459 2146 694 2179 demonstratis
715 2157 787 2178 cum
810 2157 873 2178 non
897 2146 1001 2189 magis
1022 2145 1094 2188 ipse
1114 2144 1308 2188 patriarcha
1321 2155 1420 2190 quam
1434 2156 1548 2180 omues

121 2191 229 2224 omnis
261 2190 392 2234 generis
422 2190 569 2224 homines
599 2191 762 2223 sentirent
789 2189 1044 2224 addictissimum
1075 2192 1110 2222 et
1131 2200 1206 2223 esse
1226 2193 1262 2222 et
1281 2189 1547 2224 irrevocabiliter

119 2236 268 2269 futurum
291 2235 509 2268 Andronicum
532 2235 732 2277 Athanasio,
754 2235 831 2268 inde
852 2235 1134 2280 consequebatur,
1157 2239 1195 2267 ut
1215 2234 1291 2268 hinc
1311 2235 1446 2280 quidem
1466 2235 1546 2269 nni-

120 2280 212 2313 versi
233 2280 364 2314 ordines
386 2281 446 2313 sub
470 2280 679 2324 patriarchae
702 2280 875 2323 tyrannide
889 2284 1059 2323 gementes
1079 2279 1122 2312 de
1143 2279 1222 2313 mali
1237 2279 1333 2313 huius
1345 2281 1544 2321 levamento,

121 2325 211 2369 qnod
232 2325 363 2358 aliunde
384 2336 481 2369 qnam
502 2326 545 2359 ab
567 2324 711 2369 Augusti
734 2328 901 2369 potestate
922 2325 1076 2370 nequiret
1095 2324 1287 2368 expectari,
1312 2325 1543 2371 desperarent,

122 2369 198 2414 ipse
225 2375 337 2403 antem
369 2370 559 2414 patriarcha
589 2370 793 2414 experientia
814 2370 863 2403 sui
886 2370 974 2414 pleni
995 2370 1028 2403 in
1051 2368 1210 2414 principis
1241 2370 1382 2404 animum
1410 2371 1545 2405 dominii

122 2425 190 2448 non
210 2425 326 2458 parum
346 2415 383 2448 in
405 2415 476 2448 dies
497 2415 659 2460 quidlibet
679 2415 862 2448 attentandi
884 2414 1154 2459 imperiosiusque
1174 2425 1215 2447 ac
1225 2413 1462 2450 inexorabilius
1482 2427 1546 2460 op-

121 2459 288 2502 primendi
318 2460 484 2503 quoslibet
511 2462 616 2494 seram
643 2459 810 2493 licentiam
840 2465 989 2503 augeret.
1033 2459 1146 2504 itaque
1173 2459 1260 2493 haud
1282 2471 1424 2505 unquam
1447 2462 1543 2494 suro-

122 2513 192 2536 rem
215 2504 384 2538 remittens
405 2505 562 2538 horribile
582 2505 728 2550 quotidie
756 2505 902 2539 tribunal
924 2504 1116 2549 aperiebat,
1149 2504 1278 2539 miseris
1298 2506 1440 2540 citandis
1459 2516 1544 2550 quos

122 2546 194 2581 sine
214 2548 441 2583 misericordia
462 2550 641 2585 damnaret.
684 2550 720 2584 in
742 2561 808 2595 quo
830 2550 923 2595 pensi
944 2549 1024 2583 nihil
1044 2549 1209 2591 habebat,
1239 2555 1331 2584 esset
1349 2550 1439 2596 quod
1462 2561 1544 2593 age-

125 2591 186 2625 bat
212 2603 314 2626 necne
343 2605 365 2627 a
391 2596 517 2638 regulis
547 2595 690 2640 antiquis
710 2600 747 2629 et
768 2597 873 2628 forma
895 2594 1053 2628 canoniea
1074 2594 1327 2629 dissentaneum.
1374 2594 1544 2628 confiden-

124 2635 254 2670 tissime
273 2638 397 2682 quippe
419 2650 480 2683 pro
499 2641 667 2674 arbitratu
692 2641 873 2674 innovabat
892 2640 1151 2684 immutabatqne
1171 2645 1312 2681 uincta,
1334 2643 1436 2685 prout
1454 2639 1545 2673 indi-

126 2681 228 2714 cabat
245 2684 523 2718 accommodatum
545 2685 608 2726 ad,
641 2696 739 2730 quam
760 2685 969 2719 informatam
992 2684 1112 2718 dudum
1134 2685 1243 2719 animo
1264 2685 1429 2719 mordicus
1449 2687 1544 2718 tenc-

127 2725 209 2767 bat,
237 2726 408 2771 refigionis
429 2732 464 2764 et
483 2729 731 2765 ecclesiasticae
759 2730 953 2775 disciplinae
975 2739 1111 2775 prorsus
1131 2741 1295 2765 mormem
1315 2729 1437 2764 ideam.
1479 2729 1547 2774 igi-
