1858 3126
289 138 388 184 560
705 138 938 182 GEORGII
971 140 1318 188 PACHYMERIS

290 252 380 308 ρΙαν
410 253 646 307 προΐσχετο,
679 253 839 307 τιμίους
866 253 910 296 δ’
941 253 1094 309 ἄνδρας
1121 256 1187 297 καὶ
1218 257 1358 306 αἰδοῦς
1385 257 1561 309 ἐπιεικῶς
1590 258 1728 311 ἀξίους

289 319 390 374 παρ’
415 319 532 362 οὐδὲν
553 318 669 374 ἔχων,
702 323 829 376 μηδὲν
853 323 1013 373 ἐκείνοις
1037 325 1138 377 ζωῆς
1157 329 1357 379 προνοῶν,
1393 324 1498 368 ἀλλὰ
1514 329 1580 369 καὶ
1598 327 1726 370 ἄναλ-

285 385 417 444 γήτως
435 386 489 438 ὥς
508 388 600 443 ἐνῆν
617 387 945 446 προσφερόμενος
962 392 1005 433 ἐκ
1022 396 1165 447 πικροῦ
1185 396 1251 434 καὶ
1269 392 1435 442 ἀτενοῦς
1448 393 1594 447 ἤθους,
1612 413 1725 439 πτω-

283 453 411 510 χεύειν
433 457 555 498 ἐποίει
567 489 580 508 ,
620 456 652 499 ὦ
673 463 889 514 συμφορᾶς
910 459 984 513 οὔχ
1002 461 1090 509 οἳάς
1109 459 1151 502 τ’
1173 461 1336 514 ἐνεγκεῖν
1355 461 1583 516 ἐλευθέροις
1603 461 1721 519 ὅλως,

286 522 518 578 πανταχόθι
538 529 610 579 τῆς
630 523 794 575 πόλεως.
865 531 922 585 τῷ
940 527 1017 582 γὰρ
1039 527 1134 582 ἤθει
1155 532 1283 586 πικρῷ
1297 545 1339 584 γε
1359 527 1443 571 ὄντα
1463 527 1485 572 ὅ
1502 533 1584 572 τῶν
1600 527 1758 576 daces

234 601 266 637 D
290 591 574 646 ’ξυμπεσόντων
596 593 699 635 κατὰ
717 592 880 649 μνήμην
900 598 1107 645 συντακεὶς
1123 593 1240 646 κότος
1257 596 1393 650 κοινὴν
1405 596 1584 651 Ἐριννῦν
1611 597 1726 641 ἅντι-

287 677 385 716 κρυς
409 662 531 703 ἐποίει
561 661 631 703 τὸν
660 661 907 716 ἄνθρωπον,
942 663 1046 717 μηδ’
1072 663 1200 706 αὐτοῦ
1214 664 1414 716 βασιλέως
1430 664 1534 715 ὅλως
1551 665 1727 720 δυναμέ-

283 746 358 772 νου
385 727 650 783 μεταβάλλειν
678 729 724 771 τὸ
754 725 881 783 ἦθος,
922 731 962 773 εἶ’
987 729 1065 773 πού
1090 749 1130 787 γε
1156 734 1222 774 καὶ
1239 734 1462 784 οἶκτίζοιτο.
1529 732 1726 789 ὁσημέραι

283 797 361 853 γὰρ
382 797 602 852 ἀναφοριῦν
619 797 720 852 πρὸς
740 797 865 840 αὐτὸν
883 799 1123 854 γιγνομένων
1145 799 1264 842 οὐδὲν
1284 802 1331 843 τὸ
1355 799 1548 857 παράπαν
1563 800 1722 857 'inicui-

284 867 350 908 καὶ
374 863 429 915 ὥς
447 866 551 915 εῗκὸς
574 873 797 907 κατενοεΐτο
821 868 886 908 καὶ
908 865 1103 923 πρότερον
1130 872 1259 910 ταῦτα
1281 866 1469 923 πράττειν
1490 869 1626 913 θέλων
1637 901 1652 923 ‚
1689 871 1725 913 εἰ
1734 879 1779 914 10

283 935 351 976 καὶ
373 934 484 990 παρὰ
502 937 663 975 πολλῶν
681 935 746 976 καὶ
764 933 948 990 μεγάλων
965 940 1023 993 τῷ
1040 940 1203 989 βασιλεῖ
1220 935 1520 991 πλησιαζόντων
1545 954 1724 981 κατεκω-

283 1000 413 1047 λύετο.
482 1005 555 1044 νῦν
582 1000 626 1043 δ’
664 1001 767 1044 ἀλλὰ
790 1008 870 1045 τῶν
890 1004 963 1057 μὲν
988 1003 1028 1054 ἐξ
1049 1002 1279 1059 ἀνθρώπων
1295 1005 1539 1060 γενομένων,
1573 1010 1656 1048 τῶν
1675 1004 1721 1048 δ’

232 1079 265 1115 Ε
289 1069 467 1112 ἐκποδὼν
493 1067 684 1122 ἑκόντων,
720 1074 802 1113 τῶν
830 1072 873 1114 δὲ
902 1073 967 1114 καὶ
988 1071 1078 1113 κατ’
1103 1070 1287 1126 ἐπήρειαν
1309 1072 1723 1128 ἀπαλλοτριωθέντων

283 1139 350 1180 καὶ
378 1138 577 1192 βασιλέως
603 1140 668 1180 καὶ
697 1137 874 1191 πόλεως,
909 1139 1033 1189 αὐτὸς
1059 1139 1104 1182 τὸ
1131 1139 1226 1182 κατ’
1258 1140 1357 1190 ἔθος
1386 1141 1527 1195 πικρὸν
1545 1139 1600 1191 ὥς
1618 1141 1724 1190 εἰκὸς

282 1206 459 1261 θελητόν
482 1205 632 1265 ῥᾳδίως
656 1204 811 1261 ἓξήνυε,
846 1208 1018 1261 μηδενὸς
1039 1208 1110 1250 τὸν
1129 1212 1358 1263 κρατοῦντα
1377 1212 1608 1261 τολμῶντος
1624 1206 1721 1251 νῦτ-
1732 1218 1776 1254 15

281 1291 375 1317 τειν.
421 1276 487 1316 καὶ
506 1273 641 1328 ὥσπερ
661 1274 710 1316 ἂν
731 1277 765 1316 εἶ
782 1279 882 1318 θεοῦ
901 1275 1143 1331 ἀργοῦντος,
1169 1275 1273 1318 κατὰ
1291 1276 1365 1331 τὴν
1385 1274 1555 1332 δημώδη
1576 1293 1723 1332 παρον-

278 1343 376 1398 μίαν
387 1374 401 1396 ,
437 1341 527 1385 τινὰ
545 1341 814 1399 πράττονται,
851 1342 958 1387 οὕτω
977 1345 1042 1386 καὶ
1062 1344 1260 1398 βασιλέως
1278 1343 1520 1401 ἀργοῦντος,
1557 1347 1722 1388 δικαιω-

371 1453 403 1486 6.
426 1449 557 1496 κότος]
581 1448 729 1493 εἰκότως
750 1451 789 1486 Ρ.
925 1452 958 1488 9.
981 1451 1184 1498 γενομένων
1202 1452 1241 1486 Ρ.

280 1541 460 1577 advertens
499 1541 722 1586 multiplicare
760 1553 798 1576 se
835 1542 900 1576 hoc
931 1542 1027 1576 modo
1058 1542 1280 1576 mendicorum
1315 1553 1486 1577 numerum
1514 1542 1549 1577 in
1579 1553 1720 1588 eumque

281 1587 494 1632 compingere
527 1587 616 1620 viros
650 1587 809 1621 natalium
832 1591 867 1621 et
889 1587 1015 1621 dotium
1039 1589 1215 1632 splendore
1238 1599 1358 1631 magna
1378 1587 1498 1632 dignos
1518 1587 1720 1630 reverentia,

280 1644 366 1677 quos
388 1631 474 1666 omni
498 1632 591 1666 vitae
613 1633 805 1666 tolerandae
828 1633 988 1666 facultate
1011 1633 1189 1666 destitutos
1211 1633 1439 1677 relinquebat,
1462 1644 1504 1666 ne
1527 1632 1562 1667 id
1585 1632 1720 1677 quidem

279 1678 437 1712 solatium
458 1677 634 1722 indulgens
657 1678 805 1719 miseris,
837 1682 874 1711 ut
901 1689 1013 1711 eorum
1038 1690 1121 1722 quas
1144 1679 1253 1723 palam
1275 1682 1429 1711 cerneret
1450 1677 1616 1712 aerumnis
1638 1689 1722 1712 eon-

279 1724 396 1758 dolere
414 1724 597 1757 videretur.
643 1724 781 1757 crudum
804 1723 891 1757 enim
913 1728 948 1757 et
970 1724 1126 1757 immitem
1148 1735 1208 1768 pro
1230 1734 1291 1756 sua
1312 1728 1450 1757 caetera
1471 1722 1603 1767 rigidae
1623 1722 1721 1757 indo-

278 1769 321 1804 lis
344 1769 530 1803 acerbitate
550 1769 730 1803 obvertere
751 1770 994 1813 perseverabat
1007 1769 1135 1802 vultum
1157 1773 1260 1812 atque
1281 1768 1430 1802 obtutum
1450 1768 1491 1802 iis
1512 1768 1609 1813 ipsis,
1633 1778 1720 1813 quo·

280 1827 301 1849 e
323 1815 498 1860 splendida
520 1815 654 1848 fortuna
685 1815 856 1858 spoliando
886 1815 1090 1859 compulerat
1112 1814 1153 1847 ad
1176 1813 1298 1847 vietum
1320 1813 1385 1848 sibi
1407 1813 1592 1848 mendicato
1613 1825 1720 1859 quae-

280 1861 448 1895 ritandum
479 1861 528 1905 (o
551 1860 782 1894 contumeliam
805 1860 910 1894 libere
933 1860 1021 1893 natis
1042 1866 1077 1894 et
1100 1859 1252 1893 educatis
1273 1870 1410 1903 prorsus
1430 1859 1718 1904 intolerandam)

281 1907 405 1951 passim
441 1918 501 1952 per
530 1905 621 1939 vicos
652 1907 849 1951 plateasque
880 1905 1037 1939 civitatis.
1081 1910 1210 1939 tantum
1238 1904 1394 1938 videlicet
1419 1906 1577 1939 abfuerat
1605 1916 1626 1939 a
1655 1903 1720 1939 mi-

281 1953 415 1986 nuenda
443 1951 684 1996 molliendnque
713 1952 765 1985 vel
796 1951 964 1997 paululum
992 1951 1116 1985 duritie
1145 1950 1302 1994 antiqua,
1333 1954 1371 1983 ut
1393 1962 1462 1995 qua
1483 1962 1521 1984 se
1549 1949 1718 1995 quondam

282 1997 448 2041 flagrasse
470 1999 513 2032 ob
536 2009 607 2031 eam
630 1997 756 2031 invidia
778 1997 994 2038 meminerat,
1015 2009 1087 2030 eam
1110 1996 1208 2040 quasi
1229 1996 1294 2030 iam
1313 1996 1430 2030 ulcisci
1451 1996 1602 2038 studens,
1622 1995 1720 2030 inde-

280 2054 347 2086 que
371 2055 529 2077 accensus
552 2043 778 2086 indignatione
803 2043 965 2084 saeviori,
988 2043 1126 2076 Furiam
1150 2043 1248 2088 plane
1270 2042 1435 2086 quandam
1459 2045 1494 2075 et
1516 2052 1718 2076 communem

280 2088 435 2132 Erinnyn
458 2101 496 2123 se
520 2089 699 2132 praeberet
719 2088 794 2122 vice
815 2088 974 2129 hominis3
1007 2099 1068 2122 nec
1090 2099 1164 2121 eum
1186 2087 1384 2131 imperator,
1414 2090 1592 2132 utcumque
1625 2086 1719 2121 oela-

280 2133 416 2167 mitates
447 2134 596 2179 publicas
630 2135 814 2176 miserans,
844 2134 1025 2168 deflectere
1047 2134 1090 2167 ab
1111 2133 1243 2167 immani
1266 2133 1379 2177 rigore
1405 2136 1538 2178 posset,
1569 2132 1718 2177 querelis

280 2179 324 2213 ad
356 2179 443 2212 hunc
474 2179 626 2223 quotidie
657 2179 1004 2224 obtestationibusque
1031 2179 1205 2212 multorum
1236 2178 1308 2212 dira
1338 2178 1535 2223 patientium
1557 2178 1629 2211 sine
1647 2176 1716 2210 uuo

279 2235 419 2269 prorsus
450 2225 576 2259 effectu
609 2225 741 2259 delatis.
787 2225 1086 2269 intelligebantque
1118 2224 1172 2268 qui
1207 2228 1330 2258 statum
1360 2226 1568 2268 praesentem
1606 2231 1715 2255 rerum

282 2281 355 2303 cum
390 2270 557 2314 superiori
586 2271 826 2315 comparabant
852 2270 1066 2316 prudentius,
1098 2270 1186 2314 qnod
1218 2280 1303 2302 nunc
1332 2267 1535 2302 Athanasius
1562 2266 1716 2300 licentius

282 2326 381 2360 quam
405 2320 505 2349 antea
527 2319 762 2359 grassaretur,
783 2316 872 2349 haud
895 2327 970 2349 esse
992 2315 1145 2349 indicium
1169 2320 1288 2348 auctae
1310 2325 1396 2347 nunc
1417 2313 1524 2357 ipsius
1545 2311 1716 2346 maleficae

281 2360 462 2394 voluntatis
475 2386 486 2402 ,
516 2361 577 2394 sed
609 2372 681 2394 cum
714 2361 787 2404 pari
809 2372 940 2405 semper
962 2361 1034 2394 eius
1058 2365 1153 2394 atrox
1183 2359 1309 2393 animus
1328 2357 1538 2391 inclementia
1556 2357 1716 2400 ferretur,

283 2405 464 2440 cohibitum
494 2406 583 2439 illum
613 2406 854 2450 quadamtenus
877 2411 974 2439 antea
998 2405 1189 2458 praesentia
1210 2409 1244 2437 et
1266 2403 1399 2437 monitis
1427 2407 1619 2446 magnatum
1639 2403 1716 2447 plu-

282 2452 439 2486 rimorum
469 2451 606 2495 propria
637 2451 808 2484 nobilitate
838 2462 878 2484 ac
907 2450 1068 2494 principis
1097 2449 1252 2483 familiari
1280 2447 1391 2491 gratia
1410 2446 1474 2492 ipsi
1497 2459 1630 2492 quoque
1651 2459 1716 2482 ve-

282 2497 480 2537 rendornm;
511 2496 627 2539 quales
649 2506 722 2527 cum
744 2496 839 2529 modo
862 2507 925 2528 non
948 2496 1124 2535 adessent,
1154 2494 1274 2538 partim
1297 2497 1403 2526 morte
1425 2493 1609 2535 subtracti,
1634 2504 1716 2538 par-

281 2543 340 2578 tim
363 2540 550 2576 voluntario
572 2551 705 2573 secessu
727 2540 792 2573 alio
816 2540 929 2581 delati,
959 2540 1080 2584 partim
1103 2539 1227 2572 damnis
1248 2537 1396 2583 acceptis
1419 2538 1555 2571 alienati
1577 2549 1599 2572 a
1619 2537 1715 2583 prin-

283 2589 358 2634 cipe
378 2591 623 2634 proptereaque
645 2590 764 2627 sponte
786 2585 863 2618 aula
884 2590 919 2618 et
941 2586 1023 2618 urbe
1045 2584 1205 2627 digressi,
1236 2583 1310 2628 ipse
1344 2595 1430 2616 nunc
1462 2583 1579 2617 solutis
1605 2582 1712 2618 omnia

282 2637 456 2680 respectus
486 2631 624 2666 habenis
656 2631 761 2664 libere
782 2635 885 2664 totam
914 2630 1076 2663 exerebat
1104 2629 1238 2663 innatae
1261 2628 1510 2662 inhumanitatis
1529 2627 1712 2672 feritatem,

283 2680 415 2715 nemine
444 2678 508 2713 iam
538 2676 595 2722 qui
622 2675 823 2711 auctoritate
846 2675 986 2720 polleret
1018 2674 1129 2718 aliqua
1152 2675 1194 2708 de
1217 2673 1269 2708 his
1289 2674 1502 2718 interpellare
1524 2674 1712 2718 Augustum

282 2727 438 2760 audente.
483 2724 597 2769 itaque
615 2723 733 2763 sicut,
766 2721 860 2755 iuxta
886 2720 1049 2766 populare
1080 2721 1237 2762 verbum,
1268 2719 1331 2754 deo
1359 2723 1512 2754 cessante
1541 2730 1582 2753 ac
1613 2718 1711 2765 quasi

283 2772 483 2808 dormitante
513 2768 676 2817 quaedam
703 2773 868 2814 aguntur,
901 2766 950 2802 ita
981 2777 1068 2801 nunc
1098 2766 1242 2802 feriante
1269 2777 1312 2802 ae
1340 2765 1538 2801 connivente
1558 2765 1712 2811 Augusto
