1858 3126
545 169 647 216 LIB.
682 167 719 214 1.
789 168 1149 218 ctossAmUM.
1469 169 1566 217 707

118 293 216 333 χου,
245 276 304 327 εἷς
322 272 501 330 χιλιάδας
536 275 685 326 πολλαὶς
712 275 980 330 ποσουμένην.
1033 277 1132 316 haec
1152 275 1222 330 qui
1236 277 1452 319 contulerit
1471 293 1564 320 cum

118 341 309 375 contextu
328 333 498 372 auctoris
510 363 523 383 ,
552 335 668 372 facile
688 334 968 385 discrepantias
989 333 1155 372 notabit.

230 390 531 441 οἱκονομίαι
567 404 605 441 p.
630 392 708 432 163
737 403 777 431 v.
806 393 844 431 2.
907 390 987 440 agit
1014 390 1063 428 de
1100 389 1376 429 ecclesiasticis
1410 404 1433 429 a
1460 391 1561 431 Saba

115 446 313 486 monacho
331 446 508 494 vexatis,
537 445 582 483 in
602 459 771 498 quorum
794 459 883 484 eum
908 446 1140 497 οἰκονομίας
1164 445 1323 484 irruisse
1348 446 1560 487 detinendo

116 509 156 541 et
175 502 392 555 repetendo
413 508 630 553 proventus
642 531 652 550 ,
683 508 883 553 tamquam
901 501 960 540 illi
982 503 1064 540 iure
1082 501 1171 539 illos
1189 502 1436 556 percipiendi
1455 504 1562 542 exci-

116 558 266 597 dissent
282 558 445 596 crimine
463 558 765 608 perduellionis,
797 557 838 595 in
858 558 966 609 quod
983 557 1073 596 illos
1092 557 1305 596 incurrisse
1324 558 1463 608 aiebat,
1491 559 1562 598 ha-

115 614 211 652 bens
236 614 316 652 iam
343 619 426 651 tum
455 614 562 665 ipsos
593 628 670 666 pro
700 613 894 652 convictis
919 619 958 652 et
987 613 1192 654 damnatis.
1252 627 1302 653 ex
1321 613 1383 653 his
1401 615 1562 655 videtur

117 670 251 720 colligi
269 669 501 721 οἰκονομίας
518 669 583 707 hic
603 669 735 708 vocari
754 683 849 720 quas
875 670 993 720 vulgo
1018 667 1271 720 praebendas
1288 676 1357 708 aut
1375 670 1563 722 beneficia

116 726 307 775 dicimus,
335 726 420 764 iura
448 726 557 764 varia
577 726 919 778 percipiendarum
945 726 1172 778 portionum
1200 738 1250 764 ex
1278 726 1468 765 reditibus
1492 741 1561 766 ec-

117 782 257 820 clesiae
288 781 404 820 certis
432 781 585 820 clericis
626 787 695 820 aut
734 781 1002 820 sacerdotibus
1037 782 1193 820 ratione
1216 781 1464 821 functionum
1495 791 1564 822 aut

115 837 422 876 ministeriorum
451 837 548 889 ipsis
586 837 910 876 demandaturum
938 837 1211 889 competentia.
1278 838 1334 876 sic
1361 838 1562 890 opinabar.

115 900 245 932 tamen
266 906 316 932 ne
346 892 441 944 quid
464 893 775 945 praeiudi-tarem
786 922 800 944 ,
831 894 957 947 ipsam
988 894 1319 932 Oeconomiarum
1337 907 1473 934 vocem
1487 895 1562 934 in-

116 949 371 1002 terpretando
390 949 550 990 retinui.

225 1004 433 1058 Ὀδηγοί
463 1019 504 1057 p.
523 1005 578 1047 85
598 1017 639 1044 v.
660 1008 725 1048 17.
783 1006 865 1055 agit
882 1005 931 1043 de
953 1018 1043 1044 arca
1063 1005 1166 1045 intra
1186 1019 1303 1057 quam
1323 1011 1407 1045 erat
1421 1005 1563 1044 condi-

113 1068 202 1100 tum
224 1061 375 1100 Arsenii
393 1074 561 1113 corpus3
587 1073 705 1112 quam
726 1061 845 1112 paulo
862 1067 953 1100 ante
970 1059 1158 1114 κιβώτιον
1178 1062 1351 1110 vocavit,
1380 1068 1420 1100 et
1436 1062 1559 1101 fuisse

114 1117 327 1171 repositam
351 1116 455 1155 dixit
471 1116 560 1170 περὶ
576 1114 625 1156 τά
649 1114 757 1165 δεξιοὶ
775 1119 848 1158 τοῦ
875 1114 1052 1169 βήματος
1071 1133 1099 1155 a
1120 1117 1270 1156 dextris
1291 1119 1464 1168 altaris,
1493 1117 1561 1155 hic

115 1180 244 1212 autem
260 1173 338 1222 ait,
367 1174 462 1211 feria
478 1172 594 1212 tertia
615 1172 791 1211 cuiusvis
809 1172 1079 1224 hebdomadis,
1109 1174 1361 1213 concurrenti
1381 1173 1430 1212 de
1448 1187 1560 1212 more

114 1230 268 1283 populo
297 1229 349 1267 ad
388 1229 540 1267 cultum
578 1228 831 1279 Hodegorum
867 1229 1086 1281 subaperiri
1112 1229 1360 1268 consuevisse
1386 1229 1561 1268 arculam

113 1286 251 1332 istam;
278 1284 357 1323 hoc
376 1291 456 1334 est,
485 1292 531 1323 ut
548 1285 692 1335 opinor
704 1314 715 1333 ,
751 1284 906 1323 modice
919 1286 1096 1334 reserari,
1123 1293 1170 1324 ut
1189 1286 1388 1324 obtutibus
1403 1285 1562 1324 intuen-

114 1340 215 1380 tium
236 1353 309 1393 per
328 1341 447 1379 rimas
464 1347 531 1379 aut
548 1339 700 1378 clathra
720 1354 805 1378 ossa
822 1341 931 1379 intus
949 1342 1120 1393 reposita
1136 1347 1340 1394 paterent,
1368 1354 1450 1380 non
1466 1353 1563 1379 con-

115 1397 355 1437 trectationi.
410 1396 475 1434 hic
497 1402 587 1434 ante
606 1396 736 1434 omnia
755 1396 1054 1448 disquirendum
1079 1404 1138 1436 est
1155 1398 1343 1449 quidnam
1360 1396 1428 1435 hic
1441 1396 1560 1449 Ὀδη-

114 1454 182 1508 yol
202 1453 408 1498 dicantur,
447 1458 486 1490 et
514 1451 604 1504 quis
630 1451 697 1490 hic
728 1466 863 1491 eorum
889 1453 1056 1491 usitatus
1083 1454 1211 1492 tertiis
1230 1453 1340 1492 feriis
1358 1453 1561 1504 popularis

116 1509 262 1548 cultus.
318 1521 437 1560 cogor
455 1509 601 1547 micare
617 1508 661 1545 in
678 1509 863 1558 tenebris,
894 1509 962 1560 qui
981 1509 1029 1547 ‹le
1049 1508 1111 1548 his
1129 1510 1173 1547 in
1193 1510 1433 1548 Graecorum
1448 1508 1561 1546 libris

115 1564 218 1604 nihil
256 1564 486 1603 invenerim.
549 1564 619 1602 diu
647 1570 686 1602 et
718 1571 864 1603 attente
894 1564 1190 1617 circumspectis
1220 1565 1423 1613 omnibus,
1458 1563 1560 1602 nihil

116 1621 367 1660 verisimilius
381 1620 496 1659 video
515 1633 631 1671 quam
652 1620 808 1658 solitam
834 1621 942 1659 feriis
959 1621 1088 1660 tertiis
1115 1620 1455 1672 Constantinopoli
1472 1620 1561 1672 ple-

116 1677 205 1715 bem
222 1682 451 1716 veneratum
467 1676 527 1714 ire
537 1677 605 1714 SS.
618 1670 793 1727 Angelos.
808 1690 898 1715 nam
913 1677 987 1715 hos
997 1676 1352 1731 ‘Ocinyurivindicari
1370 1675 1562 1715 vocabulo

117 1746 169 1772 ex
191 1731 462 1785 Chrysostomi
477 1732 632 1784 liturgia
651 1733 816 1798 colligo,
844 1734 888 1771 in
917 1747 993 1785 qua
1010 1733 1195 1771 diaconus
1215 1733 1272 1771 sic
1289 1745 1388 1771 voce
1406 1731 1561 1769 sublata

117 1789 370 1841 pronuntiat:
397 1786 560 1841 αγγελον
582 1784 744 1841 εἰρήνης
764 1787 905 1830 πιστόν
933 1787 1083 1841 ὄδηγόν
1097 1818 1108 1838 ,
1138 1785 1300 1839 φύλακα
1317 1801 1398 1827 των
1416 1788 1561 1837 ψυχαῖν

117 1844 187 1884 καὶ
215 1842 406 1895 σωμάτων
426 1842 569 1894 ἡμῶν,
604 1859 711 1896 παρα
732 1848 805 1884 τοῦ
826 1845 966 1896 κυρίου
991 1840 1250 1896 αἰτησαίμεθα
1280 1842 1561 1894 angelumpa-

119 1901 203 1948 cis,
231 1898 396 1950 fidelem
423 1898 583 1946 ducem,
622 1899 825 1938 custodem
850 1902 1083 1937 animarum
1111 1908 1147 1936 et
1172 1911 1380 1950 corporum
1399 1905 1561 1934 nostro-

120 1969 237 2000 rum,
275 1968 302 1992 a
327 1953 485 1991 domino
507 1955 768 2004 postulemus.
823 1956 887 1992 cui
912 1956 1154 2006 respondens
1176 1954 1325 1993 chorus
1353 1953 1562 1991 acclamat.

121 2008 329 2063 παρασχου
343 2006 477 2062 κύριε,
495 2010 647 2076 praebe
666 2009 832 2048 domine.
888 2011 939 2048 ad
957 2010 1063 2048 hunc
1081 2011 1209 2047 locum
1226 2011 1283 2047 sic
1302 2014 1463 2047 annotat
1483 2009 1561 2046 Ca-

120 2067 264 2105 basilas
291 2079 326 2104 c.
346 2064 423 2107 34·
460 2060 661 2116 εὐχόμεθα
683 2065 772 2133 περὶ
800 2067 874 2105 τοῦ
898 2062 1077 2114 φύλακος
1104 2061 1266 2118 ἀγγέλου
1286 2079 1359 2116 ουχ
1372 2064 1440 2104 ἵνα
1462 2062 1561 2115 ἡμῖν

120 2118 205 2163 τότε
229 2122 337 2176 δοθῇ
360 2119 535 2171 (δέδοται
549 2118 623 2172 yde
638 2117 717 2168 s'g'
693 2123 815 2173 αρχῆς
833 2118 980 2190 ἑκάστῳ
996 2124 1076 2160 τῶν
1089 2123 1240 2160 πιστων
1252 2118 1441 2189 ἄγγελος)
1469 2116 1558 2160 ἄλλ’

121 2179 190 2219 ἵνα
206 2162 359 2230 ἐνεργὸς
377 2172 407 2231 ’ᾖ
423 2175 492 2215 καὶ
510 2191 557 2216 τα
575 2191 698 2216 αυτου
717 2179 815 2231 ποιῇ
830 2175 899 2215 καὶ
917 2178 1078 2232 φρουρῇ
1097 2175 1165 2216 καὶ
1186 2174 1284 2229 πρὸς
1298 2191 1372 2227 την
1395 2172 1560 2216 ευθεῖαν

122 2231 222 2276 ὁδον
241 2232 349 2285 ημᾶς
374 2232 511 2286 ὁδηγῇ
568 2245 733 2269 oramus
752 2245 872 2282 super
893 2231 1055 2269 custode
1073 2232 1238 2282 angelo,
1268 2245 1347 2269 non
1374 2238 1420 2268 ut
1444 2231 1560 2269 nobis

122 2290 241 2328 detur
266 2288 410 2342 (datus
437 2289 538 2326 enim
564 2295 622 2325 est
654 2301 681 2325 a
698 2289 901 2339 principio
930 2289 1148 2338 unicuique
1159 2286 1350 2338 fidelium
1369 2286 1559 2340 angelus)

122 2345 196 2383 sed
215 2353 260 2383 ut
283 2347 428 2383 intente
450 2351 626 2395 operetur
643 2351 679 2380 et
702 2357 805 2394 quae
820 2345 889 2380 sui
907 2350 1004 2380 eunt
1024 2345 1198 2380 muneris
1215 2350 1328 2394 agat,
1357 2342 1562 2381 custodiat

119 2415 262 2453 nempe
278 2415 328 2439 ao
343 2403 386 2438 in
404 2408 551 2438 rectam
572 2413 644 2437 nos
663 2402 774 2437 viam
797 2398 962 2450 dirigat.
1017 2397 1114 2436 haec
1136 2398 1214 2445 ibi;
1243 2411 1293 2436 ex
1321 2399 1462 2450 quibus
1482 2413 1557 2451 pa·
1579 2421 1606 2454 P
1632 2421 1698 2455 500

123 2463 182 2496 tet
201 2471 318 2508 quam
339 2458 523 2508 frequens
542 2456 700 2494 Graecis
716 2454 906 2492 indicatio
923 2454 1131 2492 custodum
1149 2454 1374 2505 angelomm
1395 2468 1467 2507 per
1482 2469 1556 2493 vo-

127 2525 210 2551 cem
232 2509 390 2565 ὄδηγων
408 2513 540 2551 suerit.
596 2518 656 2550 est
683 2517 812 2549 autem
837 2517 876 2548 et
900 2510 1001 2548 illud
1023 2510 1204 2561 antiquae
1222 2510 1267 2549 in
1292 2511 1456 2549 ecclesia
1474 2517 1560 2549 tra-

126 2568 285 2606 ditionis
311 2568 501 2606 hodierno
529 2567 799 2619 experimento
823 2566 1070 2615 notissimae,
1098 2572 1142 2604 ut
1172 2565 1268 2604 feria
1285 2566 1403 2605 tertia
1422 2566 1561 2604 cuius-

127 2624 188 2662 vis
204 2623 457 2662 hebdomadis
477 2624 599 2662 cultui
618 2624 842 2673 angelorum
862 2595 1090 2672 assignetui.
1146 2621 1326 2660 existimo
1353 2621 1475 2672 igitur
1492 2634 1561 2658 so-

126 2678 244 2716 litum
264 2680 604 2731 Constantinopoli
625 2679 816 2732 populum
837 2678 964 2716 tertiis
984 2677 1090 2715 feriis
1110 2677 1159 2714 ad
1177 2677 1468 2716 venerationem
1488 2689 1561 2713 an-

126 2733 303 2784 gelorum
323 2748 568 2775 concurrere.
625 2748 740 2786 quem
757 2741 887 2773 autem
905 2734 946 2771 iu
964 2731 1126 2771 locum?
1153 2732 1302 2771 indicat
1318 2732 1385 2770 hic
1407 2731 1563 2783 Pachy-

129 2802 254 2828 meres
275 2803 509 2830 concursum
519 2790 630 2830 hunc
646 2792 794 2830 factum
808 2789 859 2830 ad
876 2795 1027 2842 partem
1041 2788 1242 2829 dexteram
1262 2800 1351 2827 arae
1370 2787 1564 2827 maximae
