1858 3126
362 128 438 172 DE
470 128 800 174 ANDRONICO
828 130 1205 185 PALsEoLOGo
1240 133 1287 175 L.
1307 131 1384 177 lv.
1507 134 1605 180 355

148 237 308 286 τοῦτων
323 245 528 286 κινοῦνται
545 240 659 298 λόγοι
671 255 682 267 ·
718 243 787 285 καὶ
801 243 997 296 βασιλεὺς
1016 242 1136 286 οὐδέν
1154 242 1256 288 ἄλλο
1272 246 1604 303 προυργιαίτερον

149 308 252 365 ἔχων
270 309 296 366 ἢ
323 309 434 362 ὅπως
457 311 533 364 μὲν
554 310 601 354 τό
621 312 687 354 ἐπὶ
718 317 808 360 ταῖς
826 309 1019 367 πράξεσιν
1039 310 1266 368 ἀμώμητον
1285 320 1444 368 σχοῖεν,
1480 315 1550 358 ἐπί
1565 333 1607 359 τε

143 379 373 439 χειροτονίᾳ
405 378 565 434 δηλαδὴ
594 377 850 435 πατριάρχου
882 381 950 422 καὶ
978 387 1066 430 τοῖς
1095 385 1275 434 λοιποῖς,
1322 381 1434 434 ὅπως
1460 383 1507 426 δὲ
1538 386 1606 426 καὶ

145 446 343 503 ἀρχιερεῖς
358 454 628 504 περιποιοῖντο
652 449 695 491 ἓν
713 454 807 497 ταῖς
827 454 965 501 τιμαῖς
983 447 1052 506 (τὸ
1073 448 1152 504 γὰρ
1182 454 1256 493 τοῦ
1271 450 1423 508 Ἰωσὴφ
1442 450 1606 507 μνημό-

112 523 272 559 ξοννον
305 516 373 558 καὶ
400 514 679 573 προπίποτο),
723 515 853 566 nothe
877 511 927 570 ἦν
949 515 1074 567 ἀξιῶν
1101 516 1205 573 πρὸς
1225 522 1382 571 ταῦτα,
1418 517 1479 574 μή
1499 537 1600 573 πως,

145 585 269 640 φησί,
298 585 677 639 καταστορεθέντος
695 584 846 641 με’ρους
862 584 987 641 μέρος
1007 578 1133 635 αὖθις
1161 585 1409 639 ἀνασοβοῖτο
1434 590 1502 630 καὶ
1523 587 1605 631 πά-

144 655 208 695 λιν
238 652 418 711 ἇναζῷεν
442 651 494 695 τὰ
527 650 766 706 σκάνδαλα,
813 651 912 695 ἄλλ’
947 651 1022 709 ὅλη
1051 669 1113 703 τις
1138 655 1205 696 καὶ
1234 654 1308 712 ἐφ’
1334 654 1444 705 ὅλοις
1462 654 1599 714 εἰρήνη
1625 666 1656 702 Β

142 720 373 776 ἔπισχε-θείη
389 727 475 770 τοῖς
493 717 721 778 πράγμασι·
754 725 878 764 τοῦτο
894 718 987 777 γάρ,
1022 723 1139 778 φησί,
1167 723 1235 765 καὶ
1254 723 1301 767 τὸ
1322 722 1604 779 σπουδαζόμε-

141 806 227 833 νον.
298 789 337 832 οἷ
364 789 503 843 με’ντοι
531 806 574 845 γε.
602 790 775 844 μοναχοὶ
801 789 854 832 τὰ
884 790 960 843 μὲν
991 792 1081 847 περὶ
1108 794 1182 834 τοῦ
1218 793 1490 847 γενησομένου
1520 811 1604 836 πα-

88 861 134 895 10
143 854 337 914 τριάρχου
346 889 363 912 ,
401 856 511 907 ὅπως
529 856 581 900 ἄν
601 859 837 915 ψηφισθείη
856 859 923 900 καὶ
943 856 1055 908 ὅπως
1068 867 1343 915 χειροτονοῖτο
1360 862 1427 903 καὶ
1445 864 1507 911 τίς
1529 856 1603 904 οἷ-

141 943 214 976 τος
230 926 283 981 δὴ
300 928 367 969 καὶ
387 923 550 978 ὁποῖος,
587 926 660 969 τὸν
674 927 749 980 μὲν
768 926 869 981 ἔχειν
886 925 1021 982 ἔλεγον
1040 929 1107 969 καὶ
1129 928 1311 979 ἐπιεικῶς
1329 929 1394 971 ἐπὶ
1411 934 1469 988 τῷ
1491 929 1602 986 πρά·

138 1011 263 1050 γματι
283 993 421 1047 ἄξιον,
450 995 526 1048 τὴν
544 998 690 1050 ψῆφον
717 993 761 1037 δ’
785 994 914 1038 αὐτοῦ
935 996 1003 1037 καὶ
1022 995 1098 1049 τὴν
1118 998 1373 1051 χειροτονίαν
1387 997 1447 1052 μὴ
1469 997 1603 1053 πράτ-

138 1079 221 1105 τειν
244 1061 348 1112 ὅλως
369 1062 560 1118 ἇπέλεγον
580 1062 677 1112 τοὶ-ς
698 1061 916 1119 ἀρχιερεῖς·
951 1063 1151 1119 μηδὲγὰρ
1169 1063 1283 1108 ὅσιον
1300 1062 1401 1108 εἶναι
1426 1083 1600 1110 κατασε-

138 1130 346 1185 σεισμένον
377 1132 421 1181 ἐξ
447 1130 577 1187 ἀρχῆς
607 1128 850 1175 ὖποτιθέναι
884 1130 956 1174 τὸν
988 1131 1210 1186 θίμεθλον.
1291 1133 1391 1176 ἀλλ’
1422 1135 1597 1187 ἐκείνους
1619 1148 1651 1183 c

83 1202 127 1237 15
137 1199 212 1254 μέν
229 1199 449 1257 ἀπρακτεῖν
484 1199 532 1242 τὸ
562 1196 733 1254 πάμπαν
760 1202 827 1243 καὶ
857 1197 1097 1255 ἡσυχάζειν,
1131 1200 1224 1244 ἴστ’
1248 1201 1298 1244 ἂν
1318 1201 1603 1254 καταστάντος

137 1400 196 1446 agi
227 1401 272 1435 de
301 1413 341 1436 re
371 1401 538 1436 communi
570 1402 695 1436 mutuis
726 1402 898 1448 utrimque
928 1402 1141 1437 sermonibus
1175 1406 1331 1449 coeptum
1366 1407 1432 1439 est.
1476 1404 1512 1439 in
1533 1404 1599 1440 hac

136 1450 342 1481 tractatione
363 1448 629 1494 antiquissimum
650 1447 732 1482 illud
754 1452 791 1483 et
812 1452 893 1482 ante
914 1447 1023 1482 omnia
1041 1448 1304 1483 commendatum
1327 1450 1514 1495 imperator
1536 1452 1599 1486 ob·

136 1492 261 1535 tineus,
282 1499 323 1527 ut
344 1498 439 1528 sarta
461 1501 621 1539 tectaque
642 1505 754 1528 rerum
777 1493 913 1539 publice
934 1493 972 1527 in
994 1494 1139 1528 ecclesia
1161 1495 1418 1529 constitutarum
1445 1498 1597 1532 auctori-

134 1543 190 1573 tas
210 1544 372 1580 maneret,
398 1538 483 1574 ratis
504 1539 667 1573 videlicet
688 1538 936 1584 inculpatisque
957 1538 1121 1573 habendis
1143 1539 1355 1575 ordinatione
1380 1541 1598 1587 patriarchae

131 1583 289 1630 actique
318 1584 486 1626 caeteris,
516 1589 586 1620 tum
618 1586 710 1619 nulla
743 1585 908 1619 movenda
941 1584 1109 1631 episcopis
1141 1584 1209 1619 iam
1231 1586 1352 1620 electis
1384 1590 1599 1634 sacratisque

131 1635 244 1665 status
263 1629 414 1675 ipsorum
436 1630 679 1673 controversia,
705 1642 768 1666 nec
789 1630 1027 1665 intercedendo
1049 1631 1223 1676 quominus
1246 1631 1322 1666 iure
1344 1644 1445 1678 quam
1469 1634 1596 1679 optimo

131 1675 169 1710 in
198 1687 262 1710 sua
290 1676 435 1722 quisque
466 1676 633 1721 dignitate
666 1677 867 1722 persisteret
900 1677 995 1721 (nam
1035 1676 1079 1710 de
1113 1678 1428 1727 commemoratione
1459 1679 1596 1725 Iosepbi

156 1733 221 1756 uae
243 1721 367 1756 dunum
390 1726 566 1757 exarserat
592 1723 781 1764 contentio,
810 1722 876 1756 iam
899 1726 1106 1763 evanuerat,
1139 1723 1392 1769 deglutitusque
1412 1725 1517 1757 omnis
1548 1725 1595 1759 de

129 1733 189 1801 iila
210 1778 249 1801 re
270 1768 448 1813 scrupulus
470 1773 565 1809 erat,
599 1769 634 1802 in
657 1769 741 1803 haec
762 1773 802 1803 ut
832 1768 1061 1802 consentirent
1082 1769 1303 1810 Arseuiatae,
1334 1769 1446 1802 multis
1478 1770 1595 1805 verbis

130 1823 319 1858 magnoque
340 1813 452 1848 studio
475 1814 639 1858 urgebat,
663 1826 706 1848 ne
729 1814 758 1848 si
780 1826 880 1848 secus
902 1814 983 1856 fiat,
1018 1814 1193 1858 inquiens,
1226 1815 1380 1858 pacanda
1403 1821 1503 1859 parte
1525 1827 1594 1850 una

129 1868 212 1903 pars
231 1869 351 1893 rursus
371 1861 482 1894 altera
502 1861 744 1905 perturbetur,
762 1859 951 1905 iterumque
973 1859 1177 1903 repullulent
1198 1859 1368 1900 scandala,
1392 1871 1467 1893 cum
1491 1861 1590 1895 nobis

131 1903 313 1937 curandum
342 1904 388 1938 sit
416 1910 455 1938 ut
484 1906 687 1940 universalia
714 1906 881 1951 quaedam
913 1910 948 1939 et
970 1904 1137 1938 universis
1160 1904 1383 1949 aequabiliter
1407 1907 1589 1950 superfusa

130 1959 199 1993 pax
221 1954 343 1982 cuncta
364 1950 621 1995 complectatur:
654 1951 720 1985 huc
742 1951 851 1993 enim,
880 1950 1013 1990 aiebat,
1045 1950 1249 1991 communia,
1272 1949 1412 1993 opinor,
1434 1955 1587 1986 nostrum

130 1993 274 2027 omnium
303 2000 463 2038 spectant
493 1995 617 2030 studia.
662 1996 706 2030 ad
738 2007 780 2030 ea
813 1995 968 2030 monachi
994 1995 1155 2029 dixerunt
1175 1995 1220 2029 de
1240 1995 1352 2029 tribus
1372 1999 1454 2030 ante
1475 1997 1588 2032 omnia

129 2039 166 2073 in
188 2039 253 2074 hoc
273 2039 408 2083 negotio
430 2040 600 2074 conveniri
621 2045 788 2086 oportere,
809 2041 949 2086 primum
970 2041 1014 2074 de
1035 2051 1180 2085 persona
1201 2041 1416 2084 promovendi
1437 2042 1587 2087 patriar-

130 2085 235 2127 chae,
256 2089 327 2119 tum
350 2084 394 2119 de
414 2084 521 2130 ipsius
543 2085 765 2128 electoribus,
794 2092 963 2131 postremo
986 2086 1029 2119 de
1050 2085 1109 2119 illo
1130 2097 1151 2119 a
1173 2096 1240 2130 quo
1261 2085 1292 2119 is
1311 2092 1402 2121 esset
1423 2087 1586 2123 ordinan-

128 2131 204 2165 dus.
250 2142 293 2165 ac
313 2130 423 2164 virum
445 2130 580 2176 quidem
602 2131 646 2165 iis
667 2132 802 2166 abunde
822 2137 977 2166 ornatum
999 2131 1135 2164 dotibus
1159 2136 1197 2164 et
1217 2130 1367 2166 moribus
1387 2132 1445 2178 qui
1466 2135 1585 2180 requi-

126 2180 284 2210 rerentur
310 2175 344 2210 in
367 2175 564 2221 patriarcba
586 2177 630 2210 ad
650 2177 844 2218 ecclesiam,
881 2180 983 2222 prout
1028 2186 1167 2210 raesens
1189 2175 1261 2210 eius
1282 2180 1392 2212 status
1410 2186 1585 2232 posceret,

127 2222 258 2268 optime
286 2222 488 2266 regendam,
515 2222 640 2256 habere
670 2233 709 2257 se
731 2222 775 2257 ad
797 2233 949 2264 manum,
979 2233 1002 2267 p
1015 2233 1079 2255 ane
1100 2222 1227 2255 honore
1247 2222 1305 2256 illo
1326 2222 1581 2267 dignissimum:

127 2273 299 2302 caeterum
321 2268 515 2322 neutiquam
537 2269 592 2302 fas
613 2278 711 2309 esse,
741 2279 851 2313 neque
871 2267 908 2302 id
937 2277 1093 2312 umquam
1113 2279 1153 2301 se
1174 2278 1352 2312 passuros,
1382 2269 1480 2304 huius
1511 2271 1581 2305 ele-

127 2313 271 2348 ctionem
292 2313 443 2360 permitti
465 2313 638 2359 suffragiis
660 2313 891 2359 episcoporum
916 2312 975 2359 qui
996 2323 1085 2346 nunc
1105 2319 1243 2355 essent,
1266 2314 1391 2360 quippe
1413 2316 1457 2350 ad
1479 2326 1582 2350 unum

126 2359 272 2394 omnium
295 2359 595 2394 contaminatorum
617 2359 673 2393 vel
693 2359 898 2394 conscientia
918 2362 955 2393 et
975 2358 1234 2403 participatione
1264 2361 1498 2396 scandalorum
1528 2361 1581 2396 his

127 2410 221 2439 retro
242 2405 338 2439 annis
360 2409 572 2440 venatorum
592 2405 628 2439 in
650 2405 814 2447 ecclesia,
850 2405 907 2439 vel
935 2403 1134 2448 contagione
1163 2405 1399 2440 communionis
1420 2418 1495 2441 cum
1518 2419 1581 2441 au-

127 2450 281 2485 ctoribus
302 2456 363 2485 aut
384 2451 669 2497 approbatoribus
691 2462 825 2492 eorum3
848 2461 870 2485 a
890 2449 1045 2496 qualibus
1066 2449 1165 2483 etiam
1186 2450 1285 2484 electi
1309 2451 1462 2497 plerique
1484 2453 1580 2487 ordi-

125 2496 266 2542 natique
285 2498 418 2539 forent,
450 2497 527 2532 ideo
560 2498 681 2532 merito
703 2496 853 2531 universi
875 2507 897 2530 a
918 2495 995 2529 iure
1017 2494 1171 2539 suffragii
1190 2495 1228 2530 in
1249 2496 1313 2531 bac
1334 2497 1499 2532 electione
1520 2509 1578 2531 re-

125 2542 292 2576 movendi.
337 2553 411 2576 cum
435 2542 522 2576 euim
544 2542 630 2577 baec
650 2543 899 2577 fundamentum
921 2540 1048 2585 negotii
1070 2540 1175 2575 totius
1194 2542 1285 2586 quod
1307 2553 1396 2576 nunc
1417 2546 1578 2587 ageretur

125 2584 215 2620 haud
237 2587 339 2622 dubie
360 2587 424 2630 sit,
447 2589 624 2623 manifeste
645 2599 814 2634 apparere
858 2599 934 2621 uam
956 2586 1005 2620 sit
1025 2597 1165 2621 necesse
1186 2587 1269 2622 dare
1288 2599 1416 2622 omnem
1437 2599 1576 2632 operam

126 2634 167 2664 ut
186 2643 229 2666 ea
249 2644 490 2680 usquequaque
510 2638 631 2668 sancta
651 2641 687 2668 et
706 2634 820 2679 irrepr
863 2632 1015 2668 ensibilis
1036 2631 1099 2674 sit,
1127 2643 1172 2666 ue
1192 2632 1223 2667 si
1241 2633 1496 2679 exceptionibus
1515 2644 1575 2667 re-

125 2676 279 2719 periatur
297 2679 463 2722 obnoxia,
480 2680 608 2715 caduca
631 2683 668 2714 et
686 2679 873 2722 instabilis,
904 2683 1024 2723 utpote
1044 2676 1079 2711 in
1100 2677 1172 2712 solo
1192 2679 1308 2713 mobili
1329 2679 1490 2720 fundata,
1512 2678 1575 2713 do-

123 2721 352 2774 preheudatur
380 2725 540 2761 universa
568 2729 751 2760 motura.
797 2735 904 2771 quare
936 2723 1069 2758 omnino
1098 2734 1176 2758 esso
1204 2724 1431 2758 necessarium
1459 2734 1574 2759 omnes

123 2776 184 2810 qm
213 2779 301 2803 nunc
329 2769 518 2806 habeantur
547 2770 719 2807 antistites
746 2782 871 2807 vacare
900 2769 1090 2815 otiarique,
1118 2779 1184 2805 nec
1212 2769 1288 2804 eius
1316 2769 1404 2804 ullas
1426 2770 1575 2804 muneris
