1858 3126
517 164 620 210 LlB.
646 164 720 210 111.
789 161 1264 213 CHRONOLOGRCUS.
1512 168 1607 213 807

176 288 279 314 anno
301 274 480 314 Arabico.
536 273 677 313 incidit
705 287 748 314 ea
765 288 870 314 mors
896 274 937 312 in
955 281 1185 314 autumnum
1209 274 1299 313 anni
1316 274 1460 313 Clu-isti
1487 279 1606 319 1227.

174 331 285 370 addit
300 330 615 383 Abulpharagius
642 331 850 383 imperasse
867 331 979 370 illum
1005 331 1162 370 circiter
1179 331 1320 382 viginti
1341 331 1514 383 quinque
1534 346 1606 370 an-

173 386 258 433 nis;
285 387 391 438 quod
408 400 542 425 verum
565 392 643 435 est,
676 400 789 434 cum,
817 393 859 426 ut
886 386 1077 436 vidimus,
1106 387 1297 439 imperare
1314 387 1488 438 coeperit
1501 401 1604 427 anno

170 441 318 480 Christi
344 445 471 491 1202,
498 442 660 493 Hegirae
687 444 779 485 599.
836 455 938 480 anno
970 443 1063 481 inde
1090 443 1248 493 Hegirae
1270 446 1367 492 626,
1392 442 1501 480 cuius
1522 443 1605 482 Mu-

168 497 325 536 harram
344 498 495 550 incepit
513 512 534 535 a
556 499 619 536 die
639 501 693 540 30
721 498 948 536 Novembris
969 498 1062 536 anni
1081 498 1225 537 Christi
1263 501 1380 546 1228,
1399 511 1605 549 congrega-

169 553 219 592 tis
241 553 406 592 comitiis
428 554 630 592 universae
647 554 770 604 gentis
792 554 1010 604 Mugulicae
1037 567 1084 591 ex
1110 560 1341 592 testamento
1368 554 1605 604 Gingizcha-

166 608 231 647 nis
248 615 400 647 creatus
421 616 479 647 est
498 610 715 661 imperator
734 611 852 660 Ogtai'
869 609 1009 648 tertius
1046 610 1127 647 eius
1153 609 1260 647 filius
1274 639 1285 658 ,
1316 609 1383 660 qui
1405 623 1499 661 prae
1514 623 1603 648 mo-

166 664 289 703 destia
309 678 381 718 per
403 665 484 704 dies
508 665 760 715 quadraginta
775 678 978 714 recusans,
1015 665 1122 716 quod
1141 678 1233 704 suos
1250 671 1412 717 patruos
1434 671 1501 702 aut
1520 667 1602 703 sra-

165 726 246 759 tres
280 727 377 758 natu
404 721 568 758 maiores
597 721 869 772 praeferendos
901 721 976 758 sibi
1006 721 1174 770 diceret,
1212 721 1369 759 tandem
1398 735 1594 760 consensu

164 775 318 825 vietus,
347 777 395 814 ab
416 777 584 814 Utacino
606 782 748 828 patruo
778 782 818 814 et
839 777 964 827 Iogta’i
986 777 1106 815 fratre
1120 777 1268 815 maiore
1287 777 1474 814 collocari
1496 790 1536 814 se
1556 778 1598 816 in

164 830 310 870 throno
327 846 463 884 passus
483 845 694 882 cognomen
715 831 762 869 ab
779 831 914 870 iisdem
934 833 1161 883 impositum
1181 834 1300 870 Kaan
1319 835 1478 883 accepit.
1495 846 1598 871 anno

163 886 327 938 Hegirae
343 891 436 936 627,
459 888 570 926 cuius
590 888 780 927 kalendae
790 888 1029 927 Muharrami
1041 895 1235 940 occupant
1252 888 1353 926 diem
1369 889 1598 926 vicesimum

161 943 392 983 Novembris
411 943 551 981 Iuliani
572 957 674 981 311110
703 957 812 982 aerae
830 943 975 983 Christi
1004 946 1123 993 1229,
1145 944 1431 996 expeditionem
1462 958 1596 982 susce-

161 999 225 1051 pit
242 1012 370 1038 novus
391 998 602 1050 imperator
620 999 900 1050 Mogulensium
927 1001 1035 1037 Kanu
1060 999 1102 1038 in
1118 1011 1247 1049 regem
1274 999 1463 1037 Cathniae.
1521 1001 1596 1036 Ca-

170 1054 267 1094 maia
283 1068 404 1107 porro
423 1055 517 1106 quid
544 1055 683 1102 fuerit,
713 1055 781 1106 qui
796 1069 845 1093 ex
867 1054 947 1093 hoc
972 1055 1120 1093 discere
1140 1061 1298 1093 auctore
1314 1054 1454 1092 idoneo
1478 1055 1596 1093 malet

170 1123 281 1161 quam
296 1123 318 1149 e
334 1110 548 1160 nugacibus
568 1111 716 1148 sabellis
745 1111 970 1149 institorum
990 1111 1241 1148 illudentium
1263 1109 1484 1148 credulitati
1500 1111 1596 1147 vul-

169 1176 222 1215 gt,
249 1180 328 1205 non
345 1166 539 1205 dubitabit
555 1167 720 1218 amplius
740 1166 836 1218 quin
856 1167 1015 1206 Sinense
1032 1179 1214 1217 regnum,
1241 1165 1358 1204 hodie
1375 1167 1415 1203 in
1439 1166 1594 1217 Europa

168 1221 404 1260 nuissimum
438 1222 754 1272 navigationibus
780 1223 979 1261 Lusitano:
991 1235 1055 1260 um
1070 1250 1082 1270 ,
1119 1222 1163 1259 id
1190 1222 1321 1273 ipsum
1346 1235 1390 1260 re
1417 1234 1507 1259 vera
1542 1221 1594 1259 sit

170 1289 251 1315 cun
282 1291 328 1315 eo
351 1278 456 1328 quod
488 1279 606 1316 Aiton
636 1278 848 1327 Armenus,
884 1278 1028 1317 Paulus
1055 1277 1244 1328 Venetus,
1283 1284 1320 1314 et
1352 1277 1385 1315 si
1425 1277 1491 1326 qui
1523 1277 1593 1314 alii

168 1331 375 1383 scriptores
398 1347 529 1371 rerum
562 1333 761 1372 interioris
793 1341 832 1374 et
854 1333 1023 1371 maxime
1043 1333 1254 1371 Orientalis
1272 1332 1402 1380 Asiae,
1431 1332 1592 1370 nomine

168 1386 297 1426 cham·
316 1389 599 1439 significarunt.
656 1390 771 1428 docet
786 1390 888 1427 enim
909 1389 975 1427 hic
996 1387 1303 1440 Abulpharagius
1323 1389 1456 1425 Allan
1476 1387 1591 1426 Clean

166 1455 211 1480 ea
235 1448 457 1496 tenpestate
485 1444 664 1483 Cathaiae
692 1458 823 1496 regem
849 1445 891 1482 in
913 1444 1011 1482 urbe
1038 1457 1104 1482 sua
1131 1444 1317 1495 primaria
1346 1445 1455 1482 Nam
1478 1443 1588 1491 Cinc,

166 1498 251 1536 sive
284 1506 325 1537 ut
350 1501 468 1550 vulgo
495 1501 560 1538 alii
595 1501 798 1550 scribunt,
837 1501 1068 1551 Namquin,
1114 1506 1338 1550 expectasse
1365 1511 1590 1537 successum

164 1553 389 1605 irruptionis
409 1555 524 1594 huius
542 1557 786 1606 Tartaricae,
814 1556 930 1594 misso
954 1556 1002 1594 ad
1022 1556 1208 1594 arcendos
1226 1555 1370 1592 finibus
1388 1554 1590 1603 Mogulen-

163 1623 224 1648 ses
241 1617 390 1648 centum
408 1612 575 1649 millium
598 1612 894 1650 fortissimorum
914 1611 1083 1649 militum
1100 1611 1286 1650 exercitu.
1337 1609 1406 1647 sed
1427 1608 1496 1646 has
1517 1623 1588 1647 co-

162 1665 247 1717 pias
264 1679 282 1703 1
311 1668 464 1714 Kanna,
496 1667 826 1706 numerosissimas
858 1681 929 1719 per
958 1680 998 1705 se
1014 1666 1198 1704 ductante
1222 1664 1504 1715 Mogulensium
1526 1665 1587 1701 le-

161 1721 313 1771 giones,
341 1723 612 1761 cruentissimo
639 1723 762 1762 fuisse
789 1723 937 1775 praelio
967 1722 1130 1771 deletas,
1168 1722 1240 1760 alia
1272 1722 1387 1770 longe
1410 1733 1584 1771 sperans,

161 1776 464 1829 inopiiatissime
489 1778 612 1817 Altun
643 1779 751 1817 Chan
787 1778 957 1827 audivit,
995 1777 1086 1815 inde
1116 1778 1214 1815 adeo
1245 1781 1515 1814 consternatus
1539 1781 1586 1811 ut

160 1831 264 1870 filios
276 1839 316 1871 et
334 1846 480 1871 uxores
502 1834 546 1871 in
563 1847 636 1872 suo
659 1848 787 1873 secum
805 1835 950 1886 palatio
970 1833 1210 1881 incenderit,
1242 1845 1292 1869 ne
1306 1831 1422 1868 vivus
1442 1829 1482 1866 in
1497 1828 1585 1866 Mo-

159 1887 376 1937 guleusium
394 1901 531 1926 manus
561 1889 731 1939 veniret3
771 1890 839 1940 qui
869 1889 986 1940 paulo
1005 1894 1094 1939 post
1116 1887 1314 1932 venimtes
1335 1891 1374 1922 et
1390 1883 1584 1933 Namqui-

159 1955 256 1980 num
277 1949 312 1980 et
328 1949 498 1980 caeteras
516 1945 704 1982 maximas
725 1944 906 1981 Cathaiae
924 1943 1041 1980 urbes
1063 1942 1136 1980 sibi
1152 1940 1411 1979 subiecerunt.
1457 1939 1583 1978 notis-

159 1997 299 2036 simum
325 2011 443 2050 porro
469 2005 527 2036 est
553 1999 813 2048 Namquinum
844 2011 986 2035 nomen
1014 2010 1097 2035 esse
1124 1997 1283 2034 alterius
1313 1995 1422 2032 urbis
1453 1994 1581 2044 regiae

159 2052 313 2104 imperii
338 2055 536 2102 Sinarum,
575 2067 690 2104 quam
707 2060 793 2092 tum
825 2053 943 2092 fuisse
966 2058 1117 2103 captam
1138 2065 1158 2088 a
1180 2051 1352 2088 Tartar-is
1371 2049 1496 2089 videri
1514 2051 1580 2086 in-

158 2108 346 2147 credibile
368 2122 448 2147 non
474 2109 606 2158 debet,
637 2122 728 2148 cum
749 2107 823 2146 hac
839 2114 973 2146 nostra
997 2113 1118 2145 aetate
1142 2106 1304 2143 similem
1322 2105 1581 2156 irruptionem

157 2164 394 2202 Tartaricam
422 2164 464 2202 in
494 2165 654 2203 Sinense
686 2177 846 2214 regnum
874 2163 1080 2212 contigisse
1104 2161 1325 2200 certissimis
1344 2160 1492 2198 nuntiis
1511 2173 1580 2196 co-

154 2219 422 2270 gnoverimus;
452 2233 528 2270 qua
553 2220 669 2258 etiam
697 2219 792 2257 haec
822 2219 954 2257 eadem
982 2217 1281 2267 Namquinensis
1304 2216 1442 2254 civitas
1463 2220 1579 2266 capta

112 2280 114 2282 ’
155 2281 195 2313 et
214 2281 360 2314 vastata
385 2275 503 2313 fuisse
521 2275 771 2314 disertissime
797 2274 968 2312 traditur
981 2303 992 2322 ‚
1027 2273 1194 2323 itemque
1208 2273 1329 2310 altera
1346 2270 1577 2322 Pequinum,

155 2330 226 2368 ubi
250 2330 512 2382 deprehensus
537 2331 754 2368 Sinensium
778 2343 849 2368 rex
877 2343 955 2367 non
995 2329 1122 2366 minus
1153 2327 1302 2378 tragico
1339 2339 1455 2378 quam
1479 2334 1575 2363 tunc

154 2386 276 2424 Altun
303 2386 412 2424 Chan
441 2386 550 2424 exitu
576 2386 881 2438 desperationem
917 2383 1099 2423 ostendit.
1163 2397 1252 2421 nam
1277 2396 1326 2421 ne
1357 2381 1575 2421 victoribus

155 2441 328 2480 ludibrio
353 2448 455 2480 esset
466 2471 477 2491 ,
506 2442 631 2480 nubili
653 2441 764 2493 prius
780 2441 859 2478 filia
884 2440 1117 2478 obtruncata
1130 2469 1142 2484 ,
1169 2451 1252 2476 sese
1270 2438 1352 2489 ipse
1370 2450 1420 2475 ex
1437 2437 1575 2475 arbore

156 2497 380 2549 suspendit,
409 2510 512 2536 anno
532 2497 678 2535 Christi
696 2497 814 2545 1644,
837 2502 882 2532 ut
899 2495 1040 2545 legitur
1058 2495 1098 2531 in
1125 2493 1286 2532 historia
1298 2493 1455 2531 Martini
1470 2492 1573 2530 Mar-

157 2553 244 2590 tinii
262 2554 388 2592 nostri
408 2554 516 2591 testis
533 2566 654 2604 paene
673 2553 816 2590 oculati
834 2551 908 2589 hac
931 2551 978 2588 de
996 2563 1038 2588 re
1053 2549 1168 2597 edita,
1195 2561 1294 2600 quae
1310 2555 1349 2586 et
1373 2548 1503 2585 eadem
1523 2559 1574 2583 ex

157 2607 240 2645 eius
260 2621 327 2646 ore
346 2614 383 2646 et
402 2610 442 2647 P.
459 2609 660 2647 Michaelis
678 2607 814 2659 Boymi
833 2607 924 2644 item
944 2603 1092 2653 nostri,
1125 2604 1194 2642 1110
1215 2606 1358 2642 Romae
1379 2603 1472 2641 dum
1490 2601 1574 2639 visa

156 2663 344 2701 referrent
371 2664 602 2703 audivimus.
658 2665 727 2702 sed
753 2670 791 2701 et
809 2662 1005 2700 Cathaiain
1035 2673 1114 2697 non
1140 2660 1246 2698 aliud
1266 2672 1347 2697 esse
1375 2670 1491 2708 quam
1511 2657 1572 2693 Si-

157 2730 268 2766 nam,
296 2719 434 2757 missus
457 2720 538 2757 Goa
561 2733 624 2758 311.
645 2719 789 2757 Christi
814 2721 920 2760 1603
951 2719 1000 2759 16
1026 2715 1191 2754 Ianuarii
1209 2715 1440 2753 Benedictus
1469 2712 1574 2749 Goez

157 2777 289 2811 noster
316 2774 367 2812 ad
388 2773 464 2812 hoc
490 2775 618 2827 ipsum
645 2775 952 2827 explorandum,
996 2771 1140 2810 trienni
1167 2768 1477 2824 peregn‘natione
1496 2767 1574 2805 cla-
