1858 3126
272 139 369 187 682
661 138 968 183 OBSERVAT.
1002 140 1310 191 PAGHYMER.

271 248 452 302 eclipsit:
480 244 524 288 τὸ
541 242 583 287 δ’
596 240 670 298 ἦν,
700 263 756 296 ως
777 246 916 297 ἔοικεν,
946 246 989 288 ἐκ
1008 245 1144 296 ζέσεως
1161 251 1334 300 φυσικῆς
1346 249 1564 322 ἔγκξιρδίσυ-
1592 249 1706 300 οθεν,

271 303 318 347 οἴ
316 321 404 358 μαι,
432 301 500 343 καὶ
518 318 561 343 το
586 299 735 354 ευφυὲς
753 302 890 344 ἐκείνω
912 303 980 344 καὶ
1000 302 1101 358 υπὲρ
1118 302 1163 346 τὸ
1181 308 1384 357 προσῆκον
1398 302 1465 359 ἦν.
1518 307 1616 346 haec
1634 321 1706 358 ego

270 363 314 405 in
316 323 446 399 μ1111110
476 359 639 397 modum
662 365 875 399 verteram:
904 362 1017 412 origo
1041 363 1125 399 eius
1147 375 1213 400 νει·
1213 363 1413 400 :similiter
1428 364 1707 428 imputabatur

268 417 452 458 naturali
479 415 790 468 effirvescentiae
817 415 974 455 cordis·
961 446 973 465 ,
1008 431 1132 468 quam
1160 425 1197 455 et
1225 432 1394 456 causam
1413 411 1598 469 eisaie&
1621 434 1710 458 reor

267 473 459 511 ruboris
443 486 487 510 m
506 472 870 524 vultuflagrarztie.
927 487 1049 525 supe1
1067 473 1128 511 his
1151 474 1288 512 edita
1276 488 1353 512 iam
1372 474 1497 526 priori
1517 475 1709 526 parteilla

266 528 600 593 Pachymerianae
628 528 816 568 historiae
841 530 1026 568 convenit
1044 543 1107 568 me
1126 530 1190 569 vir
1211 536 1251 568 et
1270 531 1460 581 dignitate
1486 531 1711 571 illustris-i·-

267 599 354 626 mus
375 592 414 623 et
438 585 594 635 ingenio
618 599 666 623 ac
691 585 914 624 eruditione
940 592 1167 638 praestans,
1195 586 1380 651 idemque
1406 586 1712 657 humanissimus·

266 656 314 682 ac
337 641 413 680 mei
435 641 551 692 longe
568 655 687 692 supra
707 642 889 680 me1itum
911 656 1070 691 amans;
1108 649 1148 680 et
1174 643 1309 681 mirari
1333 657 1375 682 se
1405 643 1508 682 dixit
1535 643 1643 707 quod
1668 658 1713 688 το

268 693 437 749 ευφυές,
465 711 544 748 quo
573 698 694 748 vulgo
723 698 945 748 ingenium,
974 671 1194 748 indiistria,
1220 699 1324 737 bona
1345 699 1520 749 indoles,
1547 700 1590 737 in
1608 699 1710 737 clas-

265 755 361 795 sicis
399 753 623 792 auctoribus
658 756 856 804 signatur,
898 768 967 805 ego
1000 755 1051 792 ad
1082 756 1219 793 vultus
1245 756 1428 793 ruborem
1461 755 1710 794 contulerim.

265 811 364 850 huic
391 823 461 860 ego
485 810 621 860 gratiis
649 810 806 863 prolixe
830 810 997 860 habitis,
1025 817 1064 849 et
1083 825 1132 849 ex
1153 825 1248 850 vero
1273 811 1488 862 significata
1509 811 1711 850 docilitate

266 880 353 906 mea
381 867 432 905 ad
459 866 806 918 obtemperandum
836 873 943 905 recta
966 867 1236 915 monentibus,
1265 868 1417 905 ostendi
1434 867 1530 918 quid
1551 873 1711 906 secutus

266 938 290 961 a
308 929 401 962 nota
418 923 528 961 vocis
546 922 628 960 eius
647 923 808 960 notione
827 923 1083 967 deflexissent.
1140 930 1179 962 et
1195 923 1264 961 ille
1281 938 1344 962 nie
1361 924 1496 962 audito
1506 953 1518 973 ,
1545 923 1712 962 innuere

269 993 351 1018 11011
371 985 430 1017 est
447 985 630 1030 gravatus
651 978 725 1017 sibi
745 979 1002 1019 satisfactum.
1047 980 1139 1030 quia
1158 993 1254 1018 vero
1273 980 1436 1018 eruditis
1451 993 1607 1031 quoque
1623 979 1712 1019 aliis

268 1035 481 1078 lectoribus
500 1035 623 1073 simile
642 1035 847 1087 quidpiam
865 1049 1034 1075 occursu
1053 1036 1136 1074 eius
1155 1036 1234 1074 loci
1251 1038 1463 1074 venturum
1478 1036 1522 1074 in
1540 1041 1712 1075 mentem

268 1098 329 1131 est
346 1091 533 1130 credibile
544 1119 554 1136 ,
585 1104 682 1143 quae
698 1091 759 1128 illi
776 1092 986 1160 respondi,
1014 1093 1145 1161 palam
1162 1091 1229 1130 bic
1249 1106 1445 1144 exponere
1463 1105 1603 1144 operae
1618 1105 1713 1144 pre-

268 1148 369 1186 tium
397 1148 550 1200 putavi.
606 1161 687 1185 non
707 1160 770 1186 me
790 1147 887 1186 latet
905 1143 1051 1217 ευφυὲς
1069 1148 1295 1199 adaptatum
1311 1147 1463 1186 homini
1481 1149 1712 1200 plerumque

268 1217 411 1242 sonare
436 1220 480 1244 το
512 1200 642 1252 δεξιὸν
667 1206 739 1243 τοῦ
768 1206 844 1243 νοῦ
862 1204 929 1244 καὶ
950 1198 996 1244 εὖ
1012 1218 1190 1254 πεφυκος
1209 1220 1308 1268 προς
1325 1220 1368 1245 το
1388 1208 1560 1256 μαθεῖν,
1585 1204 1711 1242 indu-

265 1260 407 1299 striam
433 1266 472 1298 et
501 1259 730 1298 facilitatem
758 1260 954 1310 quandam
981 1260 1081 1298 acris
1107 1260 1264 1311 ingenii.
1318 1260 1388 1298 sed
1415 1266 1456 1298 et
1480 1260 1563 1298 scio
1581 1259 1712 1312 Hesy-

268 1316 403 1357 chium
421 1312 555 1368 εὐφυῆ
569 1315 769 1379 explicare
785 1330 855 1367 per
875 1315 1024 1369 ωραῖον
1040 1317 1269 1354 formosum.
1306 1318 1368 1354 foi
1370 1330 1454 1354 mae
1471 1322 1598 1354 autem
1615 1329 1711 1368 par-

268 1379 349 1411 tem
367 1372 411 1410 in
428 1373 546 1411 vultu
564 1373 651 1423 quis
669 1385 744 1423 neg
746 1379 785 1410 et
803 1372 988 1411 ruborem
1005 1373 1117 1411 esse?
1147 1379 1186 1410 et
1208 1372 1305 1423 quid
1331 1372 1441 1411 aliud
1465 1373 1517 1411 ad
1544 1373 1712 1411 formam

267 1429 471 1481 pertinens
491 1428 534 1469 ἐκ
554 1428 694 1476 ζέσεως
712 1431 887 1492 φυσικῆς
905 1429 1112 1481 ἔγκαρδίου
1130 1443 1175 1466 ex
1193 1430 1377 1467 naturale
1379 1430 1546 1478 fervore
1564 1427 1712 1477 cordis,

266 1498 385 1535 quam
414 1484 597 1522 1ub01em
622 1484 689 1522 hic
714 1483 792 1523 dici
826 1485 993 1523 existere
1015 1484 1282 1523 verisimiliter
1305 1484 1550 1524 comminisci
1567 1483 1711 1554 potui?

267 1546 375 1578 lecte
405 1540 636 1578 Eustathius
664 1540 712 1577 ad
734 1540 846 1580 Iliad.
866 1543 892 1593 β
910 1555 952 1592 Ρ.
974 1544 1052 1582 172
1073 1541 1134 1579 ed.
1155 1542 1268 1581 Rom.
1296 1540 1437 1592 ῥἠτὲον
1463 1556 1518 1588 ως
1546 1537 1654 1591 διττή
1681 1537 1712 1591 ἦ

265 1593 378 1647 φυή,
407 1594 449 1662 ἦ
467 1593 538 1647 μὲν
563 1592 660 1634 κατὰ
686 1593 734 1634 τοὶ
764 1593 914 1645 ἕκτος.
966 1593 1178 1666 ,δεξιότης
1206 1591 1308 1636 οὐσα
1334 1594 1535 1664 σωματικη
1563 1611 1631 1636 και
1652 1595 1712 1644 εἰς

265 1649 406 1695 ταυτόν
422 1647 576 1703 ἤκουσα
593 1653 647 1705 τῷ
666 1647 797 1690 κάλλει
827 1681 836 1689 .
857 1681 866 1690 .
887 1681 896 1690 .
915 1680 924 1689 .
958 1647 1035 1702 ἀφ’
1055 1647 1105 1703 ἧς
1124 1651 1190 1691 καὶ
1207 1647 1421 1702 πρόσωπον
1442 1647 1617 1702 ευφυὲς.

265 1707 333 1748 καὶ
354 1722 453 1759 αυτη
477 1705 548 1776 μὲν
565 1723 592 1757 η
611 1704 710 1746 zato?
730 1719 844 1775 σωμα
862 1704 988 1758 ‹pmi-
1038 1736 1048 1744 .
1077 1705 1187 1758 ἑτέρα
1205 1705 1248 1747 δὲ
1265 1705 1362 1747 aare}
1381 1709 1499 1755 νοῦν,
1526 1704 1626 1748 ’ὅθεν
1643 1722 1712 1747 και

264 1761 424 1827 εὐφυής
443 1761 466 1804 ἆ
488 1777 531 1803 ευ
557 1762 666 1830 ἔχων
681 1762 737 1810 εἰς
755 1760 798 1803 τὸ
817 1762 977 1803 εἰδέναι.
1033 1761 1143 1801 vides
1162 1762 1230 1800 hic
1251 1764 1354 1801 clare
1372 1763 1559 1826 distingui
1575 1763 1711 1814 dupli-

264 1833 351 1858 cem
379 1819 462 1858 vim
487 1819 598 1858 verbi
622 1814 796 1870 ευφυής,
826 1832 991 1870 quarum
1017 1817 1068 1855 ad
1093 1819 1236 1856 mentis
1256 1819 1509 1858 acrimoniam
1533 1832 1633 1869 una,
1660 1818 1711 1856 ad

267 1875 448 1927 corporis
471 1889 518 1913 ac
543 1875 680 1914 vultus
709 1875 877 1926 speciem
902 1874 1098 1926 pertineat
1126 1875 1258 1913 altera.
1313 1875 1423 1914 iuxta
1442 1875 1614 1926 priorem
1635 1887 1711 1912 ne·-

267 1945 461 1984 quaquam
479 1931 548 1969 hic
569 1931 844 1982 Pachymerem
866 1932 1044 1968 locutum
1059 1931 1210 1981 suadet,
1240 1931 1346 1982 quod
1363 1932 1414 1969 sit
1426 1931 1712 1981 inconsequens

268 1987 621 2040 promptitudinem
649 1987 798 2038 ingenii
825 1987 967 2025 nimiae
996 2000 1043 2024 ac
1073 1987 1277 2025 morbosae
1297 1987 1428 2025 cordis
1447 1988 1710 2026 effervescen-

268 2044 349 2082 tiae
366 2050 563 2095 tamquam
578 2044 786 2096 proprium
801 2044 981 2082 effectum
1002 2043 1215 2094 assignare,
1244 2044 1471 2095 praesertim
1502 2056 1593 2081 cum
1617 2055 1711 2081 mox

271 2099 393 2137 addat
413 2113 496 2138 rem
514 2101 632 2151 plane
654 2100 886 2139 contrariam
900 2130 912 2149 ‚
941 2113 1080 2151 nempe
1097 2099 1306 2151 fuligine-5·
1329 2114 1375 2137 ex
1397 2102 1475 2136 isto
1492 2097 1628 2136 cordis
1644 2101 1712 2136 in·

270 2154 408 2193 cendio
435 2170 595 2193 sursum
627 2159 670 2194 in
697 2157 895 2194 cerebrum
910 2157 1092 2206 perlatas
1108 2158 1281 2194 rationis
1296 2158 1339 2194 in
1359 2157 1506 2194 Ioanne
1522 2156 1711 2206 Augu-nte

274 2225 391 2249 usum
416 2213 680 2262 perturbasse.
733 2212 830 2250 haec
856 2213 958 2250 enim
988 2218 1047 2250 est
1077 2212 1268 2249 sententia
1297 2213 1506 2250 verbolum
1529 2211 1709 2248 illorum:

268 2283 323 2307 ου
348 2267 548 2319 στέγοντος
566 2272 638 2308 τοῦ
657 2270 798 2322 μορίου
817 2265 860 2309 τὸ
878 2266 1014 2315 πάθος
1028 2263 1248 2308 κάντεῦθεν
1261 2266 1544 2320 ἐκτρεπομένου
1561 2267 1635 2305 του
1651 2265 1710 2304 εἰ·

272 2318 399 2369 κότως
413 2351 425 2370 ,
456 2322 509 2370 ὦς
527 2323 624 2376 μηδὲ
642 2326 855 2377 χρησίμους
876 2321 1065 2372 πολλάκις
1086 2319 1330 2375 ἀναπέμπειν
1347 2326 1406 2378 τῷ
1419 2318 1621 2374 tympano)
1639 2334 1710 2367 τας

273 2373 549 2425 οἷναππνεύσεις
597 2381 695 2430 quin
717 2387 755 2418 et
773 2381 867 2418 dum
885 2386 1026 2430 reputo
1046 2379 1324 2430 Pachymerem
1340 2363 1507 2416 lectione
1527 2375 1708 2426 antiqui-

272 2433 368 2471 tatis
397 2433 556 2484 plenum
579 2436 713 2485 potius
740 2436 783 2472 in
819 2435 1028 2473 scribendo
1057 2435 1251 2486 iespicere
1279 2433 1375 2484 quid
1404 2431 1511 2483 apud
1529 2436 1709 2469 auctores

273 2489 423 2527 viderit
452 2502 566 2539 quam
594 2503 731 2528 curare
761 2491 858 2541 quid
885 2490 1017 2528 minus
1044 2490 1132 2542 ipso
1158 2490 1274 2528 tritus
1290 2490 1333 2526 in
1352 2487 1474 2526 veteri
1493 2486 1711 2525 eruditione

274 2547 400 2583 lector
428 2545 699 2583 intellecturus
726 2546 858 2583 statim
883 2546 951 2593 sit,
979 2546 1020 2582 in
1051 2545 1199 2595 animo,
1231 2557 1320 2582 cum
1338 2543 1436 2580 haec
1453 2542 1612 2580 chartae
1625 2543 1709 2579 illi-

268 2606 404 2652 n‚e1et
435 2599 611 2638 habuisse
630 2601 744 2638 simul
763 2601 851 2638 illos
868 2601 1029 2669 Homeri
1048 2614 1184 2638 versus
1201 2599 1311 2637 Iliad.
1330 2600 1354 2639 δ
1374 2599 1476 2638 τοῖοί
1494 2613 1555 2638 τοι
1575 2597 1710 2638 Mevia

275 2661 341 2697 λαε
368 2653 546 2708 μιάνθην
571 2657 706 2708 αι’ματι
727 2671 846 2708 μηροι
870 2671 991 2705 ευφυε
983 2655 1052 2704 ἐς,
1083 2656 1199 2693 simul
1217 2654 1417 2694 Plutaiclii
1438 2667 1486 2692 ex
1504 2655 1606 2692 libio
1625 2656 1710 2700 πῶς

273 2710 328 2752 ἄν
355 2728 414 2760 τις
441 2711 623 2752 αἴσθοιτο
653 2712 796 2752 ἑαυτοῦ
827 2707 1118 2762 προκόπτοντος
1146 2706 1212 2750 ἐπ’
1242 2708 1361 2780 ἅρετῇ
1386 2711 1518 2748 locum
1533 2709 1642 2748 hunc
1660 2709 1710 2747 de

277 2769 416 2807 iuvene
436 2781 641 2821 progresso
659 2768 739 2807 iam
756 2767 799 2806 in
819 2767 949 2806 studio
969 2766 1031 2806 vir
1035 2766 1148 2805 tutia:
1178 2762 1274 2807 ἀλλὰ
1291 2765 1358 2807 καὶ
1375 2763 1710 2820 προσαγορευθεὶς
