1858 3126
270 132 370 178 600
688 128 925 172 GEORGII
943 128 1306 173 *PAGHYMERIS

275 245 328 289 τὰ
355 242 505 300 φορτία
537 243 881 294 ὃιαπλωῖζεσθαι,
931 241 1137 297 τέσσαρας
1163 241 1207 284 δὲ
1233 237 1360 295 μόνον
1378 240 1553 299 τριήρεις
1575 242 1637 285 ἐπὶ
1657 241 1734 298 ῥη-

275 320 361 362 τοῖς
387 315 557 365 μισθοΐς
590 307 921 366 παρακατασχιῦν
934 343 946 363 ,
991 311 1062 367 ἐφ’
1094 305 1127 369 ᾧ
1147 312 1375 366 ὃιατηροῒεν
1397 310 1448 352 τὰ
1469 315 1542 366 τῆς
1555 308 1733 364 Ἀβύδου

278 378 420 432 στενά,
450 378 536 433 ἅμα
556 380 631 433 μέν
655 378 819 422 κωλύειν
839 379 937 428 τοὺς
959 379 1342 435 διαπεραιουμένους
1361 378 1544 432 Πέρσας,
1581 378 1668 433 ἅμα
1690 378 1735 420 δὲ

278 451 344 492 καὶ
367 449 441 498 τὰς
463 448 695 503 πειρατικὰς
714 449 887 502 ἐπέχειν,
925 446 974 502 ἥν
1001 465 1080 490 που
1102 455 1264 504 φανεῖεν
1279 480 1292 500 ,
1330 447 1404 497 τὰς
1425 446 1465 489 d'
1491 446 1618 496 ἄλλας
1637 445 1737 489 ἀπέ-

143 524 170 558 Ρ
195 524 261 558 419
284 522 377 570 λυε,
409 517 513 571 πλὴν
538 518 600 559 ἐπὶ
635 517 778 574 ῥηταῖς
804 515 973 572 ἡμέραις
997 516 1170 568 εἴκοσιν,
1204 515 1265 559 ‘lv’
1289 514 1339 570 ἢν
1357 516 1431 569 μὲν
1444 516 1490 558 ἲν
1507 519 1564 573 τῷ
1585 512 1770 567 μεταέἑό

281 584 620 640 ξυμβιβάζοιντο,
660 585 692 627 εἷ
723 584 766 627 δ’
799 581 895 638 οὖν,
941 592 1192 639 συμμαχοῖεν
1227 582 1318 627 τότε
1345 584 1451 627 κατὰ
1471 583 1523 626 τὰ
1548 580 1740 634 δόξαντα.

284 657 351 699 καὶ
381 655 419 696 οἳ
448 655 521 708 μὲν
548 653 772 705 ἀπέπλεον,
817 652 837 696 ὃ
869 654 913 696 δὲ
939 653 1132 707 βασιλεὺς
1151 650 1408 706 ἐκλεξάμενος
1436 651 1622 707 πρέσβεις
1639 650 1742 706 πρὸς

279 721 589 779 Ἀμογαβάρους
617 722 856 774 ἀπέστελλε,
902 720 1028 772 τάξας
1059 724 1126 764 καὶ
1157 721 1178 765 ὃ
1209 717 1258 776 ἦν
1277 720 1516 778 βουλομένῳ
1536 720 1573 762 οἶ
1599 722 1743 762 δοῦναι

285 793 477 848 χρυσίον,
516 793 570 840 εἷς
601 789 745 834 ἑκατὸν
774 788 959 845 χιλιάδας
990 789 1268 844 ποσοῦμενον,
1316 792 1351 832 εἲ
1386 789 1430 832 δ’
1465 788 1513 832 οὐ
1535 789 1741 839 πείθουσι,

286 860 553 916 προστιθέναι
570 861 636 901 καὶ
660 859 794 903 πλέον.
865 860 904 902 οἳ
923 864 1019 915 γοῦν
1040 859 1226 915 πρέσβεις
1245 855 1477 907 ἐπιστάντες
1501 856 1618 900 οὐδὲν
1645 855 1744 910 ἥνυ-
1756 869 1801 904 10

286 947 358 972 τον
372 943 383 953 ·
420 928 561 982 ἔτυχον
580 928 657 984 γὰρ
678 930 916 983 παμπληθεὶ
939 927 1017 983 πρὸ
1034 926 1195 983 ἡμερῶν
1218 928 1356 970 ἐκεῖνοι
1380 931 1453 981 τῆς
1472 926 1657 969 Καλλίου
1679 923 1748 967 ἑκ-

287 994 643 1053 στρατευσάμενοι.
714 997 809 1040 οὐδὲ
840 997 918 1053 γὰρ
947 997 1126 1051 ἠρέμουν
1143 996 1190 1039 τὸ
1226 995 1399 1038 σύνολον
1417 997 1748 1048 κακουργοῦντες.

238 1069 268 1103 Β
296 1068 360 1108 καὶ
385 1066 436 1120 δὴ
463 1070 536 1121 τῆς
563 1069 717 1119 βουλῆς
747 1066 907 1115 ἐκείνοις
932 1066 1256 1118 ἔνδοιαζομένης,
1291 1070 1378 1113 τοῖς
1397 1064 1472 1116 μὲν
1499 1061 1625 1104 ἐδόκει
1643 1063 1750 1103 διελ-

292 1133 450 1184 θόντας
483 1134 530 1176 τὸ
554 1133 707 1187 μεταξὺ
738 1135 1014 1191 Βραγχιαλιόυ
1045 1135 1111 1176 καὶ
1141 1130 1313 1184 πόλεως,
1361 1134 1426 1174 καὶ
1447 1131 1492 1173 τὸ
1515 1127 1751 1182 οἰκούμενον

294 1201 611 1258 ε’ρημώσαντας,
657 1202 772 1252 τέλος
808 1207 859 1260 τῇ
889 1200 1001 1245 πόλει
1033 1208 1250 1256 προσσχεῖν
1291 1202 1357 1242 καὶ
1383 1197 1806 1255 προσκαθημένους15

297 1271 480 1314 ἀπαιτεῖν
501 1271 597 1318 τοὺς
615 1269 810 1324 μισθούς.
878 1273 912 1313 εἰ
938 1266 1009 1314 οὖν
1026 1269 1188 1324 λάβοιεν
1219 1267 1412 1319 τούτους”
1449 1269 1484 1310 εἶ
1506 1267 1548 1310 δ’
1573 1262 1667 1318 οὖν,
1704 1263 1753 1308 τὸ

299 1339 422 1390 δόξαν
452 1341 654 1382 ἐπιτελεῖν.
725 1346 811 1389 τοῖς
841 1340 909 1392 δέ,
947 1341 1013 1382 καὶ
1038 1343 1197 1392 μᾶλλον
1219 1335 1545 1393 Τουρκοποῦλοις
1574 1333 1642 1376 διὰ
1658 1332 1755 1382 τοί-ς

298 1411 468 1458 οἰκείους
491 1408 627 1450 αὐτῶν
646 1408 939 1463 κατεχομένους
958 1407 1064 1465 παρ’
1082 1406 1264 1457 Ἀλανοῖς
1276 1439 1289 1459 ,
1328 1406 1393 1448 ἐπ’
1420 1405 1592 1454 ἐκείνους
1609 1400 1757 1460 πρότεο

300 1505 502 1538 festinantes
536 1503 702 1537 Euxinum
734 1516 852 1538 versus
885 1504 928 1539 ob
960 1508 1121 1549 urgentes
1154 1502 1423 1548 opportunitates
1451 1498 1756 1541 distrahendarum,

303 1550 424 1594 quibus
450 1555 607 1582 oneratas
633 1561 738 1583 naves
759 1551 951 1591 traherent,
987 1550 1165 1590 mercium,
1199 1560 1239 1582 eo
1262 1552 1340 1593 'quo
1362 1547 1583 1582 intendebant
1604 1547 1758 1578 caeteros

303 1607 419 1629 omnes
441 1596 628 1628 navarchos
652 1607 771 1639 passus
795 1601 848 1629 est
870 1598 1021 1636 solvere,
1045 1601 1191 1640 quatuor
1214 1594 1378 1639 exceptis,
1401 1603 1486 1638 quos
1510 1602 1584 1624 cum
1607 1589 1759 1630 totidem,

304 1652 390 1686 quas
412 1640 607 1682 ductabant,
629 1641 833 1681 triremibus,
856 1653 982 1674 navare
1005 1641 1072 1675 sibi
1095 1651 1232 1685 operam
1254 1639 1361 1673 voluit
1383 1642 1478 1672 certa
1499 1636 1656 1670 mercede
1679 1645 1760 1668 con-

303 1687 425 1721 stituta
457 1686 682 1720 custodiendis
717 1687 824 1729 Abydi
857 1687 1009 1721 saucibus
1042 1691 1078 1720 et
1118 1685 1328 1729 impediendo
1367 1695 1430 1729 per
1461 1685 1587 1717 fretum
1615 1680 1761 1715 traiectu

308 1733 488 1766 Persarum
511 1736 652 1777 tutaque
676 1743 696 1766 a
719 1732 858 1776 piratis,
889 1733 917 1766 si
940 1732 1000 1778 qui
1023 1744 1064 1766 ea
1089 1731 1195 1767 maria
1216 1731 1382 1765 infestare
1403 1733 1594 1771 tentarent,
1617 1737 1679 1760 ora
1699 1725 1762 1760 illa

308 1779 524 1823 praestanda.
571 1783 741 1812 caeterum
773 1778 825 1812 his
858 1778 1068 1812 denuntiavit
1099 1778 1186 1811 velle
1219 1787 1256 1811 se
1283 1776 1458 1810 abstinere
1477 1774 1572 1821 ipsos
1594 1784 1616 1807 a
1638 1771 1676 1806 vi
1699 1771 1763 1805 ho-

308 1825 416 1858 stibus
447 1824 622 1858 inferenda
657 1835 763 1869 usque
797 1825 839 1858 ad
873 1825 960 1858 diem
993 1836 1015 1857 a
1043 1823 1216 1868 praesenti
1250 1822 1465 1864 vicesimum,
1506 1831 1550 1854 ne
1578 1821 1763 1853 tractatum

310 1870 477 1914 quendam
510 1870 574 1904 iam
606 1871 797 1904 institutum
821 1869 916 1916 pacis
947 1869 1182 1914 intempestiva
1203 1869 1294 1902 sorte
1317 1867 1436 1912 praelii
1458 1864 1644 1900 commissio
1668 1861 1765 1897 disii-

311 1920 416 1949 ceret.
465 1920 542 1961 post
568 1927 642 1949 eum
665 1916 860 1958 terminum,
883 1916 912 1950 si
936 1916 1111 1950 conventio
1135 1926 1200 1949 non
1223 1914 1448 1955 coalesceret,
1470 1918 1543 1946 tum
1566 1921 1650 1945 sane
1670 1919 1765 1943 arma

312 1962 512 2005 expedirent
543 1963 767 2007 virtutemque
799 1966 1035 1997 monstrarent.
1091 1961 1142 1995 sic
1183 1960 1364 2005 pleraeque
1395 1958 1610 2004 appulsarmn
1641 1956 1765 1989 Genua

313 2007 466 2050 navium,
490 2014 635 2052 quatuor
659 2008 804 2046 relictis,
839 2008 980 2042 ulterius
1002 2007 1190 2052 navigando
1229 2011 1308 2041 sunt
1342 2010 1536 2051 provectae.
1581 2002 1766 2046 imperator

314 2057 426 2086 autem
449 2054 598 2087 delectos
620 2054 752 2098 legatos
775 2054 819 2087 ad
841 2055 1071 2098 Amogabaros
1095 2054 1204 2095 misit,
1236 2064 1310 2086 cum
1343 2049 1512 2085 mandatis
1532 2047 1697 2083 offerendi
1717 2045 1767 2079 eis

310 2108 336 2130 -a
359 2108 416 2140 se,
442 2099 470 2132 si
498 2101 583 2133 bello
608 2101 836 2142 abstinerent,
860 2105 991 2134 centum
1019 2110 1195 2134 aureorum
1219 2098 1342 2132 millia:
1372 2098 1423 2131 sin
1445 2107 1486 2130 ea
1516 2091 1656 2140 perpelli
1677 2101 1768 2125 mn-

316 2154 371 2176 ma
394 2155 459 2177 uon
484 2151 639 2188 possent,
663 2151 866 2190 potestatem
890 2145 1012 2189 legatis
1032 2147 1136 2180 dabat
1159 2145 1201 2179 ad
1225 2156 1297 2178 eam
1311 2169 1323 2185 ,
1345 2147 1505 2188 quantum
1527 2140 1609 2184 ipsis
1631 2137 1769 2171 videre-

317 2193 391 2230 tur,
422 2190 497 2234 plus
530 2191 714 2236 pollicendo
744 2192 954 2236 adiungendi.
1002 2191 1036 2225 hi
1069 2191 1212 2235 profecti
1237 2189 1424 2235 Callipolim
1458 2186 1561 2230 legati
1581 2182 1665 2218 nihil
1687 2192 1770 2234 ege·

319 2239 418 2275 runt,
444 2247 507 2269 non
532 2238 678 2281 repertis
697 2238 783 2280 illic,
809 2243 909 2282 prout
931 2242 1170 2282 speraverant,
1193 2236 1304 2281 gentis
1325 2233 1535 2280 primoribuS.
1579 2238 1680 2262 causa
1702 2228 1770 2260 funt

321 2280 411 2323 quod
437 2282 551 2325 paucis
575 2288 654 2317 ante
677 2283 796 2317 diebus
820 2283 970 2328 plerique
993 2284 1096 2317 duces
1119 2294 1192 2316 cum
1215 2286 1314 2327 parte
1337 2280 1506 2324 copiarum
1529 2273 1671 2325 maximi}
1691 2272 1771 2306 inde

321 2333 514 2360 moverant:
550 2340 615 2362 non
652 2329 739 2362 enim
774 2329 990 2373 patiebantur
1023 2329 1089 2362 sibi
1126 2339 1221 2361 mora
1254 2327 1380 2369 ignava
1413 2322 1527 2368 perire
1559 2329 1770 2352 occasuonem

319 2370 441 2404 damna
464 2383 562 2416 quam
585 2380 723 2418 possent
745 2374 887 2408 maxima
915 2374 1080 2408 universis
1115 2385 1214 2418 quam
1236 2371 1400 2405 latissime
1434 2369 1590 2411 paterent
1610 2364 1772 2398 subiectis

320 2416 515 2460 imperatori
548 2419 649 2452 terris
679 2420 858 2454 inferendi.
903 2431 1102 2464 quamquam
1135 2420 1170 2452 in
1193 2428 1320 2451 summa
1341 2413 1551 2448 consiliorum
1573 2411 1617 2444 de
1638 2409 1773 2443 ratione

323 2462 403 2495 belli
426 2463 514 2496 haud
537 2464 637 2508 plane
669 2465 939 2505 consentiebant,
972 2465 1168 2508 quibusdam
1200 2461 1412 2496 censentibus
1433 2456 1666 2492 traiiciendum
1688 2454 1773 2500 ipsis

323 2507 368 2540 ad
391 2520 467 2542 eum
489 2509 596 2542 locum
621 2521 696 2543 esse
718 2510 777 2553 qui
800 2509 1047 2543 Branchialium
1071 2515 1107 2542 et
1128 2509 1244 2542 urbem
1265 2506 1460 2544 interiacet,
1485 2507 1687 2545 vastataque
1710 2500 1775 2533 de-

325 2553 404 2588 hinc
426 2558 500 2588 tota
521 2555 579 2588 illa
601 2555 741 2599 regione
762 2555 837 2588 urbi
861 2554 1004 2599 denique
1025 2554 1089 2598 ipsi
1113 2554 1224 2597 copias
1246 2551 1490 2591 admovendam
1513 2547 1685 2582 obsidione
1707 2545 1776 2579 cir-

326 2611 402 2633 cum
423 2600 568 2645 undique
590 2601 739 2642 munita,
763 2600 939 2634 mittendos
962 2600 1004 2632 ad
1026 2601 1260 2643 imperatorem
1283 2597 1341 2642 qui
1364 2597 1477 2629 debita
1499 2594 1582 2639 ipsis
1610 2592 1686 2627 olim
1708 2590 1775 2625 sti-

328 2645 450 2690 pendia
471 2647 554 2682 solvi
575 2647 731 2680 continuo
755 2649 950 2691 poscerent,
987 2645 1021 2678 ni
1043 2647 1192 2686 faceret,
1223 2642 1372 2676 civitatis
1405 2638 1687 2686 oppugnationem
1710 2636 1776 2688 mi-

328 2698 513 2734 narentur,
537 2691 806 2726 irrevocabiliter
835 2690 956 2725 deinde
985 2690 1116 2724 scilicet
1148 2689 1256 2724 acturi
1286 2688 1377 2734 quod
1400 2688 1654 2722 constituerant.
1699 2681 1776 2716 alins

327 2739 611 2780 praevertendum
634 2738 813 2772 videbatur
834 2736 944 2772 aliud:
967 2736 1190 2780 opinabantur
1211 2734 1297 2769 euim
1321 2734 1374 2776 (in
1396 2744 1463 2777 qua
1482 2731 1624 2766 maxime
1641 2730 1778 2762 senten-

327 2781 378 2816 tia
401 2784 588 2830 Turcopnli
610 2788 709 2818 erant
730 2788 873 2829 propter
895 2782 1050 2829 captivos
1073 2794 1093 2817 c
1117 2781 1188 2816 suis
1210 2781 1367 2816 detentos
1387 2780 1432 2815 ab
1454 2777 1572 2813 Alanis
1596 2771 1776 2821 plurimos)
