<?xml version="1.0" encoding="UTF-8"?>
<!DOCTYPE html PUBLIC "-//W3C//DTD XHTML 1.0 Transitional//EN"
    "http://www.w3.org/TR/xhtml1/DTD/xhtml1-transitional.dtd">
<html xmlns="http://www.w3.org/1999/xhtml" xml:lang="en" lang="en">
 <head>
  <title>
</title>
<meta http-equiv="Content-Type" content="text/html;charset=utf-8" />
  <meta name='ocr-system' content='tesseract 3.04.00' />
  <meta name='ocr-capabilities' content='ocr_page ocr_carea ocr_par ocr_line ocrx_word'/>
</head>
<body>
  <div class='ocr_page' id='page_1' title='image "./corpusscriptorum18niebuoft_0291.png"; bbox 0 0 1820 3112; ppageno 0'>
   <div class='ocr_carea' id='block_1_1' title="bbox 319 165 1580 214">
    <p class='ocr_par' dir='ltr' id='par_1_1' title="bbox 319 165 1580 214">
     <span class='ocr_line' id='line_1_1' title="bbox 319 165 1580 214; baseline 0.001 -3"><span class='ocrx_word' id='word_1_1' title='bbox 319 167 397 211; x_wconf 93' lang='lat' dir='ltr'>DE</span> <span class='ocrx_word' id='word_1_2' title='bbox 430 165 764 211; x_wconf 80' lang='lat' dir='ltr'>ANDRONICO</span> <span class='ocrx_word' id='word_1_3' title='bbox 792 165 1166 211; x_wconf 83' lang='lat' dir='ltr'><strong>PALAEOLOGO</strong></span> <span class='ocrx_word' id='word_1_4' title='bbox 1202 167 1249 210; x_wconf 88' lang='lat' dir='ltr'>L.</span> <span class='ocrx_word' id='word_1_5' title='bbox 1268 165 1344 210; x_wconf 88' lang='lat'><strong>111.</strong></span> <span class='ocrx_word' id='word_1_6' title='bbox 1482 167 1580 214; x_wconf 81' lang='lat'>275</span> 
     </span>
    </p>
   </div>
   <div class='ocr_carea' id='block_1_2' title="bbox 49 277 1722 1299">
    <p class='ocr_par' dir='ltr' id='par_1_2' title="bbox 49 277 1722 1299">
     <span class='ocr_line' id='line_1_2' title="bbox 111 277 1582 339; baseline -0.001 -11"><span class='ocrx_word' id='word_1_7' title='bbox 111 281 161 328; x_wconf 69' lang='grc' dir='ltr'>οὔ</span> <span class='ocrx_word' id='word_1_8' title='bbox 180 281 264 338; x_wconf 81' lang='grc' dir='ltr'>μὴν</span> <span class='ocrx_word' id='word_1_9' title='bbox 277 279 430 339; x_wconf 70' lang='grc' dir='ltr'><strong><em>ἑαυτῇ,</em></strong></span> <span class='ocrx_word' id='word_1_10' title='bbox 457 281 493 324; x_wconf 85' lang='grc' dir='ltr'><strong><em>εἲ</em></strong></span> <span class='ocrx_word' id='word_1_11' title='bbox 515 281 583 323; x_wconf 79' lang='grc' dir='ltr'><strong><em>καὶ</em></strong></span> <span class='ocrx_word' id='word_1_12' title='bbox 610 279 775 337; x_wconf 75' lang='grc' dir='ltr'><strong><em>πρέπειν</em></strong></span> <span class='ocrx_word' id='word_1_13' title='bbox 803 277 911 336; x_wconf 69' lang='grc' dir='ltr'><strong><em>ἔλεγε</em></strong></span> <span class='ocrx_word' id='word_1_14' title='bbox 938 286 1027 331; x_wconf 83' lang='grc' dir='ltr'><strong><em>τοῖς</em></strong></span> <span class='ocrx_word' id='word_1_15' title='bbox 1059 281 1251 336; x_wconf 71' lang='grc' dir='ltr'><strong><em>μεγέθεσι</em></strong></span> <span class='ocrx_word' id='word_1_16' title='bbox 1278 279 1455 337; x_wconf 79' lang='grc' dir='ltr'><strong><em>στοργὴν</em></strong></span> <span class='ocrx_word' id='word_1_17' title='bbox 1475 281 1582 339; x_wconf 77' lang='grc' dir='ltr'><strong><em>πρὸς</em></strong></span> 
     </span>
     <span class='ocr_line' id='line_1_3' title="bbox 107 347 1722 407; baseline -0.002 -11"><span class='ocrx_word' id='word_1_18' title='bbox 107 352 187 402; x_wconf 75' lang='grc' dir='ltr'><strong><em>τὰς</em></strong></span> <span class='ocrx_word' id='word_1_19' title='bbox 205 348 475 400; x_wconf 72' lang='grc' dir='ltr'><strong><em>συνοικούσας</em></strong></span> <span class='ocrx_word' id='word_1_20' title='bbox 492 349 786 405; x_wconf 77' lang='grc' dir='ltr'>ἀμετακίνητον</span> <span class='ocrx_word' id='word_1_21' title='bbox 804 352 965 403; x_wconf 83' lang='grc' dir='ltr'><strong><em>μᾶλλον</em></strong></span> <span class='ocrx_word' id='word_1_22' title='bbox 982 347 1008 404; x_wconf 83' lang='grc' dir='ltr'>ἢ</span> <span class='ocrx_word' id='word_1_23' title='bbox 1027 347 1213 392; x_wconf 72' lang='grc' dir='ltr'>εὐκολίαν</span> <span class='ocrx_word' id='word_1_24' title='bbox 1229 349 1335 406; x_wconf 76' lang='grc' dir='ltr'><strong><em>πρὸς</em></strong></span> <span class='ocrx_word' id='word_1_25' title='bbox 1350 348 1578 407; x_wconf 75' lang='grc' dir='ltr'><strong><em>ἀλλοτρίω-</em></strong></span> <span class='ocrx_word' id='word_1_26' title='bbox 1601 358 1630 394; x_wconf 83' lang='grc' dir='ltr'>Ρ</span> <span class='ocrx_word' id='word_1_27' title='bbox 1656 362 1722 398; x_wconf 83' lang='lat'>186</span> 
     </span>
     <span class='ocr_line' id='line_1_4' title="bbox 110 413 1576 475; baseline -0.001 -11"><span class='ocrx_word' id='word_1_28' title='bbox 110 437 191 464; x_wconf 83' lang='grc' dir='ltr'><strong><em>σιν.</em></strong></span> <span class='ocrx_word' id='word_1_29' title='bbox 259 418 372 474; x_wconf 85' lang='grc' dir='ltr'><strong><em>ὅμως</em></strong></span> <span class='ocrx_word' id='word_1_30' title='bbox 391 418 436 461; x_wconf 79' lang='grc' dir='ltr'>δ’</span> <span class='ocrx_word' id='word_1_31' title='bbox 458 419 542 461; x_wconf 75' lang='grc' dir='ltr'><strong><em>ἐπεὶ</em></strong></span> <span class='ocrx_word' id='word_1_32' title='bbox 569 417 618 461; x_wconf 77' lang='grc' dir='ltr'>οὗ</span> <span class='ocrx_word' id='word_1_33' title='bbox 646 418 770 472; x_wconf 86' lang='grc' dir='ltr'><strong><em>με’λον</em></strong></span> <span class='ocrx_word' id='word_1_34' title='bbox 794 413 845 473; x_wconf 79' lang='grc' dir='ltr'>ἦν</span> <span class='ocrx_word' id='word_1_35' title='bbox 873 415 1006 474; x_wconf 75' lang='grc' dir='ltr'><strong><em>ταύτῃ</em></strong></span> <span class='ocrx_word' id='word_1_36' title='bbox 1029 421 1105 460; x_wconf 84' lang='grc' dir='ltr'><strong><em>τοῦ</em></strong></span> <span class='ocrx_word' id='word_1_37' title='bbox 1127 416 1492 475; x_wconf 80' lang='grc' dir='ltr'><strong><em>συναλλάγματος,</em></strong></span> <span class='ocrx_word' id='word_1_38' title='bbox 1526 419 1576 463; x_wconf 79' lang='grc' dir='ltr'><strong><em>τὸ</em></strong></span> 
     </span>
     <span class='ocr_line' id='line_1_5' title="bbox 109 483 1575 547; baseline -0.001 -15"><span class='ocrx_word' id='word_1_39' title='bbox 109 488 213 547; x_wconf 80' lang='grc' dir='ltr'><strong><em>πρὸς</em></strong></span> <span class='ocrx_word' id='word_1_40' title='bbox 225 487 301 538; x_wconf 82' lang='grc' dir='ltr'><strong><em>τὰς</em></strong></span> <span class='ocrx_word' id='word_1_41' title='bbox 319 486 384 530; x_wconf 79' lang='grc' dir='ltr'>ἐπ’</span> <span class='ocrx_word' id='word_1_42' title='bbox 407 484 569 538; x_wconf 77' lang='grc' dir='ltr'><strong><em>ἀδόξοις</em></strong></span> <span class='ocrx_word' id='word_1_43' title='bbox 590 483 834 543; x_wconf 78' lang='grc' dir='ltr'><strong><em>ἀναμνήσεις</em></strong></span> <span class='ocrx_word' id='word_1_44' title='bbox 853 485 1100 540; x_wconf 73' lang='grc' dir='ltr'><strong><em>ἀταμίευτον</em></strong></span> <span class='ocrx_word' id='word_1_45' title='bbox 1124 484 1225 541; x_wconf 51' lang='grc' dir='ltr'><strong><em>ἔχειν</em></strong></span> <span class='ocrx_word' id='word_1_46' title='bbox 1243 486 1320 542; x_wconf 80' lang='grc' dir='ltr'>τὴν</span> <span class='ocrx_word' id='word_1_47' title='bbox 1341 487 1575 544; x_wconf 83' lang='grc' dir='ltr'><strong><em>παρρησίαν</em></strong></span> 
     </span>
     <span class='ocr_line' id='line_1_6' title="bbox 75 553 1624 614; baseline 0 -13"><span class='ocrx_word' id='word_1_48' title='bbox 75 556 302 614; x_wconf 73' lang='grc' dir='ltr'><strong><em>ὅπερισσόν</em></strong></span> <span class='ocrx_word' id='word_1_49' title='bbox 320 555 469 613; x_wconf 69' lang='grc' dir='ltr'><strong><em>ἔκρινε,</em></strong></span> <span class='ocrx_word' id='word_1_50' title='bbox 506 557 574 598; x_wconf 80' lang='grc' dir='ltr'><strong><em>καὶ</em></strong></span> <span class='ocrx_word' id='word_1_51' title='bbox 590 556 718 611; x_wconf 73' lang='grc' dir='ltr'><strong><em>ἐσίγα.</em></strong></span> <span class='ocrx_word' id='word_1_52' title='bbox 790 555 914 614; x_wconf 88' lang='grc'>(31)</span> <span class='ocrx_word' id='word_1_53' title='bbox 941 553 1146 610; x_wconf 75' lang='grc' dir='ltr'><strong><em>ἀπογνοὺς</em></strong></span> <span class='ocrx_word' id='word_1_54' title='bbox 1162 554 1207 597; x_wconf 82' lang='grc' dir='ltr'>δ’</span> <span class='ocrx_word' id='word_1_55' title='bbox 1228 556 1384 598; x_wconf 74' lang='grc' dir='ltr'><strong><em>ἐκεῖθεν</em></strong></span> <span class='ocrx_word' id='word_1_56' title='bbox 1404 554 1427 598; x_wconf 85' lang='grc' dir='ltr'><strong><em>ὃ</em></strong></span> <span class='ocrx_word' id='word_1_57' title='bbox 1447 560 1571 610; x_wconf 76' lang='grc' dir='ltr'><strong><em>βασι-</em></strong></span> <span class='ocrx_word' id='word_1_58' title='bbox 1594 566 1624 602; x_wconf 86' lang='grc' dir='ltr'><strong><em>Β</em></strong></span> 
     </span>
     <span class='ocr_line' id='line_1_7' title="bbox 108 620 1576 682; baseline -0.001 -12"><span class='ocrx_word' id='word_1_59' title='bbox 108 626 202 676; x_wconf 76' lang='grc' dir='ltr'>λεῦς</span> <span class='ocrx_word' id='word_1_60' title='bbox 230 629 306 682; x_wconf 87' lang='grc' dir='ltr'><strong><em>τῆς</em></strong></span> <span class='ocrx_word' id='word_1_61' title='bbox 329 625 434 679; x_wconf 81' lang='grc' dir='ltr'><strong><em>μετὰ</em></strong></span> <span class='ocrx_word' id='word_1_62' title='bbox 465 628 517 682; x_wconf 83' lang='grc' dir='ltr'><strong><em>τῇ</em></strong></span> <span class='ocrx_word' id='word_1_63' title='bbox 537 623 695 682; x_wconf 74' lang='grc' dir='ltr'><strong><em>ἀδελφῇ</em></strong></span> <span class='ocrx_word' id='word_1_64' title='bbox 713 625 876 681; x_wconf 84' lang='grc' dir='ltr'><strong><em>πείρας,</em></strong></span> <span class='ocrx_word' id='word_1_65' title='bbox 912 623 985 667; x_wconf 78' lang='grc' dir='ltr'>τὸν</span> <span class='ocrx_word' id='word_1_66' title='bbox 1009 620 1164 680; x_wconf 78' lang='grc' dir='ltr'><strong><em>κρᾶλην</em></strong></span> <span class='ocrx_word' id='word_1_67' title='bbox 1185 624 1364 678; x_wconf 78' lang='grc' dir='ltr'><strong><em>Σερβίας</em></strong></span> <span class='ocrx_word' id='word_1_68' title='bbox 1380 621 1576 675; x_wconf 78' lang='grc' dir='ltr'><strong><em>ἀδοξότε-</em></strong></span> 
     </span>
     <span class='ocr_line' id='line_1_8' title="bbox 108 690 1571 752; baseline -0.001 -14"><span class='ocrx_word' id='word_1_69' title='bbox 108 692 232 752; x_wconf 81' lang='grc' dir='ltr'>ρονῆ</span> <span class='ocrx_word' id='word_1_70' title='bbox 265 693 369 751; x_wconf 78' lang='grc' dir='ltr'><strong><em>πρὸς</em></strong></span> <span class='ocrx_word' id='word_1_71' title='bbox 397 690 625 748; x_wconf 76' lang='grc' dir='ltr'><strong><em>οῗκειότητα</em></strong></span> <span class='ocrx_word' id='word_1_72' title='bbox 655 692 731 747; x_wconf 80' lang='grc' dir='ltr'>τὴν</span> <span class='ocrx_word' id='word_1_73' title='bbox 758 693 801 744; x_wconf 72' lang='grc' dir='ltr'>ἐξ</span> <span class='ocrx_word' id='word_1_74' title='bbox 832 694 941 743; x_wconf 76' lang='grc' dir='ltr'><strong><em>ἰδίας</em></strong></span> <span class='ocrx_word' id='word_1_75' title='bbox 970 691 1184 749; x_wconf 71' lang='grc' dir='ltr'><strong><em>θυγατρὸς</em></strong></span> <span class='ocrx_word' id='word_1_76' title='bbox 1214 691 1367 750; x_wconf 66' lang='grc' dir='ltr'><strong><em>ἔκρινε,</em></strong></span> <span class='ocrx_word' id='word_1_77' title='bbox 1403 694 1571 748; x_wconf 83' lang='grc' dir='ltr'><strong><em>μείζονα</em></strong></span> 
     </span>
     <span class='ocr_line' id='line_1_9' title="bbox 105 757 1574 822; baseline -0.001 -16"><span class='ocrx_word' id='word_1_78' title='bbox 105 761 154 806; x_wconf 76' lang='grc' dir='ltr'>δ’</span> <span class='ocrx_word' id='word_1_79' title='bbox 182 757 310 813; x_wconf 72' lang='grc' dir='ltr'><strong><em>αὖθις</em></strong></span> <span class='ocrx_word' id='word_1_80' title='bbox 338 761 362 818; x_wconf 83' lang='grc' dir='ltr'>ἢ</span> <span class='ocrx_word' id='word_1_81' title='bbox 395 765 761 819; x_wconf 72' lang='grc' dir='ltr'><strong><em>καταφρονεῖσθαι.</em></strong></span> <span class='ocrx_word' id='word_1_82' title='bbox 830 761 898 805; x_wconf 80' lang='grc' dir='ltr'>διὰ</span> <span class='ocrx_word' id='word_1_83' title='bbox 926 765 1052 804; x_wconf 76' lang='grc' dir='ltr'><strong><em>τοῦτο</em></strong></span> <span class='ocrx_word' id='word_1_84' title='bbox 1074 762 1142 804; x_wconf 86' lang='grc' dir='ltr'><strong><em>καὶ</em></strong></span> <span class='ocrx_word' id='word_1_85' title='bbox 1164 759 1237 804; x_wconf 81' lang='grc' dir='ltr'>τὸν</span> <span class='ocrx_word' id='word_1_86' title='bbox 1259 760 1402 819; x_wconf 77' lang='grc' dir='ltr'><strong><em>καιρὸν</em></strong></span> <span class='ocrx_word' id='word_1_87' title='bbox 1421 765 1482 822; x_wconf 80' lang='grc' dir='ltr'><strong><em>τῷ</em></strong></span> <span class='ocrx_word' id='word_1_88' title='bbox 1503 762 1574 805; x_wconf 74' lang='grc' dir='ltr'>ἐλ-</span> 
     </span>
     <span class='ocr_line' id='line_1_10' title="bbox 106 827 1574 888; baseline 0 -14"><span class='ocrx_word' id='word_1_89' title='bbox 106 832 285 875; x_wconf 83' lang='grc' dir='ltr'><strong><em>λείποντι</em></strong></span> <span class='ocrx_word' id='word_1_90' title='bbox 318 831 556 888; x_wconf 74' lang='grc' dir='ltr'><strong><em>προστιθεὶς</em></strong></span> <span class='ocrx_word' id='word_1_91' title='bbox 583 827 802 887; x_wconf 79' lang='grc' dir='ltr'><strong><em>ἀξιώτερον</em></strong></span> <span class='ocrx_word' id='word_1_92' title='bbox 829 831 951 874; x_wconf 76' lang='grc' dir='ltr'><strong><em>ἐποίει</em></strong></span> <span class='ocrx_word' id='word_1_93' title='bbox 979 829 1085 886; x_wconf 80' lang='grc' dir='ltr'><strong><em>πρὸς</em></strong></span> <span class='ocrx_word' id='word_1_94' title='bbox 1104 829 1178 885; x_wconf 84' lang='grc' dir='ltr'>τὴν</span> <span class='ocrx_word' id='word_1_95' title='bbox 1209 831 1273 872; x_wconf 73' lang='grc' dir='ltr'>ἐπὶ</span> <span class='ocrx_word' id='word_1_96' title='bbox 1294 831 1476 887; x_wconf 77' lang='grc' dir='ltr'><strong><em>θυγατρὶ</em></strong></span> <span class='ocrx_word' id='word_1_97' title='bbox 1495 847 1574 874; x_wconf 84' lang='grc' dir='ltr'>συ-</span> 
     </span>
     <span class='ocr_line' id='line_1_11' title="bbox 52 894 1622 957; baseline 0.002 -15"><span class='ocrx_word' id='word_1_98' title='bbox 52 905 97 942; x_wconf 84' lang='grc'>10</span> <span class='ocrx_word' id='word_1_99' title='bbox 109 901 258 957; x_wconf 77' lang='grc' dir='ltr'><strong><em>ζυγίαν.</em></strong></span> <span class='ocrx_word' id='word_1_100' title='bbox 329 894 380 954; x_wconf 79' lang='grc' dir='ltr'>ἦν</span> <span class='ocrx_word' id='word_1_101' title='bbox 408 894 480 942; x_wconf 78' lang='grc' dir='ltr'>οὗν</span> <span class='ocrx_word' id='word_1_102' title='bbox 509 896 617 941; x_wconf 82' lang='grc' dir='ltr'><strong><em>πάνυ</em></strong></span> <span class='ocrx_word' id='word_1_103' title='bbox 649 898 809 942; x_wconf 83' lang='grc' dir='ltr'><strong><em>ἇστεΐον</em></strong></span> <span class='ocrx_word' id='word_1_104' title='bbox 840 903 966 942; x_wconf 79' lang='grc' dir='ltr'><strong><em>τοῦτο</em></strong></span> <span class='ocrx_word' id='word_1_105' title='bbox 995 898 1043 941; x_wconf 84' lang='grc' dir='ltr'><strong><em>τὸ</em></strong></span> <span class='ocrx_word' id='word_1_106' title='bbox 1071 896 1321 955; x_wconf 77' lang='grc' dir='ltr'><strong><em>θυγάτριον,</em></strong></span> <span class='ocrx_word' id='word_1_107' title='bbox 1352 897 1468 942; x_wconf 69' lang='grc' dir='ltr'><strong><em>οὔπω</em></strong></span> <span class='ocrx_word' id='word_1_108' title='bbox 1494 899 1567 944; x_wconf 77' lang='grc' dir='ltr'>τὸν</span> <span class='ocrx_word' id='word_1_109' title='bbox 1590 910 1622 945; x_wconf 89' lang='lat' dir='ltr'>C</span> 
     </span>
     <span class='ocr_line' id='line_1_12' title="bbox 105 965 1571 1027; baseline 0 -15"><span class='ocrx_word' id='word_1_110' title='bbox 105 969 221 1012; x_wconf 70' lang='grc' dir='ltr'><strong><em>ἕκτον</em></strong></span> <span class='ocrx_word' id='word_1_111' title='bbox 250 965 540 1024; x_wconf 75' lang='grc' dir='ltr'><strong><em>παραλλάττον</em></strong></span> <span class='ocrx_word' id='word_1_112' title='bbox 566 965 776 1020; x_wconf 69' lang='grc' dir='ltr'><strong><em>ἐνιαυτόν,</em></strong></span> <span class='ocrx_word' id='word_1_113' title='bbox 815 966 1026 1025; x_wconf 77' lang='grc' dir='ltr'><strong><em>ἀγαπητὸν</em></strong></span> <span class='ocrx_word' id='word_1_114' title='bbox 1055 968 1130 1022; x_wconf 74' lang='grc' dir='ltr'>μὲν</span> <span class='ocrx_word' id='word_1_115' title='bbox 1159 965 1322 1027; x_wconf 69' lang='grc' dir='ltr'><strong><em>ἑαυτῷ,</em></strong></span> <span class='ocrx_word' id='word_1_116' title='bbox 1358 966 1571 1025; x_wconf 76' lang='grc' dir='ltr'><strong><em>ἀγαπητὸν</em></strong></span> 
     </span>
     <span class='ocr_line' id='line_1_13' title="bbox 104 1033 1573 1095; baseline -0.001 -15"><span class='ocrx_word' id='word_1_117' title='bbox 104 1036 150 1080; x_wconf 81' lang='grc' dir='ltr'>δ’</span> <span class='ocrx_word' id='word_1_118' title='bbox 180 1034 362 1087; x_wconf 71' lang='grc' dir='ltr'><strong><em>ἐκτόπως</em></strong></span> <span class='ocrx_word' id='word_1_119' title='bbox 385 1037 452 1079; x_wconf 83' lang='grc' dir='ltr'><strong><em>καὶ</em></strong></span> <span class='ocrx_word' id='word_1_120' title='bbox 473 1040 524 1093; x_wconf 86' lang='grc' dir='ltr'><strong><em>τῇ</em></strong></span> <span class='ocrx_word' id='word_1_121' title='bbox 545 1037 683 1094; x_wconf 84' lang='grc' dir='ltr'><strong><em>μητρί.</em></strong></span> <span class='ocrx_word' id='word_1_122' title='bbox 752 1037 816 1079; x_wconf 74' lang='grc' dir='ltr'>ἐπὶ</span> <span class='ocrx_word' id='word_1_123' title='bbox 842 1034 979 1095; x_wconf 82' lang='grc' dir='ltr'><strong><em>τούτῳ</em></strong></span> <span class='ocrx_word' id='word_1_124' title='bbox 1006 1034 1054 1078; x_wconf 74' lang='grc' dir='ltr'><strong><em>τὸ</em></strong></span> <span class='ocrx_word' id='word_1_125' title='bbox 1081 1037 1207 1091; x_wconf 78' lang='grc' dir='ltr'><strong><em>κῆδος</em></strong></span> <span class='ocrx_word' id='word_1_126' title='bbox 1235 1033 1437 1093; x_wconf 74' lang='grc' dir='ltr'><strong><em>ἠβούλετο</em></strong></span> <span class='ocrx_word' id='word_1_127' title='bbox 1458 1053 1573 1080; x_wconf 78' lang='grc' dir='ltr'><strong><em>συνι-</em></strong></span> 
     </span>
     <span class='ocr_line' id='line_1_14' title="bbox 104 1100 1571 1161; baseline -0.001 -11"><span class='ocrx_word' id='word_1_128' title='bbox 104 1109 232 1157; x_wconf 60' lang='lat' dir='ltr'>ovar,</span> <span class='ocrx_word' id='word_1_129' title='bbox 279 1104 328 1149; x_wconf 79' lang='grc' dir='ltr'>οὗ</span> <span class='ocrx_word' id='word_1_130' title='bbox 353 1104 458 1148; x_wconf 84' lang='grc' dir='ltr'><strong><em>κατὰ</em></strong></span> <span class='ocrx_word' id='word_1_131' title='bbox 492 1106 631 1161; x_wconf 78' lang='grc' dir='ltr'><strong><em>χρείαν</em></strong></span> <span class='ocrx_word' id='word_1_132' title='bbox 660 1109 819 1160; x_wconf 84' lang='grc' dir='ltr'><strong><em>μᾶλλον</em></strong></span> <span class='ocrx_word' id='word_1_133' title='bbox 848 1104 875 1161; x_wconf 83' lang='grc' dir='ltr'>ἢ</span> <span class='ocrx_word' id='word_1_134' title='bbox 912 1103 1011 1148; x_wconf 75' lang='grc' dir='ltr'><strong><em>κατ’</em></strong></span> <span class='ocrx_word' id='word_1_135' title='bbox 1034 1102 1229 1161; x_wconf 76' lang='grc' dir='ltr'><strong><em>ἀνάγκην.</em></strong></span> <span class='ocrx_word' id='word_1_136' title='bbox 1297 1104 1380 1160; x_wconf 83' lang='grc' dir='ltr'>ἤδη</span> <span class='ocrx_word' id='word_1_137' title='bbox 1398 1105 1473 1160; x_wconf 73' lang='grc' dir='ltr'><strong><em>μέν</em></strong></span> <span class='ocrx_word' id='word_1_138' title='bbox 1495 1100 1571 1149; x_wconf 68' lang='grc' dir='ltr'><strong><em>οὖν</em></strong></span> 
     </span>
     <span class='ocr_line' id='line_1_15' title="bbox 103 1171 1570 1234; baseline -0.001 -17"><span class='ocrx_word' id='word_1_139' title='bbox 103 1173 157 1217; x_wconf 75' lang='grc' dir='ltr'><strong><em>τὰ</em></strong></span> <span class='ocrx_word' id='word_1_140' title='bbox 185 1173 288 1231; x_wconf 80' lang='grc' dir='ltr'><strong><em>πρὸς</em></strong></span> <span class='ocrx_word' id='word_1_141' title='bbox 313 1173 389 1229; x_wconf 87' lang='grc' dir='ltr'>τὴν</span> <span class='ocrx_word' id='word_1_142' title='bbox 421 1178 690 1219; x_wconf 78' lang='grc' dir='ltr'><strong><em>συνοικοῦσαν</em></strong></span> <span class='ocrx_word' id='word_1_143' title='bbox 717 1178 777 1234; x_wconf 77' lang='grc' dir='ltr'><strong><em>τῷ</em></strong></span> <span class='ocrx_word' id='word_1_144' title='bbox 806 1171 939 1232; x_wconf 79' lang='grc' dir='ltr'><strong><em>κράλῃ</em></strong></span> <span class='ocrx_word' id='word_1_145' title='bbox 969 1175 1266 1230; x_wconf 82' lang='grc' dir='ltr'><strong><em>παρακεκίνητο</em></strong></span> <span class='ocrx_word' id='word_1_146' title='bbox 1287 1174 1463 1231; x_wconf 63' lang='grc' dir='ltr'><strong><em>φᾶτρα,</em></strong></span> <span class='ocrx_word' id='word_1_147' title='bbox 1499 1175 1570 1218; x_wconf 81' lang='grc' dir='ltr'><strong><em>καὶ</em></strong></span> 
     </span>
     <span class='ocr_line' id='line_1_16' title="bbox 49 1237 1620 1299; baseline -0.001 -12"><span class='ocrx_word' id='word_1_148' title='bbox 49 1244 93 1281; x_wconf 83' lang='grc'>16</span> <span class='ocrx_word' id='word_1_149' title='bbox 104 1241 210 1294; x_wconf 84' lang='grc' dir='ltr'><strong><em>ὅλως</em></strong></span> <span class='ocrx_word' id='word_1_150' title='bbox 242 1237 294 1298; x_wconf 77' lang='grc' dir='ltr'>ἦν</span> <span class='ocrx_word' id='word_1_151' title='bbox 321 1243 468 1293; x_wconf 75' lang='grc' dir='ltr'><strong><em>ἐκεῖνος</em></strong></span> <span class='ocrx_word' id='word_1_152' title='bbox 496 1247 573 1297; x_wconf 82' lang='grc' dir='ltr'><strong><em>τῆς</em></strong></span> <span class='ocrx_word' id='word_1_153' title='bbox 597 1243 661 1286; x_wconf 76' lang='grc' dir='ltr'>ἐπὶ</span> <span class='ocrx_word' id='word_1_154' title='bbox 678 1247 845 1298; x_wconf 80' lang='grc' dir='ltr'><strong><em>βασιλεῖ</em></strong></span> <span class='ocrx_word' id='word_1_155' title='bbox 868 1246 1065 1292; x_wconf 86' lang='grc' dir='ltr'><strong><em>πίστεως·</em></strong></span> <span class='ocrx_word' id='word_1_156' title='bbox 1094 1242 1143 1286; x_wconf 85' lang='grc' dir='ltr'><strong><em>τὸ</em></strong></span> <span class='ocrx_word' id='word_1_157' title='bbox 1162 1241 1206 1286; x_wconf 79' lang='grc' dir='ltr'>δ’</span> <span class='ocrx_word' id='word_1_158' title='bbox 1228 1243 1293 1285; x_wconf 76' lang='grc' dir='ltr'>ἐπὶ</span> <span class='ocrx_word' id='word_1_159' title='bbox 1310 1240 1465 1299; x_wconf 72' lang='grc' dir='ltr'><strong><em>ταύτην</em></strong></span> <span class='ocrx_word' id='word_1_160' title='bbox 1483 1242 1566 1287; x_wconf 79' lang='grc' dir='ltr'><strong><em>εἱλ-</em></strong></span> <span class='ocrx_word' id='word_1_161' title='bbox 1588 1263 1620 1299; x_wconf 77' lang='lat' dir='ltr'><strong>n</strong></span> 
     </span>
    </p>
   </div>
   <div class='ocr_carea' id='block_1_3' title="bbox 86 1439 1567 2860">
    <p class='ocr_par' dir='ltr' id='par_1_3' title="bbox 86 1439 1567 2860">
     <span class='ocr_line' id='line_1_17' title="bbox 101 1439 1567 1487; baseline 0.002 -12"><span class='ocrx_word' id='word_1_162' title='bbox 101 1451 178 1476; x_wconf 84' lang='lat' dir='ltr'>men</span> <span class='ocrx_word' id='word_1_163' title='bbox 200 1439 341 1475; x_wconf 83' lang='lat' dir='ltr'>eandem</span> <span class='ocrx_word' id='word_1_164' title='bbox 362 1452 420 1484; x_wconf 87' lang='lat' dir='ltr'>se,</span> <span class='ocrx_word' id='word_1_165' title='bbox 452 1441 508 1476; x_wconf 79' lang='lat' dir='ltr'>vel</span> <span class='ocrx_word' id='word_1_166' title='bbox 538 1440 570 1475; x_wconf 86' lang='lat' dir='ltr'>si</span> <span class='ocrx_word' id='word_1_167' title='bbox 605 1444 723 1487; x_wconf 85' lang='lat' dir='ltr'>posset</span> <span class='ocrx_word' id='word_1_168' title='bbox 751 1440 916 1475; x_wconf 86' lang='lat' dir='ltr'>inducere</span> <span class='ocrx_word' id='word_1_169' title='bbox 936 1439 971 1475; x_wconf 91' lang='lat' dir='ltr'>in</span> <span class='ocrx_word' id='word_1_170' title='bbox 995 1440 1139 1475; x_wconf 87' lang='lat' dir='ltr'>animum</span> <span class='ocrx_word' id='word_1_171' title='bbox 1163 1440 1402 1487; x_wconf 83' lang='lat' dir='ltr'>cogitationem</span> <span class='ocrx_word' id='word_1_172' title='bbox 1422 1441 1567 1487; x_wconf 80' lang='lat' dir='ltr'>genialis</span> 
     </span>
     <span class='ocr_line' id='line_1_18' title="bbox 100 1486 1566 1542; baseline 0.001 -21"><span class='ocrx_word' id='word_1_173' title='bbox 100 1486 241 1542; x_wconf 67' lang='lat' dir='ltr'>thalami</span> <span class='ocrx_word' id='word_1_174' title='bbox 261 1487 411 1530; x_wconf 88' lang='lat' dir='ltr'>secundi,</span> <span class='ocrx_word' id='word_1_175' title='bbox 431 1487 476 1542; x_wconf 64' lang='lat' dir='ltr'>ad</span> <span class='ocrx_word' id='word_1_176' title='bbox 499 1487 566 1521; x_wconf 87' lang='lat' dir='ltr'>hoc</span> <span class='ocrx_word' id='word_1_177' title='bbox 588 1487 693 1521; x_wconf 78' lang='lat' dir='ltr'>fuisse</span> <span class='ocrx_word' id='word_1_178' title='bbox 714 1492 907 1533; x_wconf 81' lang='lat' dir='ltr'>optaturam</span> <span class='ocrx_word' id='word_1_179' title='bbox 931 1487 1171 1522; x_wconf 82' lang='lat' dir='ltr'>constantioris</span> <span class='ocrx_word' id='word_1_180' title='bbox 1192 1488 1227 1522; x_wconf 90' lang='lat' dir='ltr'>in</span> <span class='ocrx_word' id='word_1_181' title='bbox 1249 1498 1394 1531; x_wconf 82' lang='lat' dir='ltr'>sponsas</span> <span class='ocrx_word' id='word_1_182' title='bbox 1416 1488 1566 1523; x_wconf 78' lang='lat' dir='ltr'>affectus</span> 
     </span>
     <span class='ocr_line' id='line_1_19' title="bbox 98 1533 1567 1625; baseline 0.001 -11"><span class='ocrx_word' id='word_1_183' title='bbox 98 1543 477 1625; x_wconf 45' lang='lat' dir='ltr'>3333&amp;ssssss</span> <span class='ocrx_word' id='word_1_184' title='bbox 498 1533 814 1613; x_wconf 53' lang='grc' dir='ltr'>ἱῖἷῖῗῗωῗίῃὲἓὲ</span> <span class='ocrx_word' id='word_1_185' title='bbox 820 1535 1567 1625; x_wconf 51' lang='grc' dir='ltr'>,δῖῖᾞεᾙθῖἓυζᾚᾏὲἵᾛέἴξέῑὲ</span> 
     </span>
     <span class='ocr_line' id='line_1_20' title="bbox 98 1623 1565 1672; baseline 0.001 -13"><span class='ocrx_word' id='word_1_186' title='bbox 98 1623 199 1659; x_wconf 76' lang='lat' dir='ltr'>fideie</span> <span class='ocrx_word' id='word_1_187' title='bbox 226 1635 301 1658; x_wconf 88' lang='lat' dir='ltr'>cum</span> <span class='ocrx_word' id='word_1_188' title='bbox 324 1631 435 1660; x_wconf 86' lang='lat' dir='ltr'>tamen</span> <span class='ocrx_word' id='word_1_189' title='bbox 458 1624 565 1670; x_wconf 86' lang='lat' dir='ltr'>magis</span> <span class='ocrx_word' id='word_1_190' title='bbox 586 1625 690 1659; x_wconf 80' lang='lat' dir='ltr'>etiam</span> <span class='ocrx_word' id='word_1_191' title='bbox 712 1635 853 1670; x_wconf 82' lang='lat' dir='ltr'>magnas</span> <span class='ocrx_word' id='word_1_192' title='bbox 874 1635 1039 1670; x_wconf 86' lang='lat' dir='ltr'>personas</span> <span class='ocrx_word' id='word_1_193' title='bbox 1061 1637 1161 1670; x_wconf 84' lang='lat' dir='ltr'>quam</span> <span class='ocrx_word' id='word_1_194' title='bbox 1185 1625 1302 1672; x_wconf 79' lang='lat' dir='ltr'>capita</span> <span class='ocrx_word' id='word_1_195' title='bbox 1323 1625 1480 1670; x_wconf 77' lang='lat' dir='ltr'>vulgaria</span> <span class='ocrx_word' id='word_1_196' title='bbox 1501 1626 1565 1661; x_wconf 87' lang='lat' dir='ltr'>de-</span> 
     </span>
     <span class='ocr_line' id='line_1_21' title="bbox 98 1669 1565 1717; baseline 0 -11"><span class='ocrx_word' id='word_1_197' title='bbox 98 1679 178 1706; x_wconf 82' lang='lat' dir='ltr'>cere</span> <span class='ocrx_word' id='word_1_198' title='bbox 199 1669 375 1705; x_wconf 82' lang='lat' dir='ltr'>videretur</span> <span class='ocrx_word' id='word_1_199' title='bbox 395 1670 612 1705; x_wconf 83' lang='lat' dir='ltr'>immutabilis</span> <span class='ocrx_word' id='word_1_200' title='bbox 643 1671 678 1705; x_wconf 90' lang='lat' dir='ltr'>in</span> <span class='ocrx_word' id='word_1_201' title='bbox 707 1681 848 1704; x_wconf 87' lang='lat' dir='ltr'>uxomm</span> <span class='ocrx_word' id='word_1_202' title='bbox 880 1681 995 1706; x_wconf 86' lang='lat' dir='ltr'>amore</span> <span class='ocrx_word' id='word_1_203' title='bbox 1027 1671 1232 1707; x_wconf 78' lang='lat' dir='ltr'>constantia.</span> <span class='ocrx_word' id='word_1_204' title='bbox 1277 1682 1480 1717; x_wconf 77' lang='lat' dir='ltr'>quamquam</span> <span class='ocrx_word' id='word_1_205' title='bbox 1502 1683 1565 1706; x_wconf 84' lang='lat' dir='ltr'>ex-</span> 
     </span>
     <span class='ocr_line' id='line_1_22' title="bbox 97 1716 1566 1763; baseline 0.001 -13"><span class='ocrx_word' id='word_1_206' title='bbox 97 1716 253 1763; x_wconf 84' lang='lat' dir='ltr'>ceptione</span> <span class='ocrx_word' id='word_1_207' title='bbox 276 1716 440 1762; x_wconf 77' lang='lat' dir='ltr'><strong>peculiari</strong></span> <span class='ocrx_word' id='word_1_208' title='bbox 461 1717 661 1752; x_wconf 85' lang='lat' dir='ltr'>submovere</span> <span class='ocrx_word' id='word_1_209' title='bbox 683 1728 782 1762; x_wconf 88' lang='lat' dir='ltr'>quem</span> <span class='ocrx_word' id='word_1_210' title='bbox 803 1716 969 1751; x_wconf 82' lang='lat' dir='ltr'>offerrent</span> <span class='ocrx_word' id='word_1_211' title='bbox 989 1728 1159 1762; x_wconf 88' lang='lat' dir='ltr'>sponsum,</span> <span class='ocrx_word' id='word_1_212' title='bbox 1176 1728 1464 1762; x_wconf 80' lang='lat' dir='ltr'>supervacaneum</span> <span class='ocrx_word' id='word_1_213' title='bbox 1487 1728 1566 1752; x_wconf 76' lang='lat' dir='ltr'>esse</span> 
     </span>
     <span class='ocr_line' id='line_1_23' title="bbox 98 1761 1567 1809; baseline 0 -12"><span class='ocrx_word' id='word_1_214' title='bbox 98 1762 164 1797; x_wconf 86' lang='lat' dir='ltr'>sibi</span> <span class='ocrx_word' id='word_1_215' title='bbox 186 1761 343 1808; x_wconf 89' lang='lat' dir='ltr'>quidem,</span> <span class='ocrx_word' id='word_1_216' title='bbox 374 1773 463 1808; x_wconf 88' lang='lat' dir='ltr'>quae</span> <span class='ocrx_word' id='word_1_217' title='bbox 484 1763 588 1797; x_wconf 90' lang='lat' dir='ltr'>semel</span> <span class='ocrx_word' id='word_1_218' title='bbox 609 1773 772 1809; x_wconf 80' lang='lat' dir='ltr'>sponsos,</span> <span class='ocrx_word' id='word_1_219' title='bbox 796 1763 1048 1808; x_wconf 85' lang='lat' dir='ltr'>cuiusquemodi</span> <span class='ocrx_word' id='word_1_220' title='bbox 1067 1765 1194 1805; x_wconf 76' lang='lat' dir='ltr'>forent,</span> <span class='ocrx_word' id='word_1_221' title='bbox 1216 1773 1333 1797; x_wconf 86' lang='lat' dir='ltr'>omnes</span> <span class='ocrx_word' id='word_1_222' title='bbox 1352 1762 1567 1797; x_wconf 74' lang='lat' dir='ltr'>irrevocabili</span> 
     </span>
     <span class='ocr_line' id='line_1_24' title="bbox 96 1807 1563 1855; baseline 0 -13"><span class='ocrx_word' id='word_1_223' title='bbox 96 1818 159 1853; x_wconf 82' lang='lat' dir='ltr'>pro</span> <span class='ocrx_word' id='word_1_224' title='bbox 222 1807 233 1817; x_wconf 78' lang='lat'>⁸</span> <span class='ocrx_word' id='word_1_225' title='bbox 317 1807 478 1843; x_wconf 87' lang='lat' dir='ltr'>colendae</span> <span class='ocrx_word' id='word_1_226' title='bbox 520 1820 630 1855; x_wconf 89' lang='lat' dir='ltr'>usque</span> <span class='ocrx_word' id='word_1_227' title='bbox 675 1809 719 1843; x_wconf 83' lang='lat' dir='ltr'>ad</span> <span class='ocrx_word' id='word_1_228' title='bbox 764 1808 916 1843; x_wconf 86' lang='lat' dir='ltr'>ultimum</span> <span class='ocrx_word' id='word_1_229' title='bbox 952 1809 1110 1854; x_wconf 86' lang='lat' dir='ltr'>spiritum</span> <span class='ocrx_word' id='word_1_230' title='bbox 1147 1808 1324 1843; x_wconf 76' lang='lat' dir='ltr'>viduitatis</span> <span class='ocrx_word' id='word_1_231' title='bbox 1357 1807 1563 1845; x_wconf 74' lang='lat' dir='ltr'>abdicasset.</span> 
     </span>
     <span class='ocr_line' id='line_1_25' title="bbox 98 1853 1563 1899; baseline 0.001 -11"><span class='ocrx_word' id='word_1_232' title='bbox 98 1853 158 1898; x_wconf 79' lang='lat'>(31</span> <span class='ocrx_word' id='word_1_233' title='bbox 201 1865 244 1888; x_wconf 80' lang='lat' dir='ltr'>ea</span> <span class='ocrx_word' id='word_1_234' title='bbox 263 1853 391 1888; x_wconf 80' lang='lat' dir='ltr'>sororis</span> <span class='ocrx_word' id='word_1_235' title='bbox 413 1854 530 1889; x_wconf 84' lang='lat' dir='ltr'>audita</span> <span class='ocrx_word' id='word_1_236' title='bbox 550 1855 704 1889; x_wconf 78' lang='lat' dir='ltr'>oratione</span> <span class='ocrx_word' id='word_1_237' title='bbox 723 1854 911 1899; x_wconf 89' lang='lat' dir='ltr'>imperator</span> <span class='ocrx_word' id='word_1_238' title='bbox 932 1855 1035 1899; x_wconf 86' lang='lat' dir='ltr'>plane</span> <span class='ocrx_word' id='word_1_239' title='bbox 1055 1854 1124 1889; x_wconf 80' lang='lat' dir='ltr'>iam</span> <span class='ocrx_word' id='word_1_240' title='bbox 1146 1854 1352 1899; x_wconf 77' lang='lat' dir='ltr'>desperans,</span> <span class='ocrx_word' id='word_1_241' title='bbox 1371 1864 1471 1898; x_wconf 87' lang='lat' dir='ltr'>quam</span> <span class='ocrx_word' id='word_1_242' title='bbox 1494 1864 1563 1889; x_wconf 77' lang='lat' dir='ltr'>non</span> 
     </span>
     <span class='ocr_line' id='line_1_26' title="bbox 95 1898 1564 1944; baseline 0.002 -13"><span class='ocrx_word' id='word_1_243' title='bbox 95 1898 215 1932; x_wconf 85' lang='lat' dir='ltr'>utilem</span> <span class='ocrx_word' id='word_1_244' title='bbox 237 1899 344 1933; x_wconf 82' lang='lat' dir='ltr'>solum</span> <span class='ocrx_word' id='word_1_245' title='bbox 366 1900 427 1934; x_wconf 83' lang='lat' dir='ltr'>sed</span> <span class='ocrx_word' id='word_1_246' title='bbox 448 1905 485 1935; x_wconf 82' lang='lat' dir='ltr'>et</span> <span class='ocrx_word' id='word_1_247' title='bbox 506 1901 731 1935; x_wconf 81' lang='lat' dir='ltr'>necessariam</span> <span class='ocrx_word' id='word_1_248' title='bbox 754 1901 856 1935; x_wconf 87' lang='lat' dir='ltr'>rebus</span> <span class='ocrx_word' id='word_1_249' title='bbox 879 1900 950 1935; x_wconf 84' lang='lat' dir='ltr'>suis</span> <span class='ocrx_word' id='word_1_250' title='bbox 974 1900 1142 1944; x_wconf 82' lang='lat' dir='ltr'>ducebat,</span> <span class='ocrx_word' id='word_1_251' title='bbox 1176 1911 1250 1933; x_wconf 90' lang='lat' dir='ltr'>cum</span> <span class='ocrx_word' id='word_1_252' title='bbox 1274 1899 1386 1932; x_wconf 88' lang='lat' dir='ltr'>Serbo</span> <span class='ocrx_word' id='word_1_253' title='bbox 1410 1898 1564 1934; x_wconf 74' lang='lat' dir='ltr'>affinita-</span> 
     </span>
     <span class='ocr_line' id='line_1_27' title="bbox 96 1943 1562 1991; baseline 0.001 -13"><span class='ocrx_word' id='word_1_254' title='bbox 96 1945 166 1978; x_wconf 81' lang='lat' dir='ltr'>tem</span> <span class='ocrx_word' id='word_1_255' title='bbox 187 1951 252 1990; x_wconf 84' lang='lat' dir='ltr'>per</span> <span class='ocrx_word' id='word_1_256' title='bbox 272 1944 458 1979; x_wconf 77' lang='lat' dir='ltr'>Endoeiam</span> <span class='ocrx_word' id='word_1_257' title='bbox 480 1957 582 1991; x_wconf 80' lang='lat' dir='ltr'>posse</span> <span class='ocrx_word' id='word_1_258' title='bbox 603 1946 798 1988; x_wconf 70' lang='lat' dir='ltr'>succedere,</span> <span class='ocrx_word' id='word_1_259' title='bbox 821 1946 986 1990; x_wconf 79' lang='lat' dir='ltr'>cogitavit</span> <span class='ocrx_word' id='word_1_260' title='bbox 1009 1946 1052 1979; x_wconf 93' lang='lat' dir='ltr'>de</span> <span class='ocrx_word' id='word_1_261' title='bbox 1075 1946 1133 1979; x_wconf 86' lang='lat' dir='ltr'>illa</span> <span class='ocrx_word' id='word_1_262' title='bbox 1156 1943 1365 1978; x_wconf 84' lang='lat' dir='ltr'>conficienda</span> <span class='ocrx_word' id='word_1_263' title='bbox 1389 1955 1452 1988; x_wconf 87' lang='lat' dir='ltr'>per</span> <span class='ocrx_word' id='word_1_264' title='bbox 1473 1945 1562 1980; x_wconf 79' lang='lat' dir='ltr'>filio—</span> 
     </span>
     <span class='ocr_line' id='line_1_28' title="bbox 95 1988 1562 2036; baseline -0.001 -14"><span class='ocrx_word' id='word_1_265' title='bbox 95 1988 175 2031; x_wconf 82' lang='lat' dir='ltr'>lam,</span> <span class='ocrx_word' id='word_1_266' title='bbox 194 2000 295 2034; x_wconf 83' lang='lat' dir='ltr'>quam</span> <span class='ocrx_word' id='word_1_267' title='bbox 315 1990 466 2025; x_wconf 82' lang='lat' dir='ltr'>habebat</span> <span class='ocrx_word' id='word_1_268' title='bbox 489 1991 613 2036; x_wconf 87' lang='lat' dir='ltr'>oppido</span> <span class='ocrx_word' id='word_1_269' title='bbox 635 1991 808 2034; x_wconf 84' lang='lat' dir='ltr'>festivam,</span> <span class='ocrx_word' id='word_1_270' title='bbox 830 1991 975 2026; x_wconf 87' lang='lat' dir='ltr'>nondum</span> <span class='ocrx_word' id='word_1_271' title='bbox 998 1991 1136 2025; x_wconf 74' lang='lat' dir='ltr'>sexenni</span> <span class='ocrx_word' id='word_1_272' title='bbox 1159 1990 1332 2031; x_wconf 82' lang='lat' dir='ltr'>maiorem,</span> <span class='ocrx_word' id='word_1_273' title='bbox 1345 1989 1410 2023; x_wconf 83' lang='lat' dir='ltr'>sibi</span> <span class='ocrx_word' id='word_1_274' title='bbox 1430 1991 1562 2035; x_wconf 70' lang='lat' dir='ltr'>pariter</span> 
     </span>
     <span class='ocr_line' id='line_1_29' title="bbox 97 2034 1561 2082; baseline 0.002 -14"><span class='ocrx_word' id='word_1_275' title='bbox 97 2038 135 2069; x_wconf 86' lang='lat' dir='ltr'>et</span> <span class='ocrx_word' id='word_1_276' title='bbox 156 2035 256 2068; x_wconf 81' lang='lat' dir='ltr'>matri</span> <span class='ocrx_word' id='word_1_277' title='bbox 276 2034 377 2079; x_wconf 78' lang='lat' dir='ltr'>longe</span> <span class='ocrx_word' id='word_1_278' title='bbox 398 2036 618 2071; x_wconf 83' lang='lat' dir='ltr'>carissimam.</span> <span class='ocrx_word' id='word_1_279' title='bbox 663 2048 705 2071; x_wconf 78' lang='lat' dir='ltr'>ac</span> <span class='ocrx_word' id='word_1_280' title='bbox 726 2037 864 2071; x_wconf 81' lang='lat' dir='ltr'>videbat</span> <span class='ocrx_word' id='word_1_281' title='bbox 884 2037 940 2070; x_wconf 89' lang='lat' dir='ltr'>ille</span> <span class='ocrx_word' id='word_1_282' title='bbox 962 2037 1095 2082; x_wconf 83' lang='lat' dir='ltr'>quidem</span> <span class='ocrx_word' id='word_1_283' title='bbox 1127 2035 1216 2069; x_wconf 86' lang='lat' dir='ltr'>baud</span> <span class='ocrx_word' id='word_1_284' title='bbox 1240 2046 1317 2068; x_wconf 86' lang='lat' dir='ltr'>esse</span> <span class='ocrx_word' id='word_1_285' title='bbox 1339 2036 1428 2069; x_wconf 84' lang='lat' dir='ltr'>hunc</span> <span class='ocrx_word' id='word_1_286' title='bbox 1449 2036 1561 2080; x_wconf 78' lang='lat' dir='ltr'>dyna-</span> 
     </span>
     <span class='ocr_line' id='line_1_30' title="bbox 93 2080 1560 2127; baseline 0.001 -11"><span class='ocrx_word' id='word_1_287' title='bbox 93 2085 195 2122; x_wconf 77' lang='lat' dir='ltr'>stam,</span> <span class='ocrx_word' id='word_1_288' title='bbox 217 2080 330 2125; x_wconf 84' lang='lat' dir='ltr'>gentis</span> <span class='ocrx_word' id='word_1_289' title='bbox 350 2091 416 2114; x_wconf 88' lang='lat' dir='ltr'>non</span> <span class='ocrx_word' id='word_1_290' title='bbox 438 2081 583 2115; x_wconf 80' lang='lat' dir='ltr'>maxime</span> <span class='ocrx_word' id='word_1_291' title='bbox 605 2082 818 2127; x_wconf 80' lang='lat' dir='ltr'>conspicuae,</span> <span class='ocrx_word' id='word_1_292' title='bbox 841 2082 1019 2126; x_wconf 79' lang='lat' dir='ltr'>dignitatis</span> <span class='ocrx_word' id='word_1_293' title='bbox 1040 2081 1172 2115; x_wconf 88' lang='lat' dir='ltr'>omnino</span> <span class='ocrx_word' id='word_1_294' title='bbox 1194 2081 1409 2126; x_wconf 62' lang='lat' dir='ltr'>adaequatae</span> <span class='ocrx_word' id='word_1_295' title='bbox 1429 2082 1475 2116; x_wconf 71' lang='lat' dir='ltr'>ad</span> <span class='ocrx_word' id='word_1_296' title='bbox 1494 2082 1560 2117; x_wconf 78' lang='lat' dir='ltr'>ho·</span> 
     </span>
     <span class='ocr_line' id='line_1_31' title="bbox 93 2125 1556 2172; baseline 0.002 -12"><span class='ocrx_word' id='word_1_297' title='bbox 93 2136 209 2160; x_wconf 80' lang='lat' dir='ltr'>norem</span> <span class='ocrx_word' id='word_1_298' title='bbox 232 2125 425 2172; x_wconf 80' lang='lat' dir='ltr'>nuptiarum</span> <span class='ocrx_word' id='word_1_299' title='bbox 449 2138 523 2160; x_wconf 86' lang='lat' dir='ltr'>cum</span> <span class='ocrx_word' id='word_1_300' title='bbox 545 2126 616 2160; x_wconf 85' lang='lat' dir='ltr'>filia</span> <span class='ocrx_word' id='word_1_301' title='bbox 638 2127 787 2172; x_wconf 81' lang='lat' dir='ltr'>legitima</span> <span class='ocrx_word' id='word_1_302' title='bbox 807 2127 1020 2172; x_wconf 84' lang='lat' dir='ltr'>imperatoris</span> <span class='ocrx_word' id='word_1_303' title='bbox 1034 2126 1189 2167; x_wconf 87' lang='lat' dir='ltr'>Romani,</span> <span class='ocrx_word' id='word_1_304' title='bbox 1212 2127 1413 2172; x_wconf 80' lang='lat' dir='ltr'>praesertim</span> <span class='ocrx_word' id='word_1_305' title='bbox 1434 2127 1556 2163; x_wconf 66' lang='lat' dir='ltr'>uniam</span> 
     </span>
     <span class='ocr_line' id='line_1_32' title="bbox 92 2171 1558 2218; baseline 0.001 -11"><span class='ocrx_word' id='word_1_306' title='bbox 92 2175 208 2207; x_wconf 77' lang='lat' dir='ltr'>tamen</span> <span class='ocrx_word' id='word_1_307' title='bbox 229 2171 322 2217; x_wconf 89' lang='lat' dir='ltr'>quod</span> <span class='ocrx_word' id='word_1_308' title='bbox 344 2171 378 2206; x_wconf 88' lang='lat' dir='ltr'>ei</span> <span class='ocrx_word' id='word_1_309' title='bbox 400 2172 521 2206; x_wconf 80' lang='lat' dir='ltr'>deerat</span> <span class='ocrx_word' id='word_1_310' title='bbox 542 2172 585 2206; x_wconf 86' lang='lat' dir='ltr'>ad</span> <span class='ocrx_word' id='word_1_311' title='bbox 608 2173 672 2207; x_wconf 91' lang='lat' dir='ltr'>hoc</span> <span class='ocrx_word' id='word_1_312' title='bbox 692 2172 805 2207; x_wconf 86' lang='lat' dir='ltr'>meriti</span> <span class='ocrx_word' id='word_1_313' title='bbox 836 2184 856 2206; x_wconf 91' lang='lat' dir='ltr'>e</span> <span class='ocrx_word' id='word_1_314' title='bbox 879 2172 1015 2217; x_wconf 84' lang='lat' dir='ltr'>proprio</span> <span class='ocrx_word' id='word_1_315' title='bbox 1038 2172 1235 2217; x_wconf 85' lang='lat' dir='ltr'>splendore,</span> <span class='ocrx_word' id='word_1_316' title='bbox 1269 2172 1490 2218; x_wconf 77' lang='lat' dir='ltr'>supplendum</span> <span class='ocrx_word' id='word_1_317' title='bbox 1513 2185 1558 2208; x_wconf 87' lang='lat' dir='ltr'>ac</span> 
     </span>
     <span class='ocr_line' id='line_1_33' title="bbox 93 2217 1558 2264; baseline 0.001 -12"><span class='ocrx_word' id='word_1_318' title='bbox 93 2218 372 2264; x_wconf 82' lang='lat' dir='ltr'>compensandum</span> <span class='ocrx_word' id='word_1_319' title='bbox 402 2217 597 2252; x_wconf 81' lang='lat' dir='ltr'>existimans</span> <span class='ocrx_word' id='word_1_320' title='bbox 629 2229 692 2264; x_wconf 86' lang='lat' dir='ltr'>spe</span> <span class='ocrx_word' id='word_1_321' title='bbox 713 2217 792 2252; x_wconf 87' lang='lat' dir='ltr'>inde</span> <span class='ocrx_word' id='word_1_322' title='bbox 815 2217 965 2252; x_wconf 89' lang='lat' dir='ltr'>secuturi</span> <span class='ocrx_word' id='word_1_323' title='bbox 986 2217 1149 2252; x_wconf 86' lang='lat' dir='ltr'>commodi</span> <span class='ocrx_word' id='word_1_324' title='bbox 1168 2217 1297 2263; x_wconf 83' lang='lat' dir='ltr'>publici</span> <span class='ocrx_word' id='word_1_325' title='bbox 1320 2229 1363 2252; x_wconf 78' lang='lat' dir='ltr'>ac</span> <span class='ocrx_word' id='word_1_326' title='bbox 1383 2221 1475 2253; x_wconf 79' lang='lat' dir='ltr'>metu</span> <span class='ocrx_word' id='word_1_327' title='bbox 1497 2230 1558 2254; x_wconf 78' lang='lat' dir='ltr'>se-</span> 
     </span>
     <span class='ocr_line' id='line_1_34' title="bbox 91 2263 1556 2310; baseline 0.001 -12"><span class='ocrx_word' id='word_1_328' title='bbox 91 2268 287 2299; x_wconf 72' lang='lat' dir='ltr'>cuturorum</span> <span class='ocrx_word' id='word_1_329' title='bbox 308 2263 344 2297; x_wconf 85' lang='lat' dir='ltr'>in</span> <span class='ocrx_word' id='word_1_330' title='bbox 367 2274 522 2309; x_wconf 80' lang='lat' dir='ltr'>magnum</span> <span class='ocrx_word' id='word_1_331' title='bbox 541 2263 778 2298; x_wconf 86' lang='lat' dir='ltr'>detrimentum</span> <span class='ocrx_word' id='word_1_332' title='bbox 797 2264 848 2297; x_wconf 89' lang='lat' dir='ltr'>rei</span> <span class='ocrx_word' id='word_1_333' title='bbox 871 2264 1054 2305; x_wconf 81' lang='lat' dir='ltr'>Romanae,</span> <span class='ocrx_word' id='word_1_334' title='bbox 1077 2263 1111 2297; x_wconf 90' lang='lat' dir='ltr'>ni</span> <span class='ocrx_word' id='word_1_335' title='bbox 1134 2263 1184 2297; x_wconf 87' lang='lat' dir='ltr'>sic</span> <span class='ocrx_word' id='word_1_336' title='bbox 1197 2268 1447 2308; x_wconf 70' lang='lat' dir='ltr'>averterentur,</span> <span class='ocrx_word' id='word_1_337' title='bbox 1470 2276 1556 2310; x_wconf 81' lang='lat' dir='ltr'>gra-</span> 
     </span>
     <span class='ocr_line' id='line_1_35' title="bbox 91 2307 1554 2356; baseline 0.001 -12"><span class='ocrx_word' id='word_1_338' title='bbox 91 2307 182 2344; x_wconf 69' lang='lat' dir='ltr'>vium</span> <span class='ocrx_word' id='word_1_339' title='bbox 203 2309 379 2352; x_wconf 83' lang='lat' dir='ltr'>malorum,</span> <span class='ocrx_word' id='word_1_340' title='bbox 401 2310 549 2356; x_wconf 89' lang='lat' dir='ltr'>denique</span> <span class='ocrx_word' id='word_1_341' title='bbox 571 2309 607 2343; x_wconf 87' lang='lat' dir='ltr'>in</span> <span class='ocrx_word' id='word_1_342' title='bbox 630 2321 703 2344; x_wconf 86' lang='lat' dir='ltr'>eam</span> <span class='ocrx_word' id='word_1_343' title='bbox 727 2313 859 2356; x_wconf 86' lang='lat' dir='ltr'>partem</span> <span class='ocrx_word' id='word_1_344' title='bbox 879 2308 1013 2343; x_wconf 83' lang='lat' dir='ltr'>inflexit</span> <span class='ocrx_word' id='word_1_345' title='bbox 1034 2308 1230 2354; x_wconf 81' lang='lat' dir='ltr'>aliquandiu</span> <span class='ocrx_word' id='word_1_346' title='bbox 1246 2310 1402 2344; x_wconf 80' lang='lat' dir='ltr'>libratam</span> <span class='ocrx_word' id='word_1_347' title='bbox 1424 2311 1554 2346; x_wconf 76' lang='lat' dir='ltr'>delibe-</span> 
     </span>
     <span class='ocr_line' id='line_1_36' title="bbox 90 2354 1554 2402; baseline 0.001 -13"><span class='ocrx_word' id='word_1_348' title='bbox 90 2354 235 2390; x_wconf 76' lang='lat' dir='ltr'>rationis</span> <span class='ocrx_word' id='word_1_349' title='bbox 256 2355 405 2399; x_wconf 78' lang='lat' dir='ltr'>lauoem,</span> <span class='ocrx_word' id='word_1_350' title='bbox 437 2356 639 2402; x_wconf 82' lang='lat' dir='ltr'>praesertim</span> <span class='ocrx_word' id='word_1_351' title='bbox 668 2367 742 2390; x_wconf 87' lang='lat' dir='ltr'>cnm</span> <span class='ocrx_word' id='word_1_352' title='bbox 765 2358 941 2400; x_wconf 80' lang='lat' dir='ltr'>reputaret</span> <span class='ocrx_word' id='word_1_353' title='bbox 961 2354 1130 2389; x_wconf 76' lang='lat' dir='ltr'>defectum</span> <span class='ocrx_word' id='word_1_354' title='bbox 1157 2354 1258 2389; x_wconf 73' lang='lat' dir='ltr'>istum</span> <span class='ocrx_word' id='word_1_355' title='bbox 1278 2355 1314 2389; x_wconf 87' lang='lat' dir='ltr'>in</span> <span class='ocrx_word' id='word_1_356' title='bbox 1337 2356 1429 2390; x_wconf 76' lang='lat' dir='ltr'>cmle</span> <span class='ocrx_word' id='word_1_357' title='bbox 1449 2357 1554 2391; x_wconf 74' lang='lat' dir='ltr'>dari-</span> 
     </span>
     <span class='ocr_line' id='line_1_37' title="bbox 90 2400 1553 2447; baseline 0.002 -13"><span class='ocrx_word' id='word_1_358' title='bbox 90 2401 174 2435; x_wconf 76' lang='lat' dir='ltr'>tafis</span> <span class='ocrx_word' id='word_1_359' title='bbox 196 2411 240 2434; x_wconf 85' lang='lat' dir='ltr'>ex</span> <span class='ocrx_word' id='word_1_360' title='bbox 260 2401 336 2447; x_wconf 86' lang='lat' dir='ltr'>pari</span> <span class='ocrx_word' id='word_1_361' title='bbox 356 2401 592 2447; x_wconf 83' lang='lat' dir='ltr'>respondentis</span> <span class='ocrx_word' id='word_1_362' title='bbox 614 2401 785 2436; x_wconf 80' lang='lat' dir='ltr'>nobilitati</span> <span class='ocrx_word' id='word_1_363' title='bbox 807 2403 979 2446; x_wconf 78' lang='lat' dir='ltr'>Augustae</span> <span class='ocrx_word' id='word_1_364' title='bbox 1001 2400 1152 2446; x_wconf 83' lang='lat' dir='ltr'>virginis,</span> <span class='ocrx_word' id='word_1_365' title='bbox 1172 2401 1364 2436; x_wconf 82' lang='lat' dir='ltr'>necessaria</span> <span class='ocrx_word' id='word_1_366' title='bbox 1385 2403 1430 2436; x_wconf 90' lang='lat' dir='ltr'>ob</span> <span class='ocrx_word' id='word_1_367' title='bbox 1451 2402 1553 2437; x_wconf 82' lang='lat' dir='ltr'>huius</span> 
     </span>
     <span class='ocr_line' id='line_1_38' title="bbox 89 2445 1552 2494; baseline 0.002 -14"><span class='ocrx_word' id='word_1_368' title='bbox 89 2445 298 2482; x_wconf 76' lang='lat' dir='ltr'>immaturam</span> <span class='ocrx_word' id='word_1_369' title='bbox 327 2448 455 2494; x_wconf 82' lang='lat' dir='ltr'>nuptiis</span> <span class='ocrx_word' id='word_1_370' title='bbox 485 2452 634 2483; x_wconf 83' lang='lat' dir='ltr'>aetatem</span> <span class='ocrx_word' id='word_1_371' title='bbox 662 2446 867 2482; x_wconf 87' lang='lat' dir='ltr'>matrimonii</span> <span class='ocrx_word' id='word_1_372' title='bbox 896 2446 1057 2481; x_wconf 82' lang='lat' dir='ltr'>dilatione</span> <span class='ocrx_word' id='word_1_373' title='bbox 1083 2446 1179 2481; x_wconf 80' lang='lat' dir='ltr'>velut</span> <span class='ocrx_word' id='word_1_374' title='bbox 1207 2447 1377 2491; x_wconf 82' lang='lat' dir='ltr'>expiatum</span> <span class='ocrx_word' id='word_1_375' title='bbox 1399 2459 1442 2483; x_wconf 81' lang='lat' dir='ltr'>ac</span> <span class='ocrx_word' id='word_1_376' title='bbox 1463 2459 1552 2494; x_wconf 84' lang='lat' dir='ltr'>qua-</span> 
     </span>
     <span class='ocr_line' id='line_1_39' title="bbox 90 2490 1549 2539; baseline 0.001 -13"><span class='ocrx_word' id='word_1_377' title='bbox 90 2490 267 2526; x_wconf 69' lang='lat' dir='ltr'>dumtenus</span> <span class='ocrx_word' id='word_1_378' title='bbox 287 2497 468 2539; x_wconf 84' lang='lat' dir='ltr'>purgatum</span> <span class='ocrx_word' id='word_1_379' title='bbox 491 2493 556 2536; x_wconf 86' lang='lat' dir='ltr'>iri,</span> <span class='ocrx_word' id='word_1_380' title='bbox 586 2494 663 2528; x_wconf 88' lang='lat' dir='ltr'>dum</span> <span class='ocrx_word' id='word_1_381' title='bbox 695 2493 830 2539; x_wconf 85' lang='lat' dir='ltr'>sperari</span> <span class='ocrx_word' id='word_1_382' title='bbox 861 2496 978 2539; x_wconf 77' lang='lat' dir='ltr'>posset</span> <span class='ocrx_word' id='word_1_383' title='bbox 1009 2491 1079 2526; x_wconf 83' lang='lat' dir='ltr'>ista</span> <span class='ocrx_word' id='word_1_384' title='bbox 1107 2502 1202 2526; x_wconf 79' lang='lat' dir='ltr'>mora</span> <span class='ocrx_word' id='word_1_385' title='bbox 1230 2492 1322 2527; x_wconf 79' lang='lat' dir='ltr'>illum</span> <span class='ocrx_word' id='word_1_386' title='bbox 1354 2494 1549 2529; x_wconf 83' lang='lat' dir='ltr'>aunisnrmn</span> 
     </span>
     <span class='ocr_line' id='line_1_40' title="bbox 91 2537 1550 2583; baseline 0.002 -13"><span class='ocrx_word' id='word_1_387' title='bbox 91 2538 320 2573; x_wconf 79' lang='lat' dir='ltr'>commendare</span> <span class='ocrx_word' id='word_1_388' title='bbox 342 2550 438 2582; x_wconf 88' lang='lat' dir='ltr'>sese,</span> <span class='ocrx_word' id='word_1_389' title='bbox 460 2550 504 2574; x_wconf 90' lang='lat' dir='ltr'>ac</span> <span class='ocrx_word' id='word_1_390' title='bbox 525 2539 707 2574; x_wconf 86' lang='lat' dir='ltr'>maioribus</span> <span class='ocrx_word' id='word_1_391' title='bbox 729 2538 878 2581; x_wconf 68' lang='lat' dir='ltr'>meritis,</span> <span class='ocrx_word' id='word_1_392' title='bbox 899 2538 1035 2583; x_wconf 83' lang='lat' dir='ltr'>dignum</span> <span class='ocrx_word' id='word_1_393' title='bbox 1057 2537 1200 2572; x_wconf 87' lang='lat' dir='ltr'>reddere</span> <span class='ocrx_word' id='word_1_394' title='bbox 1220 2542 1290 2574; x_wconf 78' lang='lat' dir='ltr'>tam</span> <span class='ocrx_word' id='word_1_395' title='bbox 1310 2539 1465 2574; x_wconf 86' lang='lat' dir='ltr'>sublimis</span> <span class='ocrx_word' id='word_1_396' title='bbox 1486 2551 1550 2573; x_wconf 83' lang='lat' dir='ltr'>ex—</span> 
     </span>
     <span class='ocr_line' id='line_1_41' title="bbox 88 2581 1547 2631; baseline 0.001 -16"><span class='ocrx_word' id='word_1_397' title='bbox 88 2581 246 2618; x_wconf 78' lang='lat' dir='ltr'>cellentia</span> <span class='ocrx_word' id='word_1_398' title='bbox 267 2585 434 2619; x_wconf 86' lang='lat' dir='ltr'>connubii.</span> <span class='ocrx_word' id='word_1_399' title='bbox 478 2585 547 2621; x_wconf 85' lang='lat' dir='ltr'>ista</span> <span class='ocrx_word' id='word_1_400' title='bbox 569 2585 634 2621; x_wconf 83' lang='lat' dir='ltr'>sibi</span> <span class='ocrx_word' id='word_1_401' title='bbox 653 2585 829 2631; x_wconf 79' lang='lat' dir='ltr'>proposita</span> <span class='ocrx_word' id='word_1_402' title='bbox 847 2584 998 2619; x_wconf 83' lang='lat' dir='ltr'>secunda</span> <span class='ocrx_word' id='word_1_403' title='bbox 1021 2583 1227 2629; x_wconf 71' lang='lat' dir='ltr'>cogitatione</span> <span class='ocrx_word' id='word_1_404' title='bbox 1246 2584 1463 2630; x_wconf 83' lang='lat' dir='ltr'>imperatoris</span> <span class='ocrx_word' id='word_1_405' title='bbox 1482 2584 1547 2618; x_wconf 86' lang='lat' dir='ltr'>mi-</span> 
     </span>
     <span class='ocr_line' id='line_1_42' title="bbox 88 2627 1548 2676; baseline 0.003 -16"><span class='ocrx_word' id='word_1_406' title='bbox 88 2627 244 2663; x_wconf 78' lang='lat' dir='ltr'>rabiliter</span> <span class='ocrx_word' id='word_1_407' title='bbox 272 2630 404 2665; x_wconf 85' lang='lat' dir='ltr'>exarsit</span> <span class='ocrx_word' id='word_1_408' title='bbox 429 2630 538 2666; x_wconf 80' lang='lat' dir='ltr'>crales</span> <span class='ocrx_word' id='word_1_409' title='bbox 566 2631 603 2666; x_wconf 88' lang='lat' dir='ltr'>in</span> <span class='ocrx_word' id='word_1_410' title='bbox 635 2631 841 2666; x_wconf 88' lang='lat' dir='ltr'>desiderium</span> <span class='ocrx_word' id='word_1_411' title='bbox 873 2635 944 2664; x_wconf 85' lang='lat' dir='ltr'>tam</span> <span class='ocrx_word' id='word_1_412' title='bbox 971 2627 1114 2664; x_wconf 79' lang='lat' dir='ltr'>illustris</span> <span class='ocrx_word' id='word_1_413' title='bbox 1145 2634 1182 2664; x_wconf 80' lang='lat' dir='ltr'>et</span> <span class='ocrx_word' id='word_1_414' title='bbox 1210 2641 1290 2676; x_wconf 83' lang='lat' dir='ltr'>spes</span> <span class='ocrx_word' id='word_1_415' title='bbox 1312 2636 1462 2675; x_wconf 81' lang='lat' dir='ltr'>votaque</span> <span class='ocrx_word' id='word_1_416' title='bbox 1483 2641 1548 2665; x_wconf 79' lang='lat' dir='ltr'>sua</span> 
     </span>
     <span class='ocr_line' id='line_1_43' title="bbox 87 2671 1550 2722; baseline 0.001 -16"><span class='ocrx_word' id='word_1_417' title='bbox 87 2671 206 2716; x_wconf 77' lang='lat' dir='ltr'>priora</span> <span class='ocrx_word' id='word_1_418' title='bbox 226 2676 422 2710; x_wconf 82' lang='lat' dir='ltr'>excedentis</span> <span class='ocrx_word' id='word_1_419' title='bbox 442 2687 606 2722; x_wconf 77' lang='lat' dir='ltr'>sponsae,</span> <span class='ocrx_word' id='word_1_420' title='bbox 625 2688 758 2722; x_wconf 84' lang='lat' dir='ltr'>proque</span> <span class='ocrx_word' id='word_1_421' title='bbox 778 2676 836 2710; x_wconf 78' lang='lat' dir='ltr'>illa</span> <span class='ocrx_word' id='word_1_422' title='bbox 856 2675 940 2709; x_wconf 82' lang='lat' dir='ltr'>nibil</span> <span class='ocrx_word' id='word_1_423' title='bbox 960 2677 1117 2710; x_wconf 82' lang='lat' dir='ltr'>continno</span> <span class='ocrx_word' id='word_1_424' title='bbox 1139 2675 1268 2721; x_wconf 81' lang='lat' dir='ltr'>pacisci</span> <span class='ocrx_word' id='word_1_425' title='bbox 1289 2674 1550 2711; x_wconf 77' lang='lat' dir='ltr'>constantissimi</span> 
     </span>
     <span class='ocr_line' id='line_1_44' title="bbox 87 2717 1549 2771; baseline 0.003 -20"><span class='ocrx_word' id='word_1_426' title='bbox 87 2717 153 2771; x_wconf 72' lang='lat' dir='ltr'>iam</span> <span class='ocrx_word' id='word_1_427' title='bbox 175 2717 211 2752; x_wconf 88' lang='lat' dir='ltr'>in</span> <span class='ocrx_word' id='word_1_428' title='bbox 231 2719 440 2765; x_wconf 79' lang='lat' dir='ltr'>designatum</span> <span class='ocrx_word' id='word_1_429' title='bbox 462 2734 615 2757; x_wconf 87' lang='lat' dir='ltr'>socerum</span> <span class='ocrx_word' id='word_1_430' title='bbox 639 2724 828 2767; x_wconf 78' lang='lat' dir='ltr'>Augustum</span> <span class='ocrx_word' id='word_1_431' title='bbox 851 2720 1006 2766; x_wconf 85' lang='lat' dir='ltr'>obsequii</span> <span class='ocrx_word' id='word_1_432' title='bbox 1027 2720 1186 2756; x_wconf 78' lang='lat' dir='ltr'>dubitans</span> <span class='ocrx_word' id='word_1_433' title='bbox 1206 2725 1314 2756; x_wconf 79' lang='lat' dir='ltr'>totum</span> <span class='ocrx_word' id='word_1_434' title='bbox 1337 2733 1376 2755; x_wconf 88' lang='lat' dir='ltr'>se</span> <span class='ocrx_word' id='word_1_435' title='bbox 1396 2721 1549 2756; x_wconf 74' lang='lat' dir='ltr'>addebat</span> 
     </span>
     <span class='ocr_line' id='line_1_45' title="bbox 87 2766 1550 2812; baseline 0.003 -16"><span class='ocrx_word' id='word_1_436' title='bbox 87 2773 125 2796; x_wconf 86' lang='lat' dir='ltr'>m</span> <span class='ocrx_word' id='word_1_437' title='bbox 146 2767 286 2799; x_wconf 72' lang='lat' dir='ltr'>conatus</span> <span class='ocrx_word' id='word_1_438' title='bbox 307 2768 562 2811; x_wconf 73' lang='lat' dir='ltr'>persuadendae</span> <span class='ocrx_word' id='word_1_439' title='bbox 585 2779 668 2803; x_wconf 78' lang='lat' dir='ltr'>suae</span> <span class='ocrx_word' id='word_1_440' title='bbox 689 2767 942 2803; x_wconf 70' lang='lat' dir='ltr'>addictis-imae</span> <span class='ocrx_word' id='word_1_441' title='bbox 961 2767 1158 2812; x_wconf 79' lang='lat' dir='ltr'>imperatori</span> <span class='ocrx_word' id='word_1_442' title='bbox 1178 2767 1382 2809; x_wconf 76' lang='lat' dir='ltr'>voluntatis,</span> <span class='ocrx_word' id='word_1_443' title='bbox 1404 2766 1550 2800; x_wconf 69' lang='lat' dir='ltr'>inviole-</span> 
     </span>
     <span class='ocr_line' id='line_1_46' title="bbox 86 2807 1547 2860; baseline 0.003 -17"><span class='ocrx_word' id='word_1_444' title='bbox 86 2807 164 2843; x_wconf 81' lang='lat' dir='ltr'>bilis</span> <span class='ocrx_word' id='word_1_445' title='bbox 195 2809 230 2844; x_wconf 85' lang='lat' dir='ltr'>iu</span> <span class='ocrx_word' id='word_1_446' title='bbox 263 2809 333 2846; x_wconf 78' lang='lat' dir='ltr'>fide</span> <span class='ocrx_word' id='word_1_447' title='bbox 362 2814 641 2858; x_wconf 74' lang='lat' dir='ltr'>perseverantiae</span> <span class='ocrx_word' id='word_1_448' title='bbox 671 2813 810 2860; x_wconf 57' lang='lat' dir='ltr'>wantis</span> <span class='ocrx_word' id='word_1_449' title='bbox 831 2823 920 2859; x_wconf 83' lang='lat' dir='ltr'>opus</span> <span class='ocrx_word' id='word_1_450' title='bbox 939 2811 1111 2848; x_wconf 68' lang='lat' dir='ltr'>vida-etur</span> <span class='ocrx_word' id='word_1_451' title='bbox 1132 2813 1328 2859; x_wconf 64' lang='lat' dir='ltr'>pignoribus</span> <span class='ocrx_word' id='word_1_452' title='bbox 1349 2811 1547 2847; x_wconf 68' lang='lat' dir='ltr'>firmandae.</span> 
     </span>
    </p>
   </div>
  </div>
 </body>
</html>
