1858 3126
333 157 430 205 842-
721 159 1030 203 OBSERVAT.
1065 161 1374 206 PACHYMER.

348 264 427 325 232ss}
466 263 626 323 ss‘ff'ffi‘ff,
651 263 813 325 Ῑωξζιξηιξὼ
861 269 989 308 Caroli
1008 269 1107 320 regis
1127 268 1303 321 Apuliae,
1332 270 1426 310 dare
1444 271 1504 311 illi
1526 273 1656 312 noluit
1674 275 1764 313 lite-

465 329 624 390 Sgigipsuff‘i-
651 363 807 394 Andronici
858 339 923 390 ras
952 325 1002 363 ad
1028 339 1190 389 papam,
1219 339 1269 364 ne
1289 327 1401 364 illum
1411 335 1570 380 patrem
1589 332 1764 368 sanctis-

334 436 439 475 1292
520 399 571 424 eat
707 437 758 477 10
858 395 1006 479 ἶιηιὸιῗηι
1036 395 1079 419 m
1106 381 1168 420 his
1200 382 1398 434 appellare
1426 389 1638 435 cogeretur.
1692 386 1720 426 1.
1737 388 1765 428 3

913 505 1058 542 Tamen
1076 502 1160 556 ipse
1175 503 1428 543 Andronicus
1443 510 1579 557 postea
1593 505 1766 544 scribens

859 561 908 599 ad
943 560 1144 598 Sultanem
1185 559 1420 611 Babyloniae
1456 561 1616 599 fratrem
1652 561 1768 600 illum

858 629 1000 656 vocare
1027 629 1108 654 non
1138 615 1312 665 dubitat,
1355 616 1580 655 auctoribus
1610 617 1768 668 episco-

858 674 942 725 pis,
978 671 1206 724 praesertim
1239 671 1570 724 Philadelphiensi
1597 671 1768 712 Theole-

859 735 950 781 pto,
989 728 1058 779 qui
1087 728 1203 766 etiam
1233 727 1438 766 daemones
1467 728 1589 766 malos
1625 728 1768 766 fratres

859 784 1045 823 ecclesiae
1066 783 1107 823 in
1135 783 1296 823 Cantico
1326 783 1580 823 canticorum
1611 783 1692 822 dici
1719 797 1768 822 ex

861 841 1029 892 quodam
1048 840 1226 890 Gregorii
1241 839 1405 891 Nysseni
1419 838 1642 878 testimonio
1659 840 1770 878 affir-

860 897 1003 943 mavit,
1031 909 1076 933 eo
1107 895 1266 935 nomine
1296 895 1438 933 acriter
1466 894 1728 947 reprehensus
1746 909 1770 933 a

861 950 1165 1004 Dyrrhachiensi
1198 951 1353 1000 Niceta,
1394 951 1460 989 sed
1496 957 1702 989 excusatus
1731 957 1769 989 et

859 1010 1039 1047 defensus
1057 1007 1104 1044 ab
1123 1007 1356 1058 imperatore
1374 1007 1561 1045 concione
1581 1020 1699 1058 super
1721 1020 1767 1045 eo

859 1063 1019 1117 proprie
1048 1069 1275 1113 argumento
1305 1062 1447 1102 habita.
1504 1063 1531 1103 l.
1558 1065 1584 1104 3
1618 1075 1652 1101 c.
1673 1062 1700 1105 5
1729 1067 1769 1101 et

859 1135 893 1162 c.
914 1123 980 1162 23.

915 1184 1028 1226 Circa
1046 1184 1124 1226 hoc
1142 1190 1297 1236 tempus
1315 1185 1477 1223 Tucta'i's
1494 1183 1640 1234 Nogam
1656 1196 1769 1235 prae-

858 1243 914 1280 lio
941 1241 1094 1280 victum
1127 1239 1292 1287 occidit3
1326 1254 1372 1279 ac
1408 1252 1502 1278 mox
1537 1239 1769 1290 desponsam

860 1298 934 1337 sibi
972 1297 1083 1349 prius
1122 1296 1339 1334 Andronici
1375 1294 1624 1348 imperatoris
1647 1294 1770 1332 filiam

860 1354 1020 1392 notham
1042 1365 1208 1390 uxorem
1225 1353 1383 1404 accipit.
1438 1352 1464 1391 l.
1480 1353 1507 1393 3
1527 1364 1562 1391 c.
1582 1352 1647 1392 28-

330 1436 635 1447 *Q*-

335 1483 441 1522 1293
712 1489 762 1528 11
920 1484 1104 1537 Episcopi
1122 1489 1161 1522 et
1179 1484 1254 1535 ipsi
1271 1498 1292 1521 a
1313 1483 1412 1521 Saba
1434 1490 1473 1521 et
1493 1483 1580 1522 aliis
1596 1483 1771 1522 Athana-

865 1542 911 1580 sii
940 1539 1186 1592 patriarchae
1213 1539 1403 1577 ministris
1429 1539 1588 1589 vexati,
1619 1538 1772 1577 clericis

865 1597 912 1635 ab
930 1597 1185 1647 imperatore,
1215 1595 1321 1645 quod
1344 1595 1390 1632 ab
1410 1594 1621 1633 Athanasio
1638 1607 1680 1632 se
1699 1593 1770 1631 ab-

865 1652 1109 1700 scinderent,
1137 1651 1391 1688 inclementer
1415 1649 1557 1687 habitis
1581 1663 1621 1687 se
1641 1649 1771 1701 palam

865 1707 1102 1756 adiungunt3
1141 1711 1179 1743 et
1216 1705 1386 1755 primum
1421 1704 1682 1756 patriarcham
1722 1704 1771 1742 de

203 1773 228 1804 P
249 1772 314 1811 611
865 1775 1025 1800 suorum
1061 1760 1279 1799 excessibus
1316 1760 1545 1809 admonent,
1583 1760 1723 1799 deinde
1748 1773 1771 1797 a
1806 1754 1810 1757 ¹

865 1816 1093 1869 negligentis
1113 1816 1334 1854 satisfacere
1351 1816 1626 1854 communione
1645 1829 1686 1854 se
1705 1815 1772 1853 ab-

865 1873 1045 1923 iungunt.
1103 1871 1271 1922 denique
1289 1885 1361 1923 per
1379 1872 1512 1910 missos
1533 1872 1582 1910 ad
1599 1871 1773 1924 impera-

865 1935 990 1967 torem
1016 1928 1114 1965 duos
1134 1940 1221 1966 eum
1242 1928 1412 1978 graviter
1435 1933 1594 1966 monent
1611 1941 1662 1965 ne
1677 1928 1774 1965 actis

865 1983 1287 2022 inconvenientissimis
1305 1984 1476 2022 favorem
1494 1983 1686 2035 praebeat.
1706 1983 1773 2023 l.2

867 2054 900 2078 c.
919 2044 986 2082 21.

660 2094 752 2134 Mielg.
764 2096 822 2122 Au-
922 2095 981 2134 Ab
999 2094 1076 2134 hoc
1093 2107 1196 2132 anuo
1209 2080 1461 2144 l’achymeres
1481 2093 1687 2144 imperium
1698 2092 1773 2131 Mi-

659 2128 822 2190 guxiiiriiu‘
868 2151 1015 2190 chaelis
1034 2150 1201 2188 iunioris
1222 2149 1385 2199 Augusti
1401 2148 1580 2198 inchoat,
1610 2162 1772 2199 compa-

746 2202 767 2242 1
868 2220 959 2245 rans
991 2210 1042 2250 12
1063 2205 1180 2244 huius
1204 2218 1348 2242 annum
1369 2218 1456 2242 cum
1481 2209 1533 2247 23
1550 2204 1671 2245 illius.
1701 2204 1726 2240 l.
1745 2206 1772 2244 7

870 2276 903 2303 c.
924 2265 959 2302 1.
1013 2262 1119 2299 unde
1145 2267 1300 2312 oportet
1332 2259 1558 2298 Michaelem
1585 2259 1771 2308 collegam

868 2318 946 2356 hoc
977 2331 1078 2355 anno
1105 2317 1224 2354 fuisse
1246 2316 1506 2366 declaratum,
1535 2315 1607 2353 etsi
1618 2320 1770 2352 tantum

870 2373 1047 2424 sequenti
1077 2373 1139 2412 die
1166 2375 1216 2416 21
1248 2371 1339 2412 Maii
1368 2385 1390 2409 a
1411 2384 1516 2408 novo
1551 2368 1771 2421 patriarcha

873 2435 1081 2467 coronatus
1121 2427 1252 2467 fuerit.
1316 2425 1572 2474 Athanasius,
1621 2424 1770 2475 scripto

871 2485 960 2522 data
983 2482 1266 2535 patriarchatus
1292 2481 1485 2529 cessione,
1513 2480 1556 2517 in
1580 2486 1772 2518 monaste-

871 2540 973 2578 rium
990 2539 1135 2580 recedit
1153 2538 1216 2576 die
1238 2540 1290 2581 16
1309 2535 1509 2584 Octobris,
1538 2536 1648 2573 annis
1672 2548 1771 2585 qua-

871 2601 963 2633 tuor
991 2601 1028 2632 et
1057 2594 1210 2631 duobus
1244 2592 1410 2643 insuper
1441 2590 1575 2629 diebus
1602 2590 1772 2642 patriar-

873 2648 977 2686 chali
993 2648 1177 2698 dignitate
1192 2660 1380 2698 possessa.
1410 2647 1436 2686 l.
1447 2649 1475 2687 2
1491 2660 1513 2683 a
1533 2649 1628 2687 c.22
1643 2645 1692 2683 ad
1706 2645 1770 2687 25.

925 2714 1049 2753 Melec
1078 2714 1209 2752 Masur
1235 2712 1395 2752 auxiliis
1418 2713 1617 2751 Persarum
1637 2716 1774 2748 contra

853 2775 1039 2810 *veterem
1088 2768 1241 2808 hostem
1287 2768 1491 2808 Amurium
1533 2766 1772 2820 praevalens,
