1858 3126
326 158 402 201 DE
436 155 764 201 ANDRONICO
796 154 1170 200 PALAEOLOGO
1205 155 1253 199 L.
1274 155 1328 202 V.
1486 153 1584 200 389

126 290 199 328 χει.
260 268 469 328 Ἅμοῦριοι
495 275 627 314 ταῦτα
659 271 727 312 καὶ
744 269 940 324 Ἀτμᾶνες
961 268 1115 312 >tavae
1132 285 1174 312 τε
1201 264 1484 325 καὶᾎλισῦραι
1513 269 1580 310 καὶ

128 342 370 395 Μανταχιάι
402 341 469 382 καὶ
495 336 808 394 Σαλαμπάξιδες
834 338 900 380 καὶ
922 337 1106 387 Ἀλαῖδες
1125 333 1489 393 καὶἈμηραμᾶναι
1511 338 1580 379 καὶ

128 410 323 464 Λαμίσαι
347 406 584 464 Σφονδύλαι
602 424 645 450 τε
662 409 729 450 καὶ
744 407 949 462 Παγδΐναι
976 407 1042 447 καὶ
1063 409 1145 448 πᾶν
1167 405 1268 447 ἄλλο
1292 406 1494 462 χείριστον
1512 406 1579 448 καὶ

127 479 343 534 ἔπίρρητον
363 476 507 531 ὄνομα.
577 476 623 518 οἳ
633 475 684 531 δὴ
705 477 771 518 καὶ
798 474 1076 531 προαχθέντες
1095 480 1186 523 ταῒς
1213 471 1384 527 τόλμαις
1403 472 1447 516 ἴκ
1467 491 1576 524 τινος
1597 485 1626 518 Β

95 543 353 591 ὁᾶλλοκότου
380 546 447 587 καὶ
473 548 658 587 Πανικοῦ
687 540 951 600 φρονήματος
981 543 1097 597 δίκην
1122 541 1250 597 πυρὸς
1273 541 1415 598 ἀγρίου
1436 540 1580 584 ἐπελά-

125 619 251 670 βοντο
277 611 440 656 πάντων
462 614 528 655 καὶ
554 612 817 666 κατενέμοντο
829 644 842 663 ,
879 610 985 668 αὐτῇ
1004 610 1055 665 δὴ
1073 608 1271 666 θαλάσσῃ
1292 611 1358 652 καὶ
1378 608 1486 668 μόνῃ
1504 614 1579 653 τοῦ

115 683 185 737 ’μὴ
217 679 360 738 πρόσω
390 683 456 724 καὶ
482 676 869 737 αὖθιςπροβαίνειν
905 676 1139 735 εῗργόμενοι.
1216 682 1380 732 βασιλεῖ
1410 679 1455 721 δὲ
1482 678 1579 722 οὐδὲ

121 751 293 806 διωρίαν
312 754 469 805 βουλῆς
485 756 676 805 παρεῖχον
696 745 966 804 ἀγγελλόμενα
986 747 1039 790 τὰ
1057 744 1181 790 δεινά.
1252 748 1318 789 καὶ
1340 745 1387 789 τὸ
1406 747 1482 801 μέν
1498 747 1577 804 γὰρ

126 818 410 862 ἀνθίστασθαι
438 819 504 860 καὶ
528 815 810 873 ἀντιπαράγειν
838 817 999 866 ἐκείνοις
1023 812 1312 872 στρατεύματα
1333 814 1489 871 ἄπορον
1511 811 1575 870 ἦν.

72 899 115 933 10
127 888 169 930 αἱ
188 888 263 941 μὲν
281 887 359 943 γὰρ
377 884 595 941 Ῥωμαϊκαὶ
623 884 813 939 δυνάμεις
845 884 919 939 οὔχ
947 883 1058 934 ὅπως
1088 884 1333 939 ἓξησθένουν
1345 917 1358 936 ,
1385 883 1490 926 ἀλλὰ
1510 885 1577 926 καὶ

123 956 318 1013 προνοίας
333 952 657 1013 ἀπολωλεκότες,
695 953 896 1008 ἀνατολὴν
923 951 1137 1009 φεύγοντες
1155 954 1218 995 ε’πὶ
1240 950 1395 1002 δύσεως
1412 951 1574 1006 ὥρμων,

60 1060 65 1069 .
122 1021 445 1080 περιποιούμενοι
462 1021 621 1073 ἑαυτοῖς
639 1020 766 1077 μόνον
787 1021 834 1065 τὸ
857 1023 949 1075 ζῆν·
983 1020 1147 1078 ἑτέρους
1165 1023 1189 1063 δ
1199 1020 1212 1036 ’
1243 1021 1491 1076 ἒγκαθιστᾶν
1510 1021 1572 1063 ἐπὶ
1595 1025 1625 1057 C

121 1092 262 1150 ῥητοῖς
289 1092 451 1148 γε’ρασιν
475 1089 686 1147 ἀμήχανον
717 1087 777 1145 ἦν.
848 1088 1088 1147 θεραπεύειν
1114 1089 1159 1132 δ’
1190 1084 1315 1139 αὖθις
1346 1086 1577 1145 ὁμολογίαις

118 1161 168 1204 τὸ
191 1160 394 1216 Περσικὸν
412 1159 504 1203 οὔτε
525 1159 571 1203 τὸ
589 1159 742 1216 πρέπον
761 1160 898 1202 ἐδίδου
911 1193 922 1212 ,
958 1160 1024 1200 καὶ
1048 1157 1182 1207 ἄλλως
1201 1157 1355 1213 ἄπορον
1373 1153 1423 1212 ἦν
1441 1155 1575 1201 τόσων

68 1237 112 1272 15
124 1229 252 1272 ὄντων
274 1230 341 1271 καὶ
359 1227 568 1285 διαφόρων
586 1228 660 1278 τὰς
677 1226 865 1284 γνώμας,
903 1228 974 1269 καί
991 1226 1031 1282 γ’
1053 1227 1115 1268 ἐπὶ
1146 1230 1344 1269 τοσοῦτον
1368 1223 1576 1282 ἡγεμόνων

117 1297 379 1353 ἐγνωσμένων
406 1304 491 1347 τοῖς
513 1296 650 1346 ἄλλοις
670 1296 741 1352 ἐφ’
765 1295 860 1338 ὅσον
883 1292 1087 1337 σκυλεύειν
1103 1312 1145 1337 τε
1166 1296 1231 1336 καὶ
1252 1296 1470 1350 κερδαίνειν
1490 1300 1576 1343 τοῖς

120 1363 456 1422 ὕποτεταγμένοις
474 1367 566 1421 ἐξῆν
575 1398 590 1418 ,
625 1364 674 1420 ἢν
701 1364 750 1407 δέ
762 1381 840 1408 που
860 1365 926 1407 καὶ
946 1367 1180 1420 καθυφοΐτο
1207 1359 1228 1406 ὃ
1248 1361 1356 1419 ἄγων
1377 1362 1402 1418 ἢ
1428 1359 1576 1420 δώροις

211 1500 245 1534 6.
269 1496 341 1544 δή]
363 1494 404 1534 δὲ
426 1497 467 1532 P.

116 1625 214 1648 omne
235 1616 366 1659 tempus
386 1613 601 1659 irreparabili
619 1612 792 1647 desolatae
814 1615 904 1646 sunt.
949 1614 1106 1646 auctores
1122 1611 1239 1645 horum
1258 1609 1385 1644 Amurii
1407 1613 1443 1644 et
1458 1610 1556 1644 Atma

117 1671 191 1704 nes,
214 1659 359 1703 Atinae,
379 1659 551 1704 Alisyrae‚
572 1659 806 1699 Mantachiae‚
827 1657 1082 1701 Salampaxides
1105 1664 1140 1691 et
1162 1656 1298 1690 Alaides
1322 1662 1359 1690 et
1380 1656 1573 1689 Amerama-

118 1717 182 1740 nae
204 1709 240 1740 et
260 1705 428 1746 Lamnae,
451 1705 657 1750 Sphondilae
679 1711 861 1750 praeterea
884 1707 919 1737 et
933 1703 1116 1747 Pagdinae,
1140 1706 1342 1746 caeteraque
1357 1700 1479 1745 Stygia
1502 1700 1571 1734 ccl-

114 1750 226 1786 luvies
247 1751 487 1785 execrabilium
509 1756 607 1785 erant
628 1751 806 1784 nominum.
854 1749 887 1784 hi
911 1750 1072 1782 ductores
1093 1748 1260 1783 furialium
1282 1754 1484 1786 turmarum,
1517 1745 1569 1778 di-

115 1796 198 1830 tiori
221 1795 323 1830 etiam
343 1808 442 1842 quam
472 1796 572 1841 vulgo
604 1797 658 1830 vel
682 1797 859 1830 barbarum
891 1799 1011 1840 pectus
1035 1795 1128 1839 capit
1147 1793 1313 1838 planeque
1337 1802 1379 1825 ex
1403 1791 1495 1824 Orco
1517 1791 1570 1824 af-

115 1841 203 1876 flata
221 1841 374 1876 instincti
396 1842 538 1876 audacia
561 1846 598 1876 et
618 1841 764 1885 ferocia,
802 1842 870 1876 ritu
904 1846 1008 1874 vento
1030 1840 1163 1885 impulsi
1187 1837 1391 1872 vehementis
1412 1835 1572 1877 incendii,

117 1893 239 1921 cuncta
260 1887 489 1932 corripiebant
509 1889 814 1932 consumebantque
835 1886 951 1927 obvia,
987 1886 1071 1919 mari
1100 1885 1171 1919 solo
1200 1895 1242 1917 ne
1271 1883 1363 1916 ultra
1393 1882 1555 1915 tenderen

112 1932 254 1967 setenti.
298 1933 414 1967 horum
445 1944 527 1967 ausa
557 1938 593 1966 et
626 1940 703 1967 acta
732 1945 796 1966 nec
822 1934 986 1966 momento
1008 1930 1218 1964 cessantibus
1247 1928 1484 1972 imperatorem
1506 1926 1570 1959 ob-

113 1977 251 2011 ruentis
272 1978 398 2012 nuntiis
415 1989 459 2011 nc
480 1979 586 2011 breve
608 1978 742 2022 quidem
764 1977 908 2022 spatium
940 1976 971 2009 ei
996 1976 1039 2009 ad
1062 1973 1312 2009 consultandum
1335 1972 1571 2017 relinquebant

115 2023 271 2056 liberum.
316 2027 420 2067 atque
445 2023 524 2056 hnic
555 2023 688 2068 quidem
719 2023 863 2056 exeundi
896 2021 1028 2055 obviam
1059 2020 1215 2054 barbaris
1245 2018 1503 2063 opponendique
1523 2017 1567 2050 iis

115 2069 224 2103 iustos
246 2067 414 2102 exercitus
442 2068 533 2101 nulla
556 2079 693 2112 prorsus
723 2068 869 2101 facultas
891 2067 1021 2101 aderat,
1069 2077 1144 2099 nam
1167 2065 1338 2098 Romanae
1359 2063 1478 2109 copiae
1501 2074 1567 2097 non

115 2113 315 2148 debilitatae
337 2117 467 2147 tantum
492 2118 608 2155 erant,
640 2113 701 2147 sed
722 2114 852 2146 fractae
875 2124 916 2146 ac
938 2111 1071 2145 deletae
1092 2110 1262 2152 funditus,
1292 2109 1422 2144 amissis
1442 2114 1478 2142 et
1504 2109 1566 2142 do·—

114 2160 226 2196 mibus
248 2164 284 2193 et
305 2159 492 2204 stipendiis.
538 2158 655 2203 itaque
677 2170 720 2192 ex
742 2158 884 2191 Oriente
905 2156 1083 2201 fugientes,
1108 2155 1231 2200 passim
1254 2155 1424 2189 ordinibus
1444 2153 1567 2188 solutis

115 2217 180 2252 pro
201 2217 239 2239 se
262 2205 407 2250 quisque
427 2204 462 2238 in
485 2203 702 2238 Occidentem
724 2204 970 2248 properabant,
995 2202 1029 2235 in
1052 2202 1145 2235 lucro
1166 2204 1328 2246 ponentes
1349 2199 1438 2254 quod
1459 2200 1565 2233 solum

114 2251 293 2293 viverent,
319 2255 355 2284 et
376 2262 438 2296 pro
460 2250 583 2284 misero
605 2249 727 2295 spiritu
748 2248 912 2282 trahendo
935 2247 1017 2282 nihil
1038 2245 1162 2292 pacisci
1182 2251 1371 2280 recusaturi
1393 2245 1565 2280 servitutis

115 2309 158 2332 ac
179 2296 366 2331 dedecoris.
410 2307 516 2330 novos
539 2296 663 2329 habere
693 2294 844 2328 delectus
875 2293 1099 2341 praemiisque
1129 2292 1301 2337 promissis
1323 2291 1408 2326 alios
1427 2291 1564 2325 allicere

115 2343 179 2378 sub
201 2343 300 2387 signa
320 2341 445 2376 milites
468 2353 607 2387 prorsus
628 2352 730 2385 supra
754 2340 843 2374 vires
864 2342 958 2378 erat,
981 2349 1054 2372 cum
1078 2349 1141 2371 nec
1162 2343 1243 2383 apta
1263 2337 1402 2372 militiae
1424 2337 1467 2371 ad
1490 2348 1563 2370 ma-

113 2400 194 2422 num
215 2388 371 2422 iuventus
403 2388 536 2422 adforet
567 2393 603 2421 et
625 2386 748 2421 aerarii
780 2386 890 2431 palam
913 2383 1069 2418 exhausti
1090 2383 1288 2417 concidisset
1307 2383 1405 2417 fides.
1450 2385 1562 2416 resta-

114 2435 177 2468 bat
210 2437 249 2467 ut
275 2433 330 2468 vel
360 2434 469 2478 turpis
501 2439 538 2467 et
569 2433 728 2467 damnosa
758 2443 824 2476 pax
855 2430 1020 2465 adulando
1041 2428 1238 2463 inducendis
1267 2428 1311 2463 ad
1333 2439 1503 2463 assensum
1525 2427 1563 2460 in

115 2479 324 2514 conditiones
344 2479 441 2513 nobis
463 2480 656 2524 probrosas,
678 2477 762 2521 ipsis
785 2477 925 2521 amplas,
946 2474 1064 2509 Persis
1083 2475 1387 2520 quomodocumque
1409 2478 1559 2507 tentare·

115 2529 184 2560 tur.
230 2525 273 2559 ad
302 2525 338 2558 id
370 2525 541 2559 consilium
573 2529 809 2570 praeterquam
831 2521 963 2567 imperii
984 2521 1089 2554 honor
1111 2523 1147 2554 et
1167 2520 1309 2555 Romani
1329 2518 1468 2554 nominis
1490 2517 1562 2551 exi-

115 2570 262 2605 stimatio
283 2570 446 2604 hactenns
465 2575 533 2604 tam
558 2573 701 2615 angusta
724 2570 925 2614 respuebat,
947 2566 1047 2600 etiam
1068 2570 1334 2612 quantocumque
1357 2569 1479 2599 conatu
1501 2574 1560 2596 ca-

115 2621 329 2659 pesseretur,
351 2627 509 2650 successu
532 2617 630 2662 plane
652 2615 832 2649 cariturum
854 2615 964 2659 palam
986 2617 1081 2655 erat,
1116 2611 1272 2657 quoniam
1301 2616 1337 2645 et
1365 2614 1418 2644 tot
1448 2613 1562 2642 essent

114 2663 250 2704 tamque
270 2661 537 2707 discrepantibus
568 2661 746 2696 sententiis
764 2660 868 2694 duces
898 2658 955 2692 isti
974 2658 1218 2700 barbarorum,
1247 2661 1288 2691 ut
1307 2660 1356 2695 et
1383 2653 1560 2688 universos

54 2748 61 2756 ⁶
115 2705 244 2748 pariter
264 2717 331 2741 nna
352 2707 569 2741 conventione
589 2719 691 2753 posse
712 2704 946 2751 comprehendi
976 2714 1078 2748 supra
1100 2713 1194 2748 spem
1215 2707 1325 2744 esset,
1348 2705 1383 2734 et
1404 2699 1434 2733 si
1457 2709 1559 2744 quos-

115 2749 191 2784 dam
214 2754 342 2785 tantum
364 2753 596 2796 demerereris‚
610 2752 692 2786 nihil
716 2762 850 2796 ageres:
871 2749 997 2784 milites
1014 2748 1137 2794 qnippe
1156 2748 1303 2792 ipsorum
1325 2755 1438 2781 omnes
1458 2755 1559 2790 prae·

117 2794 168 2829 dis
189 2794 356 2832 inhiantes
377 2798 586 2843 avidissime,
609 2799 653 2833 ab
676 2809 717 2833 eo
739 2796 939 2844 quicumque
960 2805 1078 2840 pacem
1100 2793 1249 2837 fecisset,
1271 2793 1316 2828 ad
1338 2791 1421 2827 alios
1443 2801 1466 2826 a
1486 2789 1561 2836 qui-
