1820 3112
187 151 283 197 136
606 150 842 195 GEORGII
874 151 1228 197 PACHYMERIS

184 281 268 309 σων
287 266 352 308 καὶ
371 264 494 315 ἀξιῶν
516 261 700 318 ὁμονοεῖν
722 269 833 322 σφᾶς
855 265 1115 323 ἀμφοτέρους
1128 298 1141 319 ,
1178 267 1246 308 καὶ
1262 264 1394 317 οὕτως
1410 268 1465 317 εἰς
1481 263 1526 310 (ἓν
1547 266 1653 310 κατὰ

131 343 162 378 C
186 332 350 392 γνώμην
370 333 654 387 συναχθέντας
681 334 780 384 τοὺς
801 335 1058 390 σχιζομένους
1080 339 1340 390 συναχθῆναι
1369 337 1437 379 καὶ
1457 336 1562 378 κατὰ
1581 334 1652 381 τό·

183 422 288 456 πον,
326 400 503 445 συνόδου
535 408 671 457 κοινῆς
697 401 777 446 ὑπὸ
795 408 960 458 βασιλεῖ
978 403 1210 460 γινομένης,
1247 403 1426 460 ὂρὲγοντι
1449 406 1516 446 καὶ
1536 404 1651 463 αὐτῷ

184 469 344 524 δεξιάν,
385 473 418 513 εἰ
437 471 488 513 τὰ
513 472 669 515 δυνατὰ
689 474 753 514 καὶ
774 472 910 522 ἄλλως
925 474 1184 530 ξυμφέροντα
1202 472 1372 528 λέγοιεν,
1405 477 1651 529 βραβευθῆ-

183 542 254 584 ναί
271 558 313 583 τε
336 540 410 595 τὴν
434 537 596 596 εἰρήνην
627 542 815 584 ἓντεῐῑθεν
847 542 1010 602 εὐδοκία
1037 545 1139 584 θεοῦ
1151 574 1164 594 ,
1199 541 1231 584 εἰ
1253 543 1319 584 καὶ
1339 541 1456 584 αὐτοὶ
1479 541 1684 587 θέλοιεν.5

185 608 286 652 εἶναι
307 609 385 665 γὰρ
419 610 459 651 ἓν
482 609 595 668 με’σῳ
621 612 688 652 καὶ
717 610 818 653 θεὸν
838 615 920 653 τῶν
942 608 1250 664 ὁμονοούντων,
1286 611 1354 652 καὶ
1381 611 1569 665 ζητοῦσιν
1596 611 1655 654 εἰ-

186 677 314 734 ρήνην
333 677 433 721 ὅντα
455 682 535 720 τῶν
555 677 719 733 μακράν
741 696 784 722 τε
805 681 870 722 καὶ
890 683 971 722 τῶν
993 679 1107 734 ε’γγύς
1126 681 1192 721 καὶ
1215 680 1331 736 σφίσι
1358 677 1514 734 ταύτην
1539 676 1654 722 διδό-

183 766 249 790 ναι
265 780 277 799 ,
314 749 379 789 καὶ
399 751 558 802 μᾶλλον
576 746 696 790 ὁπότε
718 765 778 798 τις
798 748 856 804 μὴ
880 748 955 802 τὴν
985 750 1092 791 ἰδίαν
1123 747 1230 790 ἀλλὰ
1258 747 1332 802 τὴν
1354 749 1504 790 ἐκείνου
1527 746 1653 798 δόξαν

130 818 163 853 D
189 817 339 871 ζητοίη.
410 821 544 859 ταῦτα
575 819 640 859 καὶ
665 817 788 859 πλείω
818 818 978 872 λέγουσι
1007 824 1094 866 τοῖς
1125 816 1230 873 ἀμφὶ
1262 817 1334 859 τὸν
1354 815 1654 873 Ἀλεξανδρείας

185 885 303 928 οῦδὲν
323 880 374 939 ἦν
398 883 558 927 ἶκοῦειν
581 888 614 927 εἰ
633 885 689 941 μὴ
711 886 896 942 στροφὰς
922 882 1168 941 αἰνιγμάτων
1189 887 1256 927 καὶ
1273 887 1440 941 διωρίας
1459 883 1654 942 πραγμᾶ-
1665 897 1709 932 10

183 971 266 996 των
297 956 365 996 καὶ
397 954 491 995 ἄλλ’
522 953 653 1006 ἅττα,
700 952 763 1003 οἷς
796 955 878 1011 ἄρα
909 955 947 996 οἳ
974 955 1020 997 τὸ
1053 954 1186 1011 παρὸν
1223 952 1549 1010 ἀποκρουόμενοι
1585 955 1653 997 καὶ

174 1022 288 1077 πρὸς
312 1022 359 1065 τὸ
379 1022 529 1076 με’λλον
549 1022 623 1073 τοὶς
642 1024 810 1078 ἐλπίδας
831 1023 1088 1080 ἀναρτῶντες
1107 1027 1294 1078 χρῆσθαι
1317 1020 1506 1066 εἰώθασι.
1551 1023 1654 1074 τέως

185 1092 230 1134 δὲ
248 1093 314 1133 καὶ
333 1089 531 1141 συνόδους
553 1090 574 1134 ὃ
592 1092 784 1146 βασιλεὺς
812 1097 1069 1148 συγκροτῶν,
1108 1091 1155 1134 τὸ
1177 1093 1349 1141 ἐκείνους
1356 1123 1370 1144 ,
1408 1091 1466 1146 μὴ
1486 1091 1656 1146 ἔχοντας

185 1158 402 1216 εἰρηνεύειν
432 1160 536 1213 πρὸς
567 1160 795 1216 ἀλλήλους,
845 1159 978 1218 ἑαυτῷ
1010 1158 1222 1215 εἰρηνειῖειν
1239 1164 1462 1215 πειρᾶσθαι
1484 1162 1550 1202 καὶ
1572 1159 1655 1213 ἀμ-

184 1230 385 1285 φοτέρους
408 1227 612 1271 ἀδίνατον
632 1230 794 1285 ἔκρινεν.
854 1229 958 1272 ἀλλὰ
980 1231 1044 1271 καὶ
1069 1226 1303 1282 ἀδυνάτοις,
1339 1228 1386 1271 τό
1411 1228 1463 1283 δὴ
1483 1226 1651 1284 λεγόμε-
1664 1239 1707 1274 15

183 1315 268 1349 νον,
306 1299 493 1352 ἐπεχείρει
513 1298 579 1339 διὰ
597 1298 672 1353 τὴν
694 1298 796 1353 πρὸς
815 1298 888 1354 τὴν
899 1296 1092 1351 ὁμόνοιαν
1113 1298 1229 1350 ζέσιν,
1266 1299 1332 1340 καὶ
1351 1296 1528 1347 πολλοὺς
1544 1295 1653 1353 καθ’

135 1375 169 1409 Ε
194 1364 368 1420 ἑκάστην
399 1367 630 1409 συνέλευσιν
662 1369 870 1417 ἕξελίττων
897 1365 1043 1422 λόγους
1074 1366 1192 1409 οὐδὲν
1213 1365 1333 1421 ἥνυτε
1367 1365 1414 1408 τὸ
1444 1363 1654 1421 παράπαν.

186 1439 262 1478 τοῦ
279 1435 354 1489 μὲν
369 1433 559 1478 Ἰωάννου
578 1438 643 1478 καὶ
662 1437 752 1479 λίαν
771 1436 1014 1493 ἀπεγίνωσκε
1033 1433 1147 1488 τότε,
1182 1436 1248 1478 καὶ
1270 1438 1430 1490 μᾶλλον
1443 1438 1655 1488 βασιλειᾶν

189 1569 290 1611 parte
314 1567 482 1610 gratiam,
516 1579 583 1613 quo
614 1570 736 1613 postea
768 1579 910 1602 concors
931 1567 996 1602 iam
1020 1567 1220 1602 unanimiter
1245 1569 1341 1602 secta
1360 1565 1523 1601 universa
1544 1577 1657 1601 coram

188 1613 291 1657 plena
315 1624 346 1654 s)
356 1614 442 1647 nodo
466 1621 595 1647 certum
619 1618 652 1648 in
676 1614 783 1648 locum
807 1615 1063 1659 congreganda,
1099 1613 1260 1658 depositis
1291 1613 1457 1648 adversus
1480 1613 1656 1647 ecclesiam

189 1658 438 1699 simultatibus,
461 1659 600 1694 dextras
624 1660 784 1694 adfuturo
809 1660 876 1693 illic
898 1660 1095 1706 imperatori
1118 1660 1151 1693 in
1174 1671 1290 1704 pacem
1313 1659 1411 1703 longe
1432 1658 1498 1704 ipsi
1521 1659 1657 1693 deside-

189 1704 394 1738 ratissimam
418 1705 562 1747 darent‚
597 1718 658 1751 spe
689 1711 786 1740 certa
814 1706 959 1750 ingentis
991 1706 1157 1740 ineundae
1181 1706 1224 1740 ab
1246 1705 1305 1738 illo
1327 1704 1480 1750 gratiae,
1513 1705 1542 1738 si
1566 1704 1656 1738 votis

190 1750 412 1796 sensibusque
435 1751 478 1785 ad
503 1763 704 1786 communem
729 1752 907 1786 utilitatem
931 1751 1189 1786 accommodatis
1210 1762 1327 1797 pacem
1350 1750 1496 1796 denique
1518 1749 1659 1784 univer-

191 1796 316 1840 salem,
351 1797 415 1830 deo
439 1797 595 1838 volente,
633 1797 786 1842 Augusto
819 1803 958 1832 auctore
982 1798 1200 1832 conficerent.
1247 1808 1323 1831 esse
1344 1797 1467 1842 quippe
1488 1796 1523 1831 in
1547 1796 1657 1830 medio

190 1842 332 1876 duorum
370 1843 647 1878 consentientium
678 1844 821 1878 invicem
851 1848 886 1878 et
918 1845 1101 1889 petentium
1133 1844 1252 1884 deum3
1284 1842 1344 1888 qui
1375 1854 1413 1877 se
1441 1842 1532 1876 idem
1562 1842 1658 1876 dicat

192 1899 268 1921 esse
293 1889 411 1933 (prout
433 1894 468 1924 et
490 1902 572 1924 vere
595 1891 657 1934 sit)
682 1902 800 1936 pacem
824 1902 940 1924 eorum
963 1890 1021 1936 qui
1045 1892 1145 1934 longe
1169 1894 1205 1924 et
1226 1900 1340 1923 eorum
1363 1888 1421 1934 qui
1443 1899 1551 1934 prope
1576 1887 1656 1931 sint,

191 1939 344 1978 paratum
369 1935 457 1969 hanc
478 1935 543 1970 illis
566 1936 660 1978 dare,
683 1937 825 1970 maxime
849 1937 981 1981 quando
1005 1936 1082 1982 quis
1106 1947 1171 1970 non
1193 1935 1363 1981 propriam
1385 1935 1446 1968 sed
1469 1934 1560 1968 illius
1582 1934 1657 1978 glo-

189 1980 275 2013 riam
299 1981 496 2026 quaesierit.
543 1983 628 2017 haec
659 1988 694 2017 et
718 1983 768 2016 his
802 1982 924 2016 similia
946 1982 1044 2027 plura
1067 1982 1127 2016 ubi
1159 1981 1378 2015 disseruisset
1398 1980 1657 2022 Alexandrinus,

190 2025 273 2059 nihil
305 2038 366 2070 pro
399 2039 561 2072 responso
593 2029 682 2063 aliud
717 2029 850 2062 audivit
882 2040 982 2073 quam
1016 2031 1187 2062 contortas
1219 2026 1437 2072 obliquitates
1460 2025 1657 2072 ancipitium

192 2071 358 2105 dictorum
373 2098 382 2115 ,
416 2073 597 2108 dilationes
619 2075 747 2120 petitae
770 2075 841 2116 rei,
875 2086 961 2119 quas
995 2073 1134 2108 obtendi
1157 2072 1326 2118 negationi
1347 2073 1522 2117 praecisae
1544 2077 1659 2106 astuto

191 2117 422 2152 dissimulatae
445 2121 527 2154 satis
552 2128 750 2166 appareret,
782 2121 908 2164 effugia
929 2121 1074 2166 denique
1096 2119 1299 2160 istiusmodi,
1329 2119 1452 2163 quibus
1480 2118 1592 2152 vitata
1620 2118 1657 2152 in

193 2174 356 2207 praesens
392 2176 495 2199 exosa
526 2167 731 2201 necessitate
761 2167 979 2200 concludendi
1013 2167 1162 2200 salutare
1193 2165 1362 2210 quidpiam
1384 2175 1465 2209 spes
1485 2164 1522 2198 in
1543 2163 1658 2197 incer-

192 2213 264 2242 tum
287 2209 416 2243 infinite
438 2211 554 2247 inanes
577 2214 861 2255 extenderentur3
894 2224 960 2258 quo
984 2224 1109 2258 genere
1130 2210 1344 2252 ludificandi,
1377 2209 1510 2256 quando
1531 2220 1658 2253 urgen-

192 2259 250 2287 tur
274 2266 294 2288 a
317 2257 526 2300 potentibus,
560 2259 752 2304 pertinaces
774 2258 897 2293 infirmi
929 2259 1039 2293 solent
1061 2258 1122 2293 uti.
1170 2257 1355 2302 imperator
1377 2256 1465 2297 etsi,
1498 2265 1572 2288 cum
1595 2265 1657 2288 ex-

192 2300 315 2334 cidisse
338 2313 375 2334 se
399 2303 542 2338 vidisset
565 2306 670 2350 primo
694 2305 817 2339 conatu
841 2305 1073 2350 procurandae
1105 2303 1350 2348 pacificationis
1372 2301 1532 2346 privatae
1556 2302 1658 2333 Arse-

190 2345 376 2387 niatarum,
408 2361 507 2393 quani
530 2351 595 2384 sibi
630 2351 772 2395 gradum
794 2352 941 2384 futuram
964 2352 1006 2385 ad
1029 2349 1250 2384 universalem
1274 2358 1348 2381 cum
1370 2345 1515 2380 ecclesia
1538 2356 1660 2391 spera-

191 2397 301 2433 verat,
325 2393 409 2428 satis
433 2396 572 2430 videbat
595 2408 692 2442 quam
717 2397 961 2441 desperandum
986 2401 1076 2430 esset
1099 2395 1220 2428 adduci
1244 2405 1302 2427 eos
1324 2403 1425 2438 posse
1447 2392 1492 2425 ad
1514 2403 1657 2426 consen-

190 2436 340 2471 tiendum
363 2451 496 2482 secum,
531 2443 652 2486 quibus
684 2442 893 2487 persuadere
922 2443 1131 2486 nequivisset
1153 2445 1192 2473 ut
1213 2439 1303 2473 inter
1329 2449 1406 2471 sese
1427 2437 1656 2479 convenirent,

189 2487 303 2516 tamen
326 2496 408 2528 prae
431 2486 589 2531 flagranti
613 2499 680 2533 quo
705 2489 884 2522 aestuabat
914 2486 1083 2520 desiderio
1105 2485 1217 2530 pacis,
1250 2496 1293 2518 ne
1320 2485 1364 2518 ab
1397 2483 1655 2528 impossibilibus

189 2529 322 2572 quidem
338 2555 348 2572 ,
382 2533 470 2575 quod
504 2534 570 2567 dici
595 2534 700 2574 solet,
734 2533 972 2577 aggrediendis
989 2531 1247 2576 'temperandum
1270 2529 1486 2572 existimans,
1519 2529 1658 2572 synodis

188 2575 428 2619 frequentibus
452 2579 613 2620 collectis,
639 2590 752 2613 coram
776 2578 903 2612 accitos
927 2577 1129 2611 Arsenianos
1153 2575 1395 2610 efficacissimis
1419 2575 1595 2620 alloquiis,
1621 2579 1660 2609 et

191 2621 316 2654 nullum
351 2633 416 2655 non
448 2624 490 2657 ad
514 2625 549 2657 id
586 2626 669 2659 utile
702 2624 799 2658 varie
821 2628 1052 2668 argumentum
1075 2622 1310 2663 versantibus,
1340 2620 1488 2655 invitare
1511 2621 1554 2654 ad
1578 2631 1659 2654 con-

192 2667 343 2700 cordiam
367 2668 424 2701 diu
447 2670 598 2714 quotidie
621 2683 686 2705 non
710 2670 854 2704 destitit.
901 2670 961 2703 sed
993 2680 1067 2702 cum
1091 2668 1170 2702 nihil
1193 2668 1325 2702 omnino
1346 2666 1552 2712 proficeret,
1577 2677 1659 2712 per·

191 2715 308 2746 taesus
331 2714 476 2758 denique
499 2716 572 2750 irae
605 2718 638 2751 in
672 2718 791 2750 nodum
823 2715 948 2759 negotii
979 2715 1136 2748 Ioannem
1161 2714 1310 2747 habenas
1332 2712 1486 2755 laxavit,
1518 2712 1662 2746 maxime

190 2766 370 2802 postquam
394 2762 435 2793 ad
461 2763 685 2805 pervicaciam
710 2762 903 2797 adiunxisse
933 2760 1067 2805 imperii
1097 2759 1348 2794 affectationem
1371 2758 1601 2803 deprehensus
1625 2762 1662 2792 et

190 2806 368 2839 convictus
403 2807 492 2842 idem
523 2815 595 2852 est,
632 2809 810 2855 productis
841 2808 876 2842 in
901 2808 1065 2849 medium,
1099 2807 1245 2852 quodam
1274 2817 1317 2840 ex
1347 2804 1458 2840 solitis
1480 2808 1660 2846 conventu,
