1858 3126
656 142 758 186 ΠΒ.
785 142 841 188 Π.
906 142 1106 185 NOTAE.
1499 142 1594 188 775

158 252 264 303 quod
282 251 540 303 Pachymeres
559 265 651 291 mox
674 252 795 301 dicit,
824 252 948 290 multa
970 252 1092 294 millia
1110 251 1343 291 bellatorum
1362 265 1411 291 ex
1431 252 1513 291 eius
1533 252 1592 290 ci-

157 308 269 347 vibus
289 308 416 346 subito
438 307 619 345 conflata.

265 377 308 403 v.
348 366 411 404 19.
467 377 638 414 magnus·
675 363 762 400 illic
799 365 983 401 tzaiizius
1024 370 1098 403 etc.
1164 363 1289 401 veteri
1329 363 1445 414 plane
1478 362 1591 402 insti-

154 426 242 458 tuto
270 419 437 469 Augusti
463 418 670 470 Byzantiui
694 418 889 471 praesidio
917 419 1089 470 equestri
1117 419 1278 470 Bizyam
1311 418 1516 469 tenebant,
1552 425 1590 457 et

153 476 236 514 eius
268 475 555 526 praefecturam
578 474 675 511 viris
710 475 998 526 praestantibus
1026 475 1331 512 committebant.
1387 488 1478 512 nam
1512 474 1589 513 iam

150 531 200 570 ab
220 544 324 568 aimo
344 529 493 570 Christi
516 529 674 567 circiter
692 533 774 572 880
792 531 910 568 modo
932 530 1113 571 laudatus
1137 531 1307 582 scriptor
1322 531 1426 576 vitae
1447 533 1488 571 S.
1506 530 1589 570 Ma-

148 587 231 625 riae
251 586 416 625 iunioris
446 585 561 624 docet
589 585 679 623 vilo
707 585 789 625 eius
815 588 853 625 S.
880 586 1054 627 mulieris
1082 585 1327 639 Nicephoro‚
1357 586 1462 637 quod
1485 586 1588 624 bello

147 641 354 693 Bulgarico
385 641 554 680 fortibus
585 655 628 679 se
655 641 771 689 factis
800 643 1130 697 commendasset,
1156 643 1199 690 iu
1220 643 1437 693 praemium
1458 643 1589 680 datam

147 711 230 736 esse
247 703 398 738 turmae
413 698 697 749 praefecturam
716 696 895 736 habentis
921 674 1131 736 stationeni
1153 697 1306 765 Bizyae.
1361 698 1479 737 verba
1502 699 1586 741 eius

145 753 244 792 haec
268 760 380 793 suut:
407 750 490 794 τότε
515 754 651 793 τοίνυν
673 751 698 793 ὅ
720 756 792 810 τῆς
815 755 981 820 Μαρίας
1001 750 1104 807 ἆνήρ
1125 750 1364 820 Νικηφόρος
1389 750 1587 825 α’ρρστευιει

144 813 227 858 τοῖς
250 805 494 875 Βουλγᾶροις
528 805 768 861 μαχόμενος,
796 809 863 850 καὶ
888 806 1021 865 ψήφῳ
1044 813 1124 850 τῶν
1146 825 1398 862 κρατουντων
1424 811 1482 859 εἰς
1508 808 1584 863 τήν

143 868 217 918 τῆς
235 861 382 916 Βιζυης
405 868 580 916 τοῦρμαν
600 863 844 916 §animama-

253 934 296 973 Ρ.
317 923 400 964 688
417 924 537 964 v.12.
592 919 613 960 ὁ
630 923 704 961 τοῦ
722 918 936 973 Μανουήλ.
988 921 1098 970 hupc
1120 921 1407 959 innominatum
1424 934 1445 961 e
1465 921 1582 959 fami-

141 975 198 1014 lia
226 977 485 1015 Cataneorum
516 977 782 1016 Genuensium
805 977 1022 1017 Phocaeam
1057 977 1317 1015 obtinentium
1339 977 1477 1026 fuisse,
1505 991 1580 1028 pro

141 1038 250 1078 certo
271 1038 332 1078 est
348 1031 572 1074 habendum
594 1046 645 1072 ex
665 1032 713 1072 iis
737 1046 835 1084 quae
855 1033 934 1071 vol.
955 1033 971 1069 1
995 1033 1043 1078 ad
1063 1047 1101 1083 p.
1118 1033 1202 1082 420
1218 1033 1332 1078 v.14
1348 1032 1580 1081 observavi-

137 1101 227 1127 mus
245 1101 289 1141 p.
307 1091 410 1137 676,
438 1088 578 1140 utique
596 1101 687 1126 cum
706 1088 774 1128 hic
792 1102 878 1128 eum
899 1094 1031 1128 noste1
1054 1089 1242 1127 Manuelis
1262 1073 1481 1136 Zachariae,
1509 1088 1579 1139 qui

135 1143 287 1195 primus
301 1143 516 1211 Phocaeam
533 1144 723 1183 beneficio
741 1145 940 1185 Michaelis
961 1144 1079 1196 primi
1096 1144 1314 1195 Palaeologi
1331 1144 1578 1196 imperatoris

137 1199 310 1251 accepit,
338 1195 533 1267 ἆνεψιόν,
562 1200 639 1238 hoc
667 1206 727 1238 est
749 1214 800 1240 ex
830 1202 948 1239 fratre
978 1201 1043 1238 vel
1078 1214 1211 1238 sorore
1239 1206 1422 1252 nepotem
1451 1205 1577 1238 vocet.

136 1255 212 1294 etsi
232 1255 336 1294 enim
356 1269 441 1294 vox
462 1251 630 1307 ἅνεψιος
652 1256 860 1306 aliquando
878 1257 1094 1308 patruelem
1115 1255 1326 1306 significat,
1356 1262 1484 1294 tamen
1509 1255 1577 1293 hic

135 1323 158 1349 e
182 1311 303 1353 fratre
329 1317 399 1350 aut
421 1324 557 1350 sorore
585 1312 759 1362 genitum
787 1313 989 1362 designare
1013 1312 1128 1361 debet
1142 1311 1311 1362 intelligi
1333 1324 1383 1350 ex
1402 1325 1447 1349 eo
1467 1312 1576 1362 quod

134 1365 187 1404 ad
208 1370 324 1416 θεῖον
341 1367 535 1416 refertur,
564 1382 640 1418 qua
655 1380 733 1406 una
753 1368 893 1407 Graeci
911 1381 1008 1406 voce
1027 1368 1217 1418 geminam
1235 1367 1574 1406 indiscriminatim

132 1422 312 1465 Latinam
328 1423 556 1476 exprimunt
570 1426 718 1475 patrui
736 1431 774 1462 et
791 1424 997 1462 avunculi.
1054 1437 1171 1474 quare
1188 1423 1230 1461 in
1249 1422 1574 1474 interpretatione

131 1477 324 1519 utramvis
349 1478 576 1517 disiunctim
602 1480 932 1519 necessitudinem
951 1480 1136 1531 expressi.
1191 1480 1352 1518 fuerunt
1379 1491 1473 1516 sane
1496 1479 1571 1519 Ca-

131 1534 237 1573 tanei
267 1547 314 1572 ac
339 1534 548 1573 Zachariae
574 1535 752 1574 diversae
781 1536 1044 1574 Genuensium
1075 1534 1268 1583 familiae,
1296 1541 1449 1582 tamen,
1479 1540 1523 1572 ut
1548 1548 1569 1571 a
1594 1533 1622 1567 P
1644 1533 1710 1566 560

127 1589 289 1653 peritis
293 1603 426 1629 rerum
456 1590 614 1631 inarum
641 1593 814 1644 accipio,
848 1592 993 1629 crebris
1025 1591 1280 1631 affinitatibus
1303 1596 1341 1627 et
1359 1589 1568 1641 connubiis

128 1645 186 1684 ita
215 1645 321 1692 inter
346 1659 387 1684 se
413 1648 619 1695 confusae,
647 1654 695 1686 ut
722 1647 898 1700 potuerit
922 1661 1026 1693 unus
1043 1654 1082 1685 et
1098 1646 1204 1684 idem
1228 1646 1388 1684 nomine
1404 1645 1475 1682 illo
1491 1645 1568 1690 du-

126 1701 236 1753 plici,
262 1700 358 1745 hinc
374 1716 397 1746 a
413 1708 524 1754 patre
539 1703 631 1741 inde
646 1717 667 1740 a
685 1711 808 1743 matre
825 1704 957 1753 ducto,
985 1704 1207 1755 promiscue
1224 1700 1430 1748 nominari,
1446 1714 1565 1752 prae-

126 1757 259 1797 sertim
281 1758 329 1796 ab
354 1757 497 1806 exteris
513 1759 770 1811 scriptoribus
795 1773 937 1813 parum
956 1760 999 1799 ιἰι
1015 1758 1078 1807 his
1105 1759 1155 1799 ad
1174 1764 1354 1797 exactum
1373 1769 1456 1798 rem
1479 1756 1564 1795 cal-

123 1813 207 1852 lere
224 1812 458 1865 plerumque
476 1815 717 1856 curantibus.

233 1881 275 1920 P·
291 1868 373 1910 640
398 1882 435 1907 v-
459 1872 522 1910 19.
579 1884 648 1906 eas·
674 1886 714 1908 se
741 1872 1055 1922 compositurum
1074 1869 1363 1907 controversias
1389 1864 1562 1906 The-ude-

123 1921 262 1966 richus
281 1930 407 1962 ratus.
458 1924 563 1962 circa
580 1924 685 1965 hanc
703 1940 787 1971 rem
806 1933 949 1977 gestam
969 1925 1068 1962 haec
1086 1923 1190 1974 apud
1209 1923 1247 1959 d'
1250 1923 1560 1967 Outremannum

121 1978 276 2031 reperio
295 1978 367 2021 lib.
390 1978 438 2016 de
462 1979 556 2018 Exc.
580 1981 717 2019 Graec.
740 1995 773 2020 c.
791 1984 819 2023 8
840 1995 880 2033 p.
898 1980 997 2021 467·
1034 1993 1060 2016 α
1089 1976 1292 2016 Friderico
1326 1991 1416 2028 rege
1452 1977 1559 2013 Sici-

121 2035 222 2083 liae,
259 2035 376 2072 cuius
405 2036 602 2100 auspic-iis
621 2050 811 2088 pugnare
842 2042 1066 2087 coeperant,
1103 2036 1252 2075 missus
1275 2030 1558 2077 Ferdinqndus

119 2091 330 2130 Belem-ici
354 2091 460 2141 regis
489 2093 618 2133 minor
636 2092 761 2142 filius
785 2094 827 2134 in
847 2105 949 2142 pace
971 2091 1182 2135 ίᾳιείαηοε
1205 2103 1348 2140 ponere
1366 2089 1555 2139 nequivit.

118 2146 174 2186 ita
202 2146 292 2194 ille;
323 2158 435 2196 quem
454 2159 545 2196 ergo
565 2146 630 2184 hic
654 2147 793 2185 Gidam
815 2153 882 2185 aut
894 2147 1101 2184 Matercam
1123 2145 1351 2184 Pharentem
1370 2143 1554 2183 'theude-

118 2201 221 2239 richi
248 2201 373 2240 filium
396 2209 512 2239 vocat
538 2202 819 2253 Pachymeres,
852 2202 1080 2248 credibilius
1111 2208 1170 2238 est
1194 2201 1312 2238 fuisse
1330 2199 1554 2238 Ferdinan-

118 2257 213 2296 dum
239 2257 498 2297 Balearicum.
555 2258 650 2309 quin
675 2264 714 2295 et
737 2260 900 2296 fortasse
924 2258 1116 2296 vocabula
1139 2257 1209 2294 illa
1230 2257 1409 2302 Materca
1431 2254 1552 2294 Pha-

119 2327 208 2353 rens
227 2327 248 2353 e
265 2314 479 2356 Balearica
501 2312 706 2352 Femande
728 2315 811 2354 sive
828 2312 1081 2352 Fet-dinamio
1103 2313 1318 2356 deformata
1336 2311 1493 2352 fuerint.
