1858 3126
314 143 412 191 574
716 146 948 190 GEORGII
981 149 1329 196 PACHY-MERIS

312 254 507 311 διζόμενοι
527 259 592 300 καὶ
610 255 802 313 χρήματα
822 261 949 316 μυρία
968 262 1246 318 συλλέγοντες,
1281 262 1391 316 ζῶων
1424 267 1558 310 αὐτῶν
1577 269 1642 310 καὶ
1661 272 1743 311 τῶν

171 337 199 371 Ρ
221 335 287 374 401
312 324 472 369 εὐῶνων
505 325 754 382 πραγμάτων
783 330 1092 384 παρορωμένων.
1162 330 1255 386 λήΐα
1284 333 1328 374 δὲ
1349 336 1415 375 καὶ
1445 338 1638 388 θημονιάι
1661 353 1743 388 μυ-

308 395 414 451 ρίαι,
451 394 502 436 τὰ
529 395 603 447 μὲν
630 400 926 450 παρηβηκυιάις
955 398 1144 454 ἔφριττον
1176 407 1264 450 ταῖς
1293 400 1484 458 ἀθίραις,
1522 403 1566 444 αἱ
1584 404 1628 445 δὲ
1639 403 1741 459 ἄτη-

305 463 524 518 μελημὲναι
546 464 718 516 κείμεναι
736 469 1001 521 καθωρῶντο.

255 574 286 609 Β
443 562 490 610 4.
563 563 622 606 Οὖ
641 564 721 619 μὴν
751 566 794 608 δὲ
818 569 882 608 καὶ
904 567 1083 617 Ἀλανοῖς
1111 566 1333 623 ἑτέρωθεν,
1370 567 1426 611 ἔτι
1445 569 1489 612 δὲ
1508 570 1573 612 καὶ
1595 575 1680 620 τοῖς
1699 569 1770 621 ἔξὸ

303 629 483 686 ὑπογύου
503 635 765 688 λ’ριστιανοῒς
791 635 1141 689 Τουρκοπούλοις,
1170 637 1215 678 οἳ
1237 636 1286 691 δὴ
1319 639 1385 679 καὶ
1416 637 1463 679 οὔ
1482 641 1617 694 πολλῷ
1638 634 1741 691 πρό-

303 717 420 754 τερον
434 697 567 758 χρόνῳ
597 701 638 742 ἐκ
666 706 745 743 τῶν
768 704 937 757 βορείων
963 709 1125 756 βασιλεῖ
1150 706 1496 760 προσεφοίτησαν,
1535 704 1629 748 οὐδ’
1661 704 1739 747 αὖ-

302 774 388 816 τοῖς
405 767 616 823 ἀλώβητον
639 771 854 825 διετηρεῒτο
874 772 919 814 τὸ
943 771 1174 824 ἕνσπονδον,
1211 772 1312 814 ἀλλὰ
1330 775 1426 825 μίαν
1445 774 1518 825 μὶν
1538 771 1642 827 εἶχον
1663 772 1738 828 τὴν

299 833 462 891 γνώμην
482 836 827 890 ἀποστατοῦντες,
866 837 1042 893 ἑκάτεροι
1062 842 1105 882 δὲ
1127 840 1175 882 τὰ
1194 839 1432 895 ὀχυρώτατα
1456 838 1736 896 κατασχόντες,

304 903 422 945 οὐδὲν
446 903 542 959 ὅπερ
565 905 612 946 οὐ
635 908 902 956 καταθέοντες
923 907 1169 964 ἐξηφάνιζον.
1229 911 1294 950 καὶ
1317 909 1353 951 οἱ
1374 911 1447 961 μὲν
1471 907 1735 965 Τουρκόπου-
1748 914 1791 947 10

255 979 285 1013 C
308 975 369 1013 λοι
398 971 500 1028 ἄλλῃ
528 990 582 1029 πῃ
606 971 786 1027 ὠχῦρουν
814 975 885 1024 τὰς
911 979 1135 1028 μετοικίας,
1173 974 1323 1018 ὁπόθεν
1355 975 1410 1026 (ὃς
1428 979 1470 1027 ἓξ
1487 975 1735 1032 ὅρμητηριόυ

301 1039 508 1089 ἐκθέοντες
532 1041 642 1082 δεινὰ
659 1040 878 1095 Ῥωμαίους
900 1042 1120 1100 εἰργάζοντο
1133 1058 1144 1069 ·
1164 1044 1341 1094 Ἀλανοῖς
1361 1046 1404 1086 δὲ
1424 1047 1733 1096 Κουτζίμπαξις,

300 1107 442 1157 καθὼς
473 1109 622 1164 ἐρρέθη
646 1109 696 1151 τὰ
729 1109 928 1165 πρότερα,
977 1112 1139 1161 ἐπιστὰς
1170 1111 1301 1161 ἄλλως
1339 1111 1364 1167 ἢ
1404 1109 1457 1161 ὥς
1485 1111 1550 1154 ἐπ’
1586 1111 1734 1170 ἀγαθῷ

293 1173 527 1229 Ῥωμαίων,
561 1171 587 1233 ᾖ
607 1180 671 1219 καὶ
692 1179 919 1221 ἀπέσταλτο
930 1212 942 1231 ,
982 1179 1104 1230 δόξαν
1126 1187 1308 1233 παρεῖχεν
1336 1186 1473 1222 ποιεῖν.
1539 1174 1633 1234 ἦρξε
1654 1176 1733 1235 γάρ

298 1244 336 1286 οἱ
357 1249 429 1286 τοῦ
452 1245 516 1286 ε’πὶ
545 1250 603 1302 τῷ
635 1248 763 1288 δοκεῖν
781 1246 963 1296 Ἀλανοῖς
993 1245 1182 1301 ἐκθύμως
1203 1247 1513 1304 ἀποστραφῆναι
1541 1246 1591 1289 τὰ
1609 1252 1786 1298 βασι-’15

293 1312 394 1362 λε’ως
424 1314 488 1354 καὶ
522 1312 572 1367 δὴ
605 1316 670 1355 καὶ
701 1313 961 1357 πιστεύεσθαι
994 1313 1016 1370 ἢ
1047 1320 1119 1358 τοῦ
1150 1313 1332 1357 Τουκτάΐ
1358 1315 1458 1371 πρὸς
1477 1315 1647 1369 βασιλέα
1663 1315 1731 1357 καὶ

291 1382 379 1435 περὶ
414 1380 541 1422 αὐτοῦ
575 1379 757 1435 ζήτησις,
806 1385 870 1425 καὶ
901 1384 981 1425 ἐπεὶ
1012 1381 1162 1437 συνόμ’
1192 1385 1403 1437 ἔζητοῧντο
1443 1381 1565 1432 αὐτός
1591 1399 1633 1425 τε
1663 1384 1731 1424 καὶ

241 1453 273 1488 D
291 1447 451 1490 Ἀλανοὶ
473 1446 527 1497 ὥς
550 1448 729 1504 ἀρχῆθεν
749 1454 799 1507 τῇ
822 1456 902 1493 τῶν
926 1449 1123 1507 Τοχᾶρων
1150 1451 1253 1508 ἀρχῇ
1281 1448 1569 1507 προσήκοντες,
1601 1449 1730 1492 αὐτοῦ

289 1531 332 1570 γε
354 1517 420 1557 καὶ
448 1519 606 1569 μᾶλλον
638 1518 713 1559 σὺν
736 1517 885 1575 ἑτέροις
916 1518 1085 1575 ἄρχουσι
1115 1518 1223 1575 παρὰ
1241 1519 1439 1573 βασιλέως
1464 1518 1564 1576 πρὸς
1582 1518 1728 1560 ἐκεῖνον

380 1657 435 1694 14.
456 1655 648 1694 ἐπέσταλτο
671 1658 711 1692 Ρ.
850 1659 904 1694 15.
928 1660 998 1695 τοῦ·
1014 1657 1077 1696 ἐπ’
1103 1659 1192 1695 ἴσων
1215 1658 1276 1695 a?
1850 1663 1858 1713 3

289 1785 423 1823 centes,
445 1781 607 1827 pecuniae
629 1785 740 1816 autem
763 1782 941 1817 immensos
962 1786 1178 1826 congerentes
1202 1782 1366 1825 cumulos,
1396 1781 1480 1817 adeo
1508 1784 1549 1816 ut
1569 1781 1726 1817 animalia
1851 1779 1858 1824 ἒ

289 1832 326 1862 et
347 1833 481 1862 caetera
503 1833 680 1873 utcumque
702 1839 819 1871 magno
844 1835 877 1861 et
900 1829 999 1863 facile
1023 1829 1220 1871 vendibilia,
1253 1831 1340 1862 ultro
1362 1828 1396 1862 in
1419 1838 1533 1862 manus
1553 1827 1726 1862 incurren-

289 1873 362 1916 tia,
395 1884 457 1907 nec
485 1875 604 1907 tollere
632 1877 810 1915 curarent,
843 1874 952 1906 ditiori
977 1873 1063 1919 pleni
1088 1875 1235 1918 praedm
1268 1884 1335 1919 qua
1357 1874 1457 1907 etiam
1481 1884 1524 1906 ex
1545 1884 1648 1907 causa
1667 1882 1726 1907 se-

290 1924 386 1962 getes
408 1918 441 1953 in
465 1919 590 1964 campis
613 1924 762 1953 maturae
784 1926 958 1964 struesque
984 1920 1221 1964 manipulorum
1244 1919 1277 1952 in
1302 1919 1410 1961 areis,
1431 1919 1509 1953 illae
1531 1917 1643 1964 perire
1663 1917 1725 1952 do-

288 1965 381 1998 fectu
403 1965 612 2007 metentium,
636 1965 699 1999 hae
722 1965 894 2009 neglectae
914 1965 1025 1999 iacere
1047 1965 1169 2010 passim
1192 1965 1427 2002 cernebantur.

378 2042 412 2076 4.
460 2043 601 2077 Aliunde
622 2055 722 2087 porro
746 2054 854 2088 neque
875 2043 989 2076 Alanis
1011 2055 1118 2088 neque
1129 2043 1330 2088 Turcopulis
1351 2053 1468 2077 recens
1488 2041 1532 2076 ad
1556 2040 1724 2076 Christia—

289 2098 364 2121 nam
388 2088 551 2122 traductis
572 2089 781 2133 religionem,
807 2089 862 2134 qui
886 2101 949 2122 non
972 2089 1074 2122 multo
1097 2095 1175 2122 ante
1193 2090 1276 2122 haec
1298 2094 1446 2134 tempore
1468 2086 1724 2132 eSeptemtrio-

289 2133 422 2166 nalibus
453 2135 620 2168 tractibus
651 2135 693 2168 ad
717 2135 865 2168 militiam
895 2134 1102 2178 imperatoris
1125 2135 1350 2176 advenerant,
1384 2134 1469 2168 fides
1491 2138 1528 2167 et
1548 2133 1582 2167 in
1604 2133 1723 2166 obser-

288 2177 423 2211 vatione
457 2180 605 2213 foederis
636 2180 709 2214 initi
741 2180 989 2225 perseverantia
1020 2181 1213 2213 constabat:
1244 2191 1357 2213 verum
1380 2179 1454 2224 pari
1475 2183 1617 2222 utraque
1638 2186 1721 2220 gens

289 2223 424 2256 consilio
446 2224 570 2258 defecit
593 2226 699 2269 palam
724 2238 743 2259 a
767 2226 909 2266 nostris,
924 2231 967 2267 *et
988 2225 1211 2259 munitissimis
1232 2226 1312 2259 locis
1326 2224 1498 2270 occupatis
1511 2226 1721 2266 erumpentes

286 2267 366 2301 inde
389 2268 467 2302 nihil
491 2275 596 2303 tutum
621 2275 679 2304 aut
701 2282 852 2304 securum
886 2282 946 2315 per
976 2271 1150 2304 circuitum
1173 2271 1345 2311 sinebant,
1373 2267 1614 2302 incursionibus
1635 2266 1721 2301 infe-

286 2313 348 2346 stis
371 2313 438 2346 late
461 2319 581 2348 cuncta
605 2322 864 2360 corrumpentes.
921 2328 961 2349 ac
988 2316 1171 2359 Turcopuli
1201 2316 1333 2360 quidem
1365 2313 1444 2347 alibi
1471 2311 1536 2346 sibi
1565 2316 1722 2356 recepta-

285 2359 362 2391 cula
396 2359 604 2400 munierunt,
634 2362 721 2394 unde
745 2365 782 2394 ut
811 2373 851 2394 ex
876 2373 954 2394 arce
977 2367 1211 2406 procurrentes
1236 2359 1383 2402 ingentia
1412 2356 1570 2391 Romanis
1590 2357 1720 2391 insere·-

284 2403 367 2437 bant
389 2404 486 2438 mala.
531 2405 646 2437 Alanis
676 2417 756 2438 vero
782 2406 1028 2450 Cutzimpaxis‚
1060 2413 1097 2439 ut
1127 2411 1180 2439 est
1203 2406 1295 2450 prius
1317 2404 1457 2443 dictum,
1480 2403 1716 2446 superveniens

282 2447 380 2483 brevi
403 2448 495 2482 dedit
519 2450 723 2483 occasionem
747 2451 920 2494 opinandi,
945 2451 1031 2484 haud
1054 2452 1154 2484 istum
1174 2462 1247 2483 cum
1270 2449 1313 2482 iis
1335 2458 1546 2492 congressum
1571 2447 1613 2481 ad
1636 2458 1718 2492 pro-

283 2494 430 2529 curanda
471 2495 693 2527 Romanorum
730 2496 916 2536 commoda,
961 2496 1002 2528 ad
1034 2495 1123 2539 quod
1156 2495 1372 2534 mittebatur,
1412 2493 1516 2526 fuisse
1547 2493 1714 2527 collatum.

282 2543 466 2584 coeperunt
488 2539 574 2573 enim
598 2539 712 2573 statim
744 2541 786 2572 ab
810 2541 873 2573 hoc
895 2540 1008 2573 audito
1033 2540 1127 2574 Alani
1160 2539 1336 2573 animosius
1359 2550 1456 2583 quam
1480 2541 1579 2571 antea
1601 2542 1715 2582 partes

281 2584 492 2630 imperatoris
525 2585 697 2626 aversari,
735 2595 817 2628 prae
839 2596 875 2617 se
901 2587 1047 2617 ferentes
1080 2589 1172 2618 certo
1197 2585 1335 2618 credere
1356 2584 1422 2617 iam
1445 2595 1502 2621 se,
1524 2583 1559 2616 id
1582 2583 1625 2616 de
1647 2594 1714 2628 quo

281 2633 379 2675 prius
397 2629 630 2664 dubitaverant
652 2629 769 2663 timide
791 2630 963 2662 dumtaxat
978 2629 1196 2674 suspicando;
1219 2641 1424 2674 persuasum,
1444 2628 1590 2674 inquam,
1614 2628 1712 2673 plene

280 2677 346 2710 iam
369 2677 550 2716 habentes,
573 2676 706 2709 missum
731 2687 750 2709 a
772 2676 940 2708 Tuctai'ne
963 2676 1006 2708 ad
1028 2675 1262 2719 imperatorem
1283 2675 1524 2719 Cutzimpaxim
1548 2674 1590 2707 ad
1612 2685 1712 2718 repc—

282 2722 400 2756 tendos
416 2732 492 2755 suos
507 2720 658 2766 antiquos
674 2721 793 2755 milites
806 2721 930 2754 Alanos
940 2746 948 2760 ‚
974 2731 1098 2765 eosque
1113 2732 1222 2754 secum
1239 2720 1434 2764 postliminio
1448 2719 1654 2753 reducendos
1667 2717 1713 2752 ad

282 2771 394 2803 terras
415 2767 662 2811 Tocharorum,
683 2766 727 2802 ad
748 2777 834 2813 quos
855 2765 1061 2813 pertinerent
1082 2771 1117 2801 et
1146 2777 1283 2811 quorum
1305 2766 1426 2801 dudum
1449 2764 1605 2811 auspiciis
1624 2762 1713 2799 mili-
