1858 3126
605 169 708 212 LIB.
733 168 789 215 n.
858 167 1061 212 NOTAE.
1454 162 1553 210 735

108 281 213 335 quod
229 280 416 320 nimirum
435 292 485 318 ex
508 292 554 319 ea
572 290 689 330 quam
706 275 859 329 respuit
878 274 1057 314 doctrine
1075 279 1304 326 sequeretur
1330 270 1454 312 aliud
1474 287 1556 312 esse

107 341 151 379 S.
170 340 348 390 Spiritus·
370 338 620 387 principium
643 336 820 371 activum
841 340 1000 383 patrem
1016 362 1027 381 ,
1057 330 1180 370 aliud
1205 329 1382 369 eiusdem
1401 332 1557 381 princi-

101 397 226 446 pium
252 395 430 431 actia-um
445 393 610 443 filium,
635 404 777 429 vanam
807 402 893 427 esse
919 389 1164 427 demonstrat
1188 388 1368 426 doctrina
1393 387 1513 425 Vecci
1531 399 1556 424 ι

107 451 223 490 nobis
254 449 450 487 declarata
477 447 658 500 superius
687 446 791 484 notis
810 445 860 482 ad
882 457 914 483 c.
935 447 961 485 9
979 445 1098 482 huius
1119 444 1232 494 libri,
1266 458 1382 495 qnam
1404 443 1438 481 is
1457 442 1557 481 hau-

108 513 208 546 stam
242 519 293 544 ex
326 505 496 556 antiquis
530 503 707 555 patribus
737 500 959 540 distinctius
994 501 1230 552 explicatam
1262 514 1284 537 a
1306 499 1558 550 Lugdunensi

108 562 279 614 generali
302 560 472 599 concilio
494 566 534 597 et
554 559 743 609 Gregorio
757 559 796 596 X
818 557 996 605 tenebat,
1027 557 1227 595 affirmans
1254 557 1339 594 vim
1364 555 1558 607 spirandi,

108 619 195 657 sive
211 617 402 655 rationem
422 615 608 668 principii
626 615 746 653 activi
764 620 949 665 respectu
966 613 1140 665 Spiritus
1158 613 1315 661 Sancti,
1345 625 1467 650 unam
1496 612 1559 650 iu-

108 673 358 714 divisibiliter
375 679 415 710 et
434 673 607 710 eamdem
625 671 793 709 existere
806 670 847 707 in
869 675 979 721 patre
998 676 1037 707 et
1056 669 1153 718 filio,
1183 669 1232 707 ab
1247 669 1317 707 illo
1331 667 1426 706 huic
1445 682 1561 706 com-

107 730 371 778 municatam,
398 742 449 766 ex
474 741 551 779 quo
575 728 687 766 fieret
715 732 759 764 ut
779 732 894 779 pater
919 731 958 763 et
979 725 1086 764 filius
1106 739 1231 763 unum
1257 731 1387 763 essent
1404 725 1559 776 princi-

107 788 219 840 pium
237 786 408 824 activum
430 785 600 835 Spiritus
618 783 771 830 Sancti,
800 795 882 820 nou
904 781 1006 831 duo,
1035 782 1139 820 sicut
1156 788 1268 834 pater
1288 781 1392 820 filius
1413 787 1451 819 et
1468 780 1559 832 Spi-

109 844 211 882 ritus
230 844 397 880 Sanctus
417 854 499 879 non
519 846 600 878 tres
621 839 677 877 dii
696 839 764 876 sed
783 852 889 876 unus
910 839 1007 876 deus
1028 844 1132 876 sunt.

221 912 262 949 p.
284 898 339 939 94
356 910 395 937 v.
418 901 459 939 7.
515 895 625 933 nihil
640 895 827 933 habentes
847 893 959 946 quod
975 894 1185 932 obticet-ent
1203 900 1276 933 etc.
1332 900 1479 932 temere
1497 893 1559 932 iu-

111 955 218 994 dicat
245 952 503 1004 Pachymeres
527 952 825 990 archidiaconos
843 951 947 989 nihil
963 950 1147 989 habuisse
1171 951 1278 1002 quod
1306 956 1559 1003 opponerent

110 1010 303 1050 secundae
331 1009 437 1062 parti
463 1008 653 1047 orationis
684 1007 952 1060 patriarchae,
992 1021 1071 1058 qua
1105 1007 1140 1044 is
1178 1006 1444 1046 affirmaverat
1475 1020 1558 1045 non

109 1079 225 1120 posse
250 1066 343 1104 illos
373 1065 640 1103 demonstrare
662 1066 930 1101 testimonium
947 1065 1196 1101 Damaso-eni
1214 1064 1384 1115 conflari
1407 1065 1558 1115 confir-

109 1124 294 1174 marique
315 1135 361 1159 ex
389 1122 488 1159 aliis
520 1134 676 1172 quoque
705 1120 1019 1158 auctoritatibus
1037 1127 1222 1171 patrum.
1279 1119 1358 1159 hoc
1376 1119 1480 1158 enim
1496 1119 1559 1157 illi

110 1193 194 1219 nou
225 1179 443 1217 omiserunt
470 1178 596 1215 facere
626 1177 717 1228 quia
744 1191 823 1214 non
855 1178 1036 1228 possent,
1062 1175 1131 1214 sed
1158 1175 1250 1227 quia
1278 1176 1327 1214 de
1354 1176 1433 1214 hoc
1451 1189 1557 1214 nunc

110 1249 192 1273 non
210 1235 418 1284 agebatur,
448 1239 488 1271 et
504 1238 648 1271 statum
670 1234 893 1285 propositae
910 1238 1006 1271 tunc
1029 1233 1079 1270 ad
1096 1232 1343 1271 tractandum
1363 1232 1560 1283 quaestio-

111 1291 174 1329 nis
201 1296 352 1329 mutare
374 1290 573 1328 nolebant.
628 1288 695 1326 hic
722 1302 863 1341 nempe
887 1289 1006 1326 cardo
1039 1295 1124 1326 erat
1149 1289 1442 1327 controversiae
1467 1289 1557 1326 loco

111 1347 183 1384 illo
203 1360 247 1384 ac
264 1353 440 1398 tempore
465 1345 760 1396 disceptandae,
788 1351 944 1383 rectene
965 1345 1111 1383 Vecc-us
1134 1345 1390 1383 conclusisset
1408 1358 1458 1382 ex
1480 1345 1560 1382 Da-

113 1403 284 1440 masceni
306 1403 392 1440 loco
412 1401 605 1453 Spiritum
623 1414 671 1439 ex
690 1408 801 1452 patre
822 1415 892 1452 per
911 1401 1037 1438 filium
1058 1401 1269 1453 procedere
1286 1401 1451 1450 aientis,
1478 1413 1562 1439 nou

114 1473 198 1498 esse
222 1458 438 1497 haereticos
472 1457 652 1506 Latinos,
682 1459 749 1508 qui
777 1457 968 1509 Spiritum
996 1471 1047 1495 ex
1075 1464 1187 1510 patre
1214 1463 1253 1495 et
1280 1457 1361 1496 filio
1385 1457 1563 1495 dicerent

113 1515 340 1568 procedere.
396 1520 443 1552 ut
463 1513 568 1551 bona
596 1526 640 1552 ea
663 1513 905 1552 iudicaretur
924 1513 1048 1551 illatio
1062 1542 1076 1562 ,
1102 1513 1206 1551 nihil
1227 1513 1337 1551 aliud
1357 1513 1564 1564 oportebat

115 1584 231 1623 quam
258 1583 397 1609 verum
426 1576 464 1608 et
489 1568 756 1608 orthodoxum
778 1570 936 1620 agnosci
958 1584 980 1607 a
1000 1570 1159 1607 Graecis
1179 1564 1216 1607 et
1236 1567 1459 1620 patriarcha
1483 1570 1563 1606 Da—

112 1627 285 1666 masceni
312 1626 602 1674 testimonium,
633 1632 670 1663 et
699 1626 1044 1678 aequipollentiam
1073 1626 1408 1677 praepositionum
1427 1639 1503 1675 per
1521 1631 1563 1663 et

115 1697 181 1734 ex,
211 1697 328 1734 quam
350 1683 446 1721 adeo
465 1682 525 1720 illi
544 1682 822 1730 admittebant,
851 1689 897 1720 ut
914 1683 1027 1720 etiam
1048 1682 1202 1720 Muzalo
1221 1682 1342 1734 paulo
1361 1687 1450 1718 ante
1466 1695 1563 1732 pro-

114 1739 238 1777 fessus
269 1739 320 1777 sit
347 1739 534 1776 audacius
565 1738 753 1777 affirmari
776 1753 851 1790 per
868 1739 1014 1790 filium
1045 1752 1161 1788 quam
1179 1752 1222 1775 ex
1228 1738 1326 1788 filio
1346 1738 1564 1788 procedere

115 1795 318 1846 Spiritum.
375 1795 524 1845 alioqui
545 1794 622 1844 qim
642 1794 718 1832 fide
739 1795 875 1833 scribit
896 1794 963 1832 hic
984 1794 1242 1845 Bachymeres
1261 1792 1562 1831 archidiaconos

116 1850 236 1888 Vecci
270 1851 434 1888 asseclas
460 1864 542 1888 non
570 1851 742 1901 potuisse
776 1851 1008 1889 confirmare
1035 1850 1259 1886 Damasceni
1289 1848 1559 1887 testimonium

118 1906 299 1944 consonis
321 1906 618 1943 auctoritatibus
635 1913 790 1957 patrum
809 1907 975 1944 aliorum
988 1935 1001 1953 ,
1030 1919 1118 1943 cum
1136 1906 1239 1942 idem
1255 1904 1332 1942 hoc
1350 1904 1439 1955 ipso
1455 1905 1559 1943 libro

117 1961 296 2013 superius
316 1975 354 2012 p.
372 1964 426 2002 28
443 1974 482 1998 v.
503 1964 553 2002 10
571 1962 748 1999 retulerit
764 1962 938 2000 Veccum
956 1968 1181 1999 sanctorum
1204 1960 1353 2011 scripta
1373 1961 1559 1999 attentius
1582 1964 1610 1999 P
1633 1966 1698 2002 525

117 2017 377 2070 perlegentem
398 2015 438 2053 in
455 2016 597 2054 horum
617 2017 810 2067 plerisque
826 2018 906 2055 dici
924 2017 1148 2055 observasse
1166 2017 1350 2054 Sanctum
1366 2016 1560 2067 Spiritum

118 2087 165 2111 ex
175 2080 295 2125 patre
308 2087 380 2123 per
392 2072 536 2122 filium
548 2071 771 2122 profundi,
801 2071 1126 2123 exsplendescere,
1148 2072 1356 2123 praeberi,
1377 2072 1557 2123 prodire,

112 2127 343 2181 procedere,
378 2128 637 2178 laudasseque
663 2127 704 2164 in
730 2141 812 2166 eam
838 2129 1068 2166 sententiam
1094 2129 1133 2167 S.
1159 2127 1395 2178 Maximum,
1433 2129 1557 2168 Tara-

119 2185 242 2231 sium,
270 2183 542 2233 Athanasium,
575 2183 780 2232 Basilium,
813 2190 967 2236 praeter
983 2185 1151 2221 Graecos
1170 2184 1406 2222 recentiores
1428 2186 1560 2236 magni

118 2240 290 2279 nominis
318 2240 602 2278 Maroniensem
633 2239 807 2277 Nicetam
842 2245 880 2277 et
909 2239 1177 2291 Nicephorum
1207 2240 1485 2291 Blemmidam;
1514 2248 1560 2281 ut

121 2298 302 2336 omittam
331 2310 429 2347 quos
452 2296 596 2333 ibidem
615 2302 820 2346 percenset
839 2295 998 2334 Graecis
1017 2308 1171 2346 quoque
1188 2296 1428 2335 venerabiles
1450 2297 1561 2336 Lati-

119 2364 194 2392 nos
228 2358 382 2405 patres,
414 2352 660 2391 Ambrosium
673 2380 683 2399 ‚
722 2351 1004 2401 Augustinum,
1038 2351 1333 2403 Hieronymum.
1391 2354 1487 2405 quin
1522 2360 1563 2392 et

120 2421 215 2447 mox
234 2404 312 2447 hoc
332 2408 421 2460 ipso
442 2422 476 2446 c.
501 2423 541 2460 p.
560 2407 612 2449 95
636 2407 738 2444 idem
768 2408 938 2445 affirmat
966 2407 1160 2459 prolatum
1187 2422 1208 2446 a
1238 2408 1369 2448 vecco
1387 2423 1462 2462 pro
1485 2410 1562 2448 do..

121 2470 250 2515 gmate
275 2465 414 2504 eodem
439 2465 683 2502 luculentum
709 2464 977 2502 testimonium
1006 2463 1183 2514 Gregorii
1209 2464 1385 2516 Nysseni.
1444 2466 1563 2504 calu-

121 2521 270 2559 mniose
299 2521 421 2571 igitur
450 2527 489 2558 et
520 2521 560 2558 in
594 2521 872 2558 coutumeliam
904 2532 1042 2558 causae
1080 2519 1296 2559 catholicae
1327 2521 1566 2559 schismatici

122 2573 200 2614 hoc
219 2577 348 2615 Vecco
365 2583 404 2614 et
422 2576 505 2614 eius
524 2576 638 2614 sociis
658 2576 900 2627 impingunt3
935 2575 1003 2627 qui
1024 2575 1161 2626 utique
1185 2584 1371 2628 poterant
1385 2605 1396 2626 ‚
1427 2577 1459 2614 si
1480 2583 1564 2615 sta-

123 2636 189 2669 tus
208 2631 251 2670 id
273 2633 484 2683 praesentis
505 2632 793 2671 controversiae
812 2638 968 2684 caperet
985 2637 1024 2669 et
1043 2630 1282 2671 catholicum
1313 2634 1452 2683 dogma
1482 2645 1563 2684 pu·-

122 2685 223 2724 blica
242 2688 503 2739 disputatione
518 2689 781 2740 propugnari,
810 2702 891 2726 non
908 2689 1123 2739 impactum
1137 2687 1233 2739 ipsis
1252 2689 1393 2726 falsum
1414 2688 1562 2727 crimen

122 2741 278 2794 privata
290 2743 518 2782 defensioue
534 2745 663 2782 refelli
677 2757 739 2782 res
758 2750 957 2796 posceret,
987 2749 1191 2795 poteraut,
1219 2745 1400 2796 inquam,
1431 2743 1561 2783 effun-

125 2796 218 2836 dere
240 2805 462 2850 congestam
481 2798 576 2851 ipsis
597 2800 715 2851 longa
728 2800 900 2840 lectione
920 2805 1079 2852 patrum
1102 2799 1447 2840 ehrestomathiam
1462 2813 1558 2840 eru-
