1820 3112
346 157 423 200 DE
457 158 787 203 ANDRONICO
821 161 1196 206 PALAEOLOGO
1231 163 1278 207 L.
1307 162 1363 207 H.
1489 163 1586 209 187

134 273 217 313 τῶν
234 275 426 326 λυπηρῶν
445 273 647 327 λογίζῃ-ται
666 275 733 316 καὶ
753 270 1024 332 ἀνύποιστον)
1051 275 1235 332 διέφερον
1250 275 1324 331 τὴν
1341 274 1493 333 ὀδύνην
1510 295 1586 331 με-

133 340 279 395 τρίως,
303 342 370 382 καὶ
393 340 440 383 τὸ
464 341 505 391 ἐξ
527 341 662 384 αὐτῶν
681 340 951 397 εἶρηνεύοντὲς
970 361 1014 387 τε
1033 346 1098 386 καὶ
1117 349 1302 400 γαληνῶς
1322 345 1477 400 ἔχοντες
1495 351 1584 406 θεῷ
1607 350 1638 384 C

134 410 458 463 προσανετίθουν
475 409 528 451 τὰ
548 409 655 452 καθ’
681 408 842 461 αὑτούς.
887 409 908 454 ὅ
931 412 1008 468 γὰρ
1029 415 1203 467 Κοσμᾶς
1221 407 1343 464 οὗτος
1362 417 1429 457 καὶ
1447 413 1588 458 Ἰωάν-

133 492 208 530 νης
225 475 283 518 ἔτι
305 478 380 531 μὲν
399 477 511 527 ἐκτὸς
529 468 585 520 ὧν
602 483 683 521 τῶν
701 477 951 535 πραγμάτων
973 482 1039 522 καὶ
1061 480 1278 524 ἰδιωτεύων
1301 483 1371 539 ἐφ’
1392 482 1520 526 ἅπασι
1538 484 1585 528 τὸ

100 554 123 590 5
137 543 200 586 ἐπὶ
227 551 312 594 τοῖς
340 549 413 600 τῆς
441 545 652 601 ἔκκλησιάς
674 547 915 600 τελούμενον
940 548 1081 592 ἄδικον
1098 549 1225 605 ἔκρινε
1247 552 1314 592 καὶ
1330 551 1589 596 παντάπασιν

134 611 422 667 ἄκανόνιστον,
459 617 526 657 καὶ
553 617 676 670 δῆλος
703 612 777 671 ἦν,
816 615 871 666 ὥς
902 615 1039 675 ἐῴκει,
1072 619 1107 660 εἶ
1134 618 1259 668 αὐτὸς
1287 620 1472 675 ἐπισταίη
1499 628 1587 671 τοῖς

133 679 370 737 πράγμασι,
408 681 543 726 λύσων
564 684 639 739 τὴν
664 687 884 740 καταδίκην
904 683 959 735 ὥς
977 687 1098 742 ἱεροῖς
1115 686 1419 742 ἀνθισταμένην
1445 687 1588 732 κανόσι

132 750 200 791 καὶ
230 758 428 806 καιρικαΐς
453 751 791 808 ἀναφυσηθεῖσαν
820 754 1095 808 ἀνωμαλίαις,
1132 753 1197 804 αἷς
1222 756 1271 810 δὴ
1294 759 1361 798 καὶ
1389 757 1436 800 τὸ
1456 762 1586 800 καθε-

133 818 281 872 στηκὸς
298 817 582 874 ταράσσεσθαι
598 821 772 878 πέφυκε,
810 820 933 879 φύσιν
952 823 1115 877 ἔχοντος
1136 828 1211 866 τοῦ
1231 829 1358 867 κακοῦ
1378 826 1437 880 μὴ
1453 824 1582 880 μόνον
1604 834 1637 869 D

77 897 122 932 10
133 885 256 929 ἓκεῖνο
282 888 412 941 μένειν
440 887 588 942 κακόν,
617 890 721 932 ἀλλὰ
745 893 810 932 καὶ
835 895 998 940 πολλοῖς
1021 890 1282 947 ε’πιφῦεσθαι.
1352 893 1419 935 ἐπ’
1448 894 1586 937 αὐτῶν

131 955 176 996 δὲ
193 956 364 1011 γεγονώς
381 961 465 999 τῶν
485 962 559 1011 τῆς
579 959 791 1014 ἐκκλησίας
809 957 1059 1014 πραγμάτων
1087 960 1263 1016 ἄστροισι
1288 961 1341 1003 τὰ
1363 962 1459 1005 κατ’
1484 964 1586 1006 ἐκεί-

129 1039 226 1072 νους
251 1021 363 1081 ἐῴκει
390 1031 654 1081 μετρεῖσθαι,
690 1026 1020 1083 συνυπαγόμενος
1044 1035 1129 1079 τοῖς
1156 1033 1327 1078 λοιποῖς.
1396 1030 1496 1074 ὅθεν
1516 1034 1585 1074 καὶ

128 1089 322 1141 πολλάκις
345 1097 465 1136 τινῶν
487 1095 797 1148 ἐπικλαιομένων
820 1098 883 1138 ἐπὶ
907 1095 1080 1139 συνόδου
1105 1099 1171 1140 καὶ
1194 1097 1266 1152 τὴν
1287 1098 1429 1155 κωφὴν
1451 1117 1583 1142 κατα-

127 1159 244 1214 δίκην
268 1159 547 1217 ὄδυρομεζνων,
582 1165 721 1206 ἐκεῖνοι
746 1165 802 1219 μὴ
833 1164 990 1219 ἔχοντες
1014 1164 1092 1222 ὅπῃ
1114 1165 1163 1208 ἂν
1183 1171 1309 1209 στῶσι
1332 1169 1398 1209 καὶ
1420 1166 1582 1223 ἀπερεί-

75 1235 119 1271 15
129 1243 282 1271 σωνται
315 1229 397 1287 (τὰ
418 1230 497 1287 γὰρ
528 1236 610 1274 τῶν
638 1230 818 1276 κανόνων
843 1235 909 1276 καὶ
929 1238 1098 1288 θεσμῶν
1119 1239 1199 1277 τῶν
1220 1235 1406 1291 πατέρων
1430 1239 1576 1292 προσί-
1598 1242 1632 1276 Ε

128 1311 278 1339 σταντο
305 1305 396 1348 ταῖς
421 1297 639 1354 βουλήσεσι
667 1302 734 1343 καὶ
760 1301 918 1357 ἔλεγχος
944 1304 1082 1359 σφίσιν
1102 1298 1236 1359 ἦσαν)
1273 1303 1483 1358 ἐπήρειδον
1505 1305 1581 1355 τὰς

127 1362 291 1419 πράξεις
316 1370 374 1425 τῷ
403 1371 567 1420 βασιλεῖ
570 1401 584 1421 ,
612 1368 729 1412 αὐτοὶ
748 1371 822 1423 μὲν
839 1375 921 1412 τῶν
942 1371 1130 1424 κειμένων
1159 1377 1581 1427 καταρραθυμοῦντες

125 1430 331 1487 κανόνων,
368 1439 427 1493 τῷ
456 1436 504 1477 δέ
520 1453 563 1492 γε
581 1443 797 1492 κρατοῦντι
817 1443 892 1493 τῆς
914 1440 1178 1495 παραβασίας
1195 1440 1375 1496 ἐχρῶντο
1403 1441 1509 1484 κατὰ
1533 1441 1579 1485 τὸ

126 1501 302 1544 δυνατὸν
322 1504 640 1560 προτειχίσματι.

122 1653 159 1688 in
178 1664 264 1700 paee
287 1655 524 1700 continebant,
556 1661 593 1693 et
612 1659 893 1706 tranquillitatem
914 1671 976 1705 pro
1000 1672 1038 1695 se
1059 1660 1250 1706 publicam,
1279 1662 1324 1696 ab
1348 1661 1424 1697 aliis
1445 1661 1578 1709 inquie-

122 1699 238 1734 tandis
259 1701 480 1745 abstinendo,
509 1704 692 1748 iuvabant,
723 1706 788 1740 deo
810 1707 1046 1752 permittentes
1069 1718 1182 1741 curam
1204 1708 1373 1742 rationum
1395 1721 1437 1742 ac
1458 1709 1580 1743 iurium

122 1756 278 1790 suorum,
300 1749 443 1793 quadam
463 1751 595 1795 etiam„
609 1752 811 1796 praesertim
830 1753 945 1795 initio,
968 1753 1163 1786 mutationis
1185 1753 1220 1787 in
1245 1755 1363 1788 melius
1387 1754 1581 1788 blandiente

121 1802 206 1836 ape,
227 1792 306 1827 inde
327 1799 422 1837 orta,
444 1797 535 1840 quod
560 1797 700 1832 Cosmas
722 1799 797 1839 hic,
818 1799 915 1833 modo
935 1799 1102 1840 Ioannes,
1125 1799 1319 1844 priusquam
1342 1800 1580 1834 admoveretur

121 1838 268 1881 negotiis
290 1842 326 1872 et
348 1841 514 1885 privatam
536 1843 570 1876 in
594 1844 720 1878 cunctis
744 1845 848 1878 vitam
872 1849 1009 1889 ageret,
1031 1856 1157 1878 morem
1176 1845 1275 1878 istum
1297 1845 1332 1878 in
1355 1845 1498 1879 ecclesia
1522 1857 1579 1879 re-

121 1889 257 1928 ceptum
289 1887 497 1929 provehendi
525 1890 706 1924 monachos
734 1890 769 1924 in
801 1891 1036 1936 episcopatu8‚
1069 1890 1198 1924 clericis
1226 1890 1394 1932 exclusis,
1428 1890 1578 1936 iniquum

121 1927 294 1963 iudicabat
316 1937 352 1964 et
372 1934 474 1977 plane
499 1935 702 1969 contrarium
724 1938 926 1977 canonibus3
958 1947 1109 1981 praeque
1132 1947 1170 1969 se
1193 1936 1344 1977 ferebat,
1377 1936 1407 1969 si
1431 1947 1577 1982 uuquam

122 1973 366 2018 praeficeretur
389 1979 665 2014 administrationi
691 1993 824 2023 rerum,
856 1982 935 2015 huic
965 1981 1172 2026 praeiudicio
1196 1980 1435 2024 derogaturum
1456 1990 1495 2017 ut
1517 1993 1576 2017 sa-

121 2017 191 2052 cris
214 2021 371 2064 opposito
392 2024 518 2068 regulis
539 2031 575 2059 et
596 2026 773 2071 iniquitate
795 2027 939 2061 conflato
967 2027 1232 2060 turbulentorum
1265 2032 1475 2071 temporum,
1510 2039 1575 2074 per

120 2076 210 2109 quae
232 2065 342 2100 solent
362 2069 415 2102 vel
437 2069 543 2104 solide
565 2071 718 2106 stabilita
740 2073 874 2106 concuti
894 2072 1175 2116 labefactatisque
1190 2071 1348 2115 legitimis
1363 2073 1477 2107 usibus
1493 2085 1574 2108 sen-

119 2109 182 2144 sim
202 2110 314 2156 ingeri
337 2113 480 2156 abusus,
512 2116 591 2149 mali
612 2121 734 2152 natura
756 2118 846 2151 haud
869 2129 907 2152 se
931 2118 1124 2151 continente
1145 2117 1235 2154 intra
1257 2128 1353 2160 sese,
1377 2120 1437 2153 sed
1460 2131 1575 2154 erum-

118 2161 223 2202 pente
255 2168 298 2191 ac
327 2166 540 2204 propagante
569 2161 679 2196 labem
710 2164 880 2208 propriam
911 2164 947 2196 in
981 2162 1252 2208 depravationem
1274 2163 1369 2208 prius
1389 2172 1572 2208 rectorum,

119 2201 164 2235 ad
186 2213 276 2248 quae
298 2205 463 2250 adrepere
486 2207 646 2250 potuerit.
692 2219 891 2253 quamquam
913 2209 998 2242 haec
1020 2208 1152 2253 quidem
1171 2208 1254 2254 ipsis
1274 2210 1310 2243 in
1331 2210 1464 2245 irritum
1481 2212 1571 2246 fidu-

119 2246 175 2281 cia
194 2248 328 2282 recidit.
374 2262 450 2286 nam
473 2252 614 2287 Cosmus
635 2253 695 2287 ubi
717 2255 830 2298 coepit
850 2265 906 2287 res
929 2253 1178 2288 ecclesiasticas
1201 2254 1455 2298 administrare,
1478 2258 1572 2292 velut

118 2294 220 2327 astris
242 2294 409 2331 inductam
434 2301 470 2332 et
491 2299 587 2332 fatali
609 2299 835 2342 necessitate,
870 2311 969 2344 quam
1004 2300 1156 2345 privatus
1186 2300 1455 2344 improbaverat,
1489 2315 1571 2337 con-

117 2339 327 2376 suetudinem
356 2343 517 2387 retinuit,
551 2356 592 2379 ac
621 2350 776 2380 torrente
808 2346 905 2390 quasi
936 2351 1070 2379 tractus
1101 2346 1262 2391 exempli,
1293 2347 1506 2383 decessorum
1534 2354 1572 2383 et

115 2383 193 2429 ipse
215 2385 248 2419 in
272 2388 336 2422 boc
359 2401 492 2435 quoque
511 2390 664 2434 vestigiis
686 2391 843 2425 insistere
873 2391 1034 2436 perrexit.
1081 2392 1170 2425 unde
1191 2403 1293 2438 saepe
1315 2395 1428 2428 multis
1450 2395 1487 2429 in
1511 2406 1572 2439 sy-

115 2430 483 2477 nodo'deplorantibus
505 2437 641 2470 tacitam
662 2436 754 2471 illam
785 2438 1052 2482 reprobationem
1075 2437 1270 2472 clericorum
1293 2446 1330 2473 et
1353 2440 1396 2474 de
1419 2446 1490 2474 tam
1512 2440 1570 2474 in-

114 2474 252 2519 iurioso.
262 2479 341 2514 talis
363 2481 490 2515 ordinis
512 2484 668 2526 neglectu
687 2482 943 2527 quiritantibus,
967 2483 1024 2528 qui
1046 2484 1148 2517 rebus
1162 2490 1375 2528 praeerant,
1397 2486 1487 2520 baud
1507 2487 1571 2520 ha-

114 2520 233 2556 bentes
267 2525 325 2558 ubi
356 2527 597 2571 consisterent,
631 2529 720 2573 quod
750 2540 879 2563 omnem
912 2529 994 2574 ipsis
1028 2530 1274 2564 excusationem
1304 2533 1569 2576 praecludebant

111 2577 262 2605 ,canones
284 2576 320 2604 et
342 2572 428 2606 scita
451 2582 603 2618 patrum,
627 2574 737 2619 palam
760 2575 974 2608 adversantia
996 2575 1136 2620 nuperis
1155 2575 1392 2622 hodiernisque
1415 2578 1504 2612 actis
1525 2588 1569 2611 ac

115 2611 263 2648 decretis
293 2615 367 2650 eius
398 2620 552 2662 generis,
583 2621 636 2654 cui
668 2631 767 2663 pares
788 2621 948 2654 ferendae
972 2631 1037 2654 non
1060 2625 1178 2664 erant,
1209 2622 1367 2657 invidiam
1390 2623 1425 2656 in
1449 2625 1568 2666 Augu-

113 2660 203 2691 stum
226 2663 464 2707 conferebant,
497 2677 538 2699 eo
561 2667 623 2700 sub
645 2666 786 2700 obtentu
812 2677 931 2699 secure
951 2666 1017 2699 iam
1038 2665 1278 2703 indormientes
1298 2669 1364 2714 ipsi
1387 2668 1567 2702 manifesto

114 2702 282 2746 neglectui
314 2709 443 2744 frustra
471 2710 649 2746 iacentium
678 2711 714 2745 in
745 2711 873 2745 chartis
899 2711 1047 2757 antiquis
1077 2724 1262 2756 canonum3
1294 2725 1435 2759 quorum
1458 2714 1567 2748 minas

111 2747 208 2782 velut
228 2762 342 2786 omnes
364 2759 400 2787 et
420 2755 575 2790 incursus
597 2757 796 2798 eludebant,
818 2762 979 2802 quantum
998 2761 1175 2802 poterant,
1197 2759 1331 2794 nomine
1352 2759 1568 2805 imperatoris

114 2794 211 2838 quasi
234 2796 323 2832 vallo
345 2798 411 2836 illis
433 2802 578 2847 quodam
602 2814 644 2838 ac
665 2803 918 2849 propugnaculo
939 2803 1084 2839 obiecto.
