1858 3126
124 276 154 312 P
179 278 247 318 517

263 163 362 213 726
657 161 976 209 OBSERVAT.
1012 163 1331 211 PACHYMER.

380 289 420 328 p.
447 274 500 318 15
525 285 567 315 v.
598 273 665 317 18.
721 274 971 327 supplicium
995 275 1223 326 fustuaric‘.
1281 273 1374 315 vide
1408 287 1493 316 rem
1522 282 1721 317 narratam

264 332 346 374 vol.
363 331 383 370 1
402 345 443 383 p.
465 330 550 375 495
566 343 652 382 sqq.

378 401 413 427 c.
432 389 472 428 3.
531 387 671 427 Obiter
698 385 765 426 hic
791 386 1090 427 admonuerim:
1123 399 1223 439 quae
1251 385 1330 425 hoc
1353 387 1484 440 capite
1507 388 1723 428 traduntur

266 445 334 497 (p.
355 446 408 488 16
428 456 468 484 v.
485 446 511 486 6
531 467 583 474 -—
599 458 640 497 p.
660 447 713 487 17
729 457 770 485 v.
786 446 836 495 6)
858 443 906 482 de
926 444 1106 483 fraudata
1128 443 1467 483 schismaticorum
1485 444 1579 483 odio
1597 446 1726 484 anima

263 499 470 542 Michaelis
494 500 743 553 imperatoris
771 500 814 539 in
841 501 1017 538 Romana
1046 500 1323 539 communione
1363 500 1511 539 mortui
1546 500 1724 542 subsidio

264 557 533 611 piacularium
562 570 787 606 sacrorum,
818 562 856 595 et
878 563 1081 608 tamquam
1106 556 1420 596 irrevocabiliter
1446 556 1606 596 addicta
1616 558 1726 596 Tar-

264 621 369 665 taro,
399 614 625 653 declarata
614 613 792 665 incapaci
810 612 991 652 habenda
1007 613 1286 665 suffragiorum
1304 613 1500 663 ecclesiae,
1531 627 1631 665 quae
1651 627 1726 666 pro

265 671 346 724 piis
363 671 407 709 in
426 670 490 709 dei
511 670 672 709 caritate
695 669 913 716 defunctis,
945 684 1027 709 non
1049 684 1123 722 pro
1147 670 1220 708 deo
1246 670 1374 709 exosis
1395 676 1435 709 et
1456 671 1499 708 in
1520 684 1590 708 suo
1613 669 1727 722 gravi

264 733 431 781 peccato
465 727 633 766 mortuis
660 726 794 766 offerri
826 733 1138 776 consuever‚unt
1178 726 1272 764 satis
1305 727 1576 767 demonstrare
1607 740 1726 779 quam

267 785 412 824 salsum
442 784 513 834 sit,
545 783 652 836 quod
673 783 809 832 multi,
844 784 1076 834 praesertim
1098 783 1352 834 heterodoxi,
1381 783 1619 836 persuadere
1634 788 1728 822 sunt

268 839 423 890 conati,
455 839 675 879 doctrinam
704 839 750 877 in
777 839 942 878 ecclesia
971 841 1147 879 Romana
1167 846 1365 893 receptam
1386 840 1434 879 de
1451 839 1682 893 purgatorio
1703 853 1727 878 a

269 897 431 937 Graecis
444 897 601 949 penitus
618 896 740 936 reiici.

381 966 422 1006 p.
443 956 495 997 19
516 967 559 993 v·
583 952 648 995 15.
700 959 797 1004 post
820 950 926 990 diem
948 953 1213 1004 trigesimam.
1267 952 1427 992 videtur
1450 950 1628 990 indicare
1650 951 1727 990 tri-

267 1009 454 1061 gesimam
478 1010 647 1062 primam
665 1008 892 1048 Decembris
915 1009 1037 1047 diem:
1063 1023 1108 1048 ea
1137 1010 1241 1048 enim
1267 1015 1326 1048 est
1342 1015 1439 1060 post
1463 1009 1726 1059 trigesimam.

268 1066 377 1105 unde
395 1067 536 1104 festum
556 1066 669 1104 cuius
690 1066 809 1118 paulo
828 1071 919 1118 post
936 1065 982 1102 fit
1003 1066 1150 1104 mentio
1163 1094 1175 1114 ,
1206 1066 1327 1104 suerit
1350 1071 1489 1103 octava
1509 1064 1727 1102 nativitatis

270 1129 310 1161 et
330 1122 579 1162 circumcisio
604 1122 756 1161 domini
775 1136 797 1159 a
821 1135 984 1173 vespera
1007 1122 1209 1174 pridiana,
1239 1128 1285 1160 ut
1307 1121 1376 1172 fit,
1404 1120 1610 1172 incipiens.
1666 1120 1726 1159 sic

268 1179 436 1218 inferius
462 1194 503 1232 p.
519 1183 575 1223 22
603 1192 642 1218 v.
660 1182 686 1221 6
721 1179 859 1230 quinta
893 1179 1065 1217 Ianuarii
1096 1179 1167 1217 sub
1198 1191 1400 1230 vesperam
1422 1177 1567 1215 festum
1591 1175 1726 1215 Theo·

268 1235 533 1300 phaniorum,
563 1242 633 1274 aut
648 1242 695 1274 ut
711 1249 784 1273 nos
804 1248 1012 1285 vocamus,
1042 1234 1286 1287 Epiphaniae
1313 1232 1503 1272 celebrari
1537 1239 1725 1285 coeptum

266 1291 469 1341 innuitur,
501 1292 594 1331 dum
620 1292 677 1330 ibi
702 1291 843 1330 scribit
875 1267 1090 1330 historicus
1112 1305 1151 1331 v.
1170 1294 1222 1333 12
1247 1290 1349 1330 datis
1366 1289 1581 1342 unicuique
1601 1289 1726 1329 cereis

267 1355 430 1401 peracta
449 1349 570 1388 fuisse
588 1349 812 1412 quaese-sti.
823 1351 932 1386 ritus·
943 1348 1145 1400 poscebat.

381 1419 416 1447 c,
443 1409 470 1448 8
494 1411 534 1443 et
559 1408 599 1448 9.
659 1405 771 1453 Quae
800 1404 843 1443 in
869 1403 933 1443 his
962 1404 1159 1469 capitibus
1188 1403 1365 1451 duobus,
1404 1401 1473 1441 sed
1498 1400 1727 1441 distinctius

268 1462 314 1499 in
343 1464 389 1508 9,
419 1462 468 1500 de
499 1461 629 1501 Vecco
657 1461 876 1500 traduntur
900 1467 940 1500 et
971 1461 1054 1499 eius
1083 1461 1312 1509 sententia,
1308 1457 1595 1498 declaratione
1615 1457 1726 1496 indi-

271 1523 388 1568 gent,
418 1523 462 1555 ut
482 1517 530 1555 iis
549 1517 698 1569 species
720 1517 901 1556 dematur
919 1516 1175 1570 ἕτεροδοξίας.
1231 1529 1404 1569 pronum
1429 1515 1578 1567 quippe
1604 1513 1726 1553 fuerit

271 1586 354 1611 non
373 1574 624 1624 praemunito
642 1574 803 1622 lectori,
832 1574 900 1612 ubi
921 1573 1068 1612 viderit
1086 1574 1256 1612 Veccum
1273 1577 1480 1623 negantem
1496 1571 1621 1609 filium
1641 1582 1726 1609 esse

270 1642 448 1679 causam,
475 1628 554 1667 hoc
569 1635 627 1667 est
646 1629 915 1681 principium,
944 1629 1130 1680 spiritus,
1161 1641 1396 1667 concausam
1415 1627 1500 1666 sive
1519 1627 1726 1678 comprin-

272 1685 424 1737 cipium
449 1698 538 1723 cum
567 1691 698 1737 patre,
730 1685 901 1737 denique
919 1685 1191 1724 subiicientem
1213 1684 1448 1722 anathemati
1468 1689 1550 1721 tam
1571 1695 1637 1721 eos
1653 1682 1726 1735 qui

272 1755 318 1780 ea
338 1741 531 1781 senserint
553 1752 600 1779 ac
619 1740 809 1792 dixerint,
839 1755 957 1792 quam
978 1742 1046 1792 qui
1063 1741 1122 1780 sic
1145 1740 1388 1793 sapientibus
1409 1745 1449 1778 et
1467 1739 1725 1791 loquentibus

271 1799 439 1837 scientes
474 1798 871 1847 communicaverint,
911 1811 1096 1836 accusare
1131 1797 1264 1850 ipsum
1298 1796 1651 1849 praevaricationis
1681 1796 1726 1834 in

273 1868 391 1893 causa
416 1860 598 1907 suscepta
626 1854 850 1906 purgandae
874 1854 922 1892 ab
946 1853 1117 1893 haeresis
1146 1853 1371 1906 suspicione
1393 1852 1598 1891 doctrinae
1618 1851 1729 1891 Lati-‘

271 1924 417 1950 norum
446 1912 551 1950 circa
579 1910 875 1963 processionem
906 1910 1077 1963 Spiritus
1105 1910 1240 1949 Sancti
1268 1923 1319 1949 ex
1345 1915 1458 1963 patre
1474 1909 1639 1961 filioque
1654 1914 1727 1947 aut

272 1968 406 2020 potius
435 1967 614 2020 pudendi
646 1968 780 2019 lapsus
805 1967 847 2005 in
877 1980 1050 2006 errorem
1080 1967 1322 2006 Graecorum
1349 1980 1371 2004 a
1399 1966 1535 2004 Latina
1561 1964 1736 2004 ecclesia

273 2024 529 2075 damnatum,
558 2023 746 2062 aientium
774 2037 795 2061 a
821 2030 934 2076 patre
954 2024 1040 2061 solo
1060 2024 1275 2076 procedere
1297 2022 1489 2075 Spiritum
1511 2023 1724 2071 Sanctum;

275 2093 298 2116 a
316 2080 459 2131 quibus
477 2081 512 2118 is
532 2087 664 2118 tamen
681 2079 810 2132 culpis
832 2079 1058 2130 longissime
1075 2080 1213 2119 abfuit.
1269 2079 1582 2118 animadvertere
1603 2077 1726 2129 igitur

273 2149 373 2187 opus
396 2143 465 2182 est,
490 2136 690 2175 Catholica
711 2136 846 2175 doceri
862 2137 1026 2175 veritate
1043 2150 1126 2175 non
1142 2150 1224 2175 esse
1241 2136 1318 2174 nisi
1338 2149 1462 2174 unum
1482 2134 1724 2187 principium

276 2193 315 2231 S.
328 2192 521 2245 Spiritus,
550 2193 644 2231 licet
659 2193 692 2231 is
711 2206 760 2231 ex
772 2200 892 2244 patre
906 2208 977 2244 per
984 2194 1149 2244 filium,
1178 2199 1225 2231 ut
1243 2192 1384 2231 Graeci
1400 2186 1534 2244 patres
1546 2191 1725 2242 loquun-

273 2254 362 2297 tur,
391 2255 431 2288 et
459 2263 502 2287 ex
523 2256 646 2300 patre
664 2250 863 2301 filioque,
895 2255 941 2287 ut
959 2249 1088 2287 Latini
1112 2262 1207 2288 vere
1231 2248 1473 2287 declarantes
1498 2246 1604 2285 idem
1624 2258 1724 2297 pro-

274 2304 410 2342 ferunt
424 2331 435 2350 ,
467 2305 668 2356 procedat.
724 2312 839 2357 pater
866 2306 971 2344 enim
992 2311 1038 2344 ut
1062 2305 1267 2344 essentiam
1285 2311 1325 2343 et
1346 2310 1527 2343 naturam
1546 2301 1722 2340 divinam

274 2359 359 2397 filio
392 2373 465 2411 per
496 2362 787 2412 generationem
822 2361 1109 2412 communicat,
1141 2362 1196 2400 ita
1220 2361 1346 2399 eidem
1370 2357 1611 2412 principium
1634 2357 1721 2409 spi-

277 2429 368 2454 rans
386 2415 471 2454 sive
488 2417 742 2468 spirationem
763 2418 932 2455 activam
950 2418 1093 2467 tradit,
1126 2418 1222 2455 adeo
1240 2422 1286 2454 ut
1305 2413 1636 2467 quemadmodum
1655 2426 1722 2451 ea·-

275 2472 363 2510 dem
383 2484 548 2510 numero
567 2478 708 2510 natura
726 2478 765 2511 et
789 2473 952 2511 essentia
972 2474 1106 2511 divina
1123 2472 1230 2525 putri
1245 2472 1426 2523 filioque,
1455 2469 1547 2507 licet
1565 2469 1720 2508 duabus

276 2528 425 2580 alioqui
445 2527 639 2566 distinctis
661 2528 838 2580 personis
858 2530 981 2578 inest,
1009 2529 1062 2566 ita
1090 2528 1328 2580 principium
1354 2527 1510 2578 spirans
1527 2525 1611 2564 sive
1631 2525 1722 2576 spi-

276 2584 377 2623 rat-io
407 2583 536 2623 activa
561 2597 641 2622 una
673 2584 885 2634 eademque
913 2597 1076 2622 numero
1099 2585 1142 2621 in
1169 2590 1282 2636 patre
1309 2588 1535 2634 generante,
1563 2580 1608 2619 in
1636 2581 1722 2621 filio

276 2640 408 2692 genito
424 2639 640 2693 reperitur3
666 2639 773 2678 unde
790 2639 835 2677 fit
850 2645 896 2677 ut
913 2653 963 2678 ex
979 2640 1099 2677 unico
1117 2639 1316 2691 principio
1333 2638 1524 2691 procedat
1542 2637 1721 2690 spiritus,

279 2696 532 2747 quantumvis
552 2696 594 2734 id
611 2694 854 2748 principium
876 2695 1036 2733 unicum
1058 2695 1334 2733 indistinctum
1354 2694 1395 2733 in
1411 2694 1561 2733 duabus
1579 2707 1722 2746 perso-

277 2753 340 2791 nis
365 2752 551 2792 subsistat
567 2751 855 2790 identificatam
878 2752 1049 2802 utrique.
1105 2751 1212 2790 unde
1230 2751 1347 2790 etiam
1367 2751 1415 2789 fit
1430 2757 1498 2798 ut,
1529 2750 1639 2802 quod
1656 2749 1722 2787 di-

277 2814 379 2848 serte
410 2808 531 2850 tradit
562 2809 601 2848 S.
624 2807 816 2848 Maximus
839 2807 880 2849 in
909 2808 1009 2847 Dial.
1027 2821 1115 2848 cum
1134 2808 1294 2856 Anum„
1322 2813 1435 2862 pater
1459 2808 1499 2848 S.
1528 2806 1722 2862 Spiritum
