1858 3126
220 171 318 215 312
538 141 547 149 ’
636 159 872 212 GEORGII
916 167 1270 212 PAcHYMEms

221 279 419 327 ὖπόνοιαν
439 281 608 337 θέμενοι
634 279 824 339 πράξωσί
840 298 880 324 τι
897 288 1095 338 γενναῖον.
1163 281 1284 325 ταῦτ’
1315 281 1446 340 ἔλεγε,
1481 284 1549 326 καὶ
1577 280 1697 337 μόλις

220 352 319 403 τοὺς
342 349 420 407 ὑφ’
442 349 577 410 ἑαυτῷ
598 349 800 407 ἡγεμόνας
820 349 969 395 ἔπειθε.
1042 352 1110 394 καὶ
1131 350 1209 407 γὰρ
1232 349 1290 394 ἔτι
1311 346 1362 406 ἦν
1386 353 1454 395 καὶ
1471 352 1518 396 τὸ
1535 351 1696 396 Ἀλανι-

224 421 294 464 κὸν
321 417 528 475 ἀκμάζον,
567 422 635 462 καὶ
664 421 705 464 ἓν
735 421 869 464 ἐλπίσι
892 425 968 463 τοῦ
999 416 1042 462 εὖ
1074 418 1237 475 σχήσειν
1267 415 1397 475 ἦσαν,
1425 422 1494 463 καὶ
1511 425 1696 478 προεθυ-

173 504 202 538 c
225 494 380 545 μοῧντο
402 491 538 544 μεῖζον
557 488 582 545 ἢ
607 488 711 533 ὥστε
740 486 963 533 δύνασθαι.
1037 487 1239 546 ἑτέρωθεν
1260 490 1305 532 δὲ
1322 491 1391 533 καὶ
1412 489 1459 533 τὸ
1473 487 1698 544 Ῥωμαϊκὸν

221 558 328 602 πολὺ
363 553 439 614 ἦν,
475 559 543 601 καὶ
574 558 650 614 οὗχ
678 553 805 615 ἦττον
837 561 903 602 καὶ
937 561 1062 601 τοῦτο
1084 558 1158 609 τὰς
1180 556 1314 615 ὁρμὰς
1332 556 1591 616 παρεθήγετο
1615 557 1728 605 §aas

219 627 297 687 νέῳ
329 631 497 682 βασιλεῖ’
521 626 892 685 στρατηγούμενον.
964 630 1029 670 καὶ
1052 623 1102 683 ἦν
1125 629 1237 679 ἐλπὶς
1256 634 1344 678 τοῖς
1363 625 1491 685 ὁρῶσι
1511 624 1698 684 μεγάλων

221 694 564 754 κατορθωμάτων
602 699 670 740 καὶ
705 698 860 747 παντὸς
903 697 1082 740 ἐπέκεινα
1118 694 1379 753 σφάλματος.
1448 697 1532 740 ἐπεὶ
1559 697 1697 741 τοίνυν

222 764 333 809 οὕτω
353 766 549 820 βασιλεῦς
567 767 642 821 μὲν
663 765 783 823 ὥρμα
802 765 981 823 στρατὸς
1001 766 1046 808 δὲ
1072 764 1292 822 ξυνώρμα,
1329 767 1396 808 καὶ
1422 764 1502 822 ἤδη
1528 763 1697 817 ἐξιόντες

219 834 506 892 προσέβαλλον
534 837 687 890 μείζονι
706 837 774 879 καὶ
793 837 869 878 aiei
891 835 970 893 νέῳ
988 833 1187 886 καθάπαξ
1212 839 1271 894 τῷ
1306 833 1459 890 λήματι
1474 832 1694 891 χρώμενοι,

218 905 285 947 καὶ
312 903 394 960 ἤδη
432 903 480 946 οὗ
510 904 614 961 παρ’
646 905 786 955 αἰτοΐς
818 904 912 947 ἀλλ’
939 905 980 946 ἒν
1007 903 1150 954 αὐτοῖς
1167 900 1274 959 ἦσαν
1293 910 1380 955 τοῖς
1402 905 1610 959 πολεμίοις
1629 906 1695 948 καὶ
1709 915 1752 949 10

167 985 199 1019 D
223 977 474 1030 προσβαλεῖν
495 972 678 1028 ἕμελλον,
707 973 870 1026 αὐτίκα,
899 971 1103 1030 ὀστράκου
1123 975 1227 1031 φασὶ
1244 970 1560 1029 μεταπεσόντος,
1592 990 1696 1030 γνω-

219 1046 466 1096 σιμαχοῦσιν
500 1043 543 1085 ἐκ
572 1043 690 1094 δέους
718 1043 756 1086 οἱ
785 1040 977 1099 ἡγεμόνες
1004 1044 1072 1085 καὶ
1105 1044 1146 1086 ἐν
1167 1041 1381 1093 ὑπονοίαις
1403 1042 1609 1098 ἐγένοντο,
1646 1043 1695 1086 οὗ

219 1108 395 1162 δεδιότες
417 1109 597 1167 ἐχθρούς
611 1146 623 1165 ,
660 1111 715 1162 ὦς
737 1111 917 1169 ἔφασκον
928 1144 942 1164 ,
979 1111 1076 1154 ἀλλ’
1103 1110 1206 1167 ὑπὲρ
1226 1111 1430 1166 βασιλέως
1456 1113 1696 1168 φροντίζον-

216 1197 282 1230 τες
301 1182 444 1235 δῆθεν.
481 1180 635 1231 αὐτοὺς
652 1182 726 1237 μέν
747 1181 826 1238 γὰρ
848 1182 914 1223 καὶ
936 1177 1090 1234 μόνους
1109 1185 1331 1237 λειφθῆναι
1349 1178 1486 1236 μάχης
1505 1180 1552 1223 οὗ
1570 1177 1695 1224 τόσον

218 1246 348 1292 δεινόν
362 1282 375 1302 ,
413 1254 580 1303 βασιλεῖ
601 1251 645 1292 δὲ
666 1247 985 1307 συγκινδυνεύειν
1005 1250 1058 1293 τὰ
1085 1247 1310 1307 πράγματα
1334 1251 1402 1292 καὶ
1423 1250 1516 1291 λίαν
1536 1247 1693 1305 παγχά-
1707 1257 1750 1293 15

217 1322 339 1361 λεπον
358 1316 473 1363 εἶναι.
545 1321 651 1374 μηδὲ
671 1319 749 1376 γὰρ
771 1316 988 1376 ἀραρότως
1010 1320 1076 1361 καὶ
1101 1319 1303 1377 ἀσφαλῶς
1323 1323 1405 1362 τῶν
1427 1318 1603 1362 ἐλπίδων
1620 1336 1694 1362 πε-

168 1398 199 1433 E
224 1387 479 1445 ριγενέσθαι,
526 1387 622 1431 ἀλλ’
659 1388 741 1445 ἤδη
780 1390 847 1431 καὶ
882 1385 1130 1444 ἡττηθῆναι.
1201 1391 1367 1444 πλῆθος
1394 1386 1474 1444 γὰρ
1505 1386 1581 1430 κᾶν
1607 1394 1696 1438 τοῖς

310 1498 343 1532 2.
369 1494 435 1543 ἐφ’
459 1498 498 1532 Ρ.

218 1589 421 1634 affulgeret3
446 1588 599 1633 adeoque
623 1598 766 1632 magnae
789 1587 840 1622 rei
864 1588 1002 1623 fortiter
1025 1599 1067 1623 ac
1090 1587 1237 1622 feliciter
1261 1587 1431 1633 gerendae
1452 1588 1642 1634 pretiosam
1655 1588 1692 1623 in

218 1635 332 1682 primis
355 1634 474 1669 offerri
497 1633 719 1668 occasionem.
767 1635 851 1668 haec
874 1635 1016 1680 loquens
1051 1646 1155 1678 aegre
1181 1633 1341 1680 probavit
1366 1633 1508 1668 ducibus
1531 1634 1695 1670 Romanis

219 1693 306 1726 quos
330 1692 445 1715 secum
469 1681 629 1714 habebat.
664 1686 841 1714 cesserunt
864 1680 914 1714 illi
938 1687 1051 1715 tamen
1074 1679 1178 1714 veriti
1199 1679 1373 1714 exercitus
1396 1691 1594 1714 consensum
1617 1691 1694 1715 cum

217 1728 436 1773 imperatoris
465 1727 643 1761 voluntate
665 1726 928 1772 conspirantem.
974 1738 1050 1761 nam
1075 1726 1171 1760 Alani
1194 1737 1317 1770 magna
1339 1737 1402 1772 spe
1424 1737 1604 1761 successus
1625 1725 1694 1761 sibi

219 1773 442 1819 prosperrimi
465 1773 652 1817 vigebant,
682 1772 864 1818 ausurique
894 1783 936 1807 ac
970 1773 1126 1806 conaturi
1153 1772 1257 1806 etiam
1283 1783 1390 1817 snpra
1410 1771 1504 1807 vires
1525 1771 1694 1806 videban-

219 1827 288 1855 tur.
336 1819 469 1853 aliunde
504 1820 678 1853 Romanae
712 1818 832 1864 copiae
865 1823 901 1852 et
933 1818 1140 1853 conscientia
1171 1817 1394 1852 multitudinis
1428 1823 1465 1852 et
1494 1818 1693 1864 praesentia

218 1865 455 1912 imperatoris,
487 1865 627 1910 eiusque
651 1864 804 1900 florentis
826 1875 912 1900 aevo
933 1864 1142 1910 iuvenilique
1173 1865 1320 1907 robore,
1351 1863 1596 1899 incredibiliter
1618 1864 1694 1900 ani-

219 1914 401 1946 mabantur
431 1911 474 1946 ad
507 1910 693 1946 fortissime
725 1911 940 1957 pugnandum
973 1911 1047 1945 eius
1078 1913 1194 1945 ductu.
1241 1922 1305 1945 nec
1337 1914 1532 1956 spectantes
1556 1910 1694 1945 dubita-

218 1958 303 1992 bant
327 1958 406 2004 quin
427 1957 625 2003 praeclarae
649 1957 812 1993 victoriae
835 1957 1091 2003 opportunitas,
1126 1957 1214 1991 citra
1246 1957 1392 2002 quodvis
1422 1957 1608 2002 periculum
1638 1957 1694 1991 of-

218 2004 381 2038 fensionis
405 2004 506 2046 belli,
529 2015 568 2038 se
591 2003 746 2038 offerret.
793 2015 867 2038 cum
890 2015 932 2038 eo
956 2003 1007 2038 sic
1032 2003 1240 2049 imperator,
1263 2003 1314 2037 sic
1337 2003 1369 2037 ei
1393 2002 1607 2037 consentiens
1629 2013 1692 2036 ex-

220 2049 369 2091 ercitus,
393 2061 561 2095 generoso
584 2049 712 2095 impetu
733 2051 928 2091 ferrentur,
962 2050 1100 2094 iamque
1122 2061 1237 2083 omnes
1259 2061 1280 2083 e
1302 2049 1392 2084 vallo
1415 2049 1549 2093 egressi
1570 2059 1693 2094 proce-

220 2096 344 2129 derent
362 2121 372 2138 ‚
408 2100 671 2142 crescenteque,
702 2099 742 2131 ut
772 2097 833 2139 fit,
867 2096 978 2131 obiter
1002 2095 1147 2130 audacia
1169 2107 1236 2142 quo
1259 2095 1401 2142 propius
1423 2095 1693 2129 admovebantur

220 2141 424 2184 discrimini,
458 2142 577 2177 animis
610 2148 645 2177 et
679 2143 861 2178 alacritate
882 2142 1041 2177 ferociori
1068 2142 1298 2184 minarentur,
1333 2141 1460 2176 emensi
1483 2139 1566 2186 quin
1588 2140 1692 2175 etiam

221 2186 387 2221 velociter
422 2187 639 2222 intervallum
671 2189 816 2224 medium
846 2201 913 2224 non
946 2188 1128 2234 propinqui
1160 2188 1221 2222 sed
1249 2188 1357 2222 iuncti
1388 2199 1430 2222 ac
1461 2190 1593 2222 tantum
1622 2196 1690 2219 non

218 2232 315 2266 mixti
338 2233 492 2267 hostibus
515 2235 645 2276 forent,
681 2236 716 2269 in
747 2235 897 2280 proximo
919 2235 996 2281 ipso
1021 2235 1167 2280 denique
1197 2234 1376 2280 procinctu
1398 2244 1441 2268 ac
1462 2230 1560 2278 quasi
1581 2230 1691 2276 prima

217 2278 384 2312 libatione
407 2280 646 2324 praelii,‘ecce
669 2282 762 2315 velut
786 2281 894 2327 (quod
918 2281 1030 2325 aiunt)
1055 2283 1193 2326 tegulae
1214 2280 1402 2325 interlapsu
1423 2275 1690 2322 inopinatissima

219 2324 406 2358 conversio.
452 2330 545 2359 metu
568 2327 719 2372 correpti
742 2327 847 2362 duces
870 2328 1042 2362 exercitus
1065 2327 1256 2360 deliberare
1278 2325 1387 2359 denuo
1403 2328 1440 2358 et
1453 2326 1589 2357 certare
1610 2334 1690 2357 sen-

218 2370 336 2404 tentiis
360 2376 556 2415 coeperunt.
601 2373 715 2406 vereri
738 2378 897 2407 eventum
920 2385 959 2407 se
983 2373 1121 2407 aiebant
1143 2372 1243 2406 nimis
1265 2369 1426 2416 ancipitis
1448 2367 1597 2413 negotii,
1624 2380 1688 2402 nec

219 2427 283 2450 sua
305 2415 437 2450 scilicet
461 2428 566 2451 causa
587 2418 792 2462 formidare,
816 2419 878 2453 sed
901 2418 1111 2452 consternari
1133 2418 1275 2452 horrore
1297 2414 1517 2455 discriminis,
1545 2425 1612 2459 quo
1635 2414 1690 2448 vi-

219 2466 290 2495 tam
323 2473 364 2495 ac
397 2466 502 2507 caput
532 2462 749 2507 imperatoris
782 2464 970 2509 periclitari
1001 2463 1186 2498 exitialiter
1223 2464 1413 2496 cernerent.
1467 2460 1519 2494 sui
1553 2459 1689 2506 quidem

218 2508 391 2553 ipsorum,
424 2512 607 2554 utcumque
637 2509 674 2543 in
707 2513 834 2543 certam
857 2509 1041 2554 perniciem
1065 2512 1225 2550 ruerent,
1257 2506 1467 2541 tolerabilem
1491 2509 1616 2551 putare
1634 2506 1690 2540 ia-

220 2559 372 2595 cturam;
404 2564 443 2588 se
466 2554 546 2588 solis
570 2554 698 2600 praelio
722 2555 908 2600 peremptis
941 2559 1035 2589 stare
1066 2553 1282 2589 nihilominus
1303 2564 1405 2598 posse
1427 2551 1688 2597 rempublicam:

219 2598 425 2644 imperatore
460 2600 557 2634 simul
589 2601 767 2645 absumpto
803 2611 963 2634 summam
986 2600 1038 2634 rei
1059 2603 1253 2645 statumque
1274 2598 1407 2644 imperii
1431 2598 1506 2644 pari
1529 2609 1611 2632 casu
1633 2597 1689 2632 vi-

219 2644 295 2678 deri
319 2645 532 2692 prolapsum.
576 2645 729 2680 insanum
752 2657 834 2690 ergo
859 2657 934 2680 esse
952 2650 1084 2680 tantam
1106 2646 1212 2679 aleam
1234 2650 1362 2679 temere
1384 2645 1510 2686 iacere,
1534 2655 1602 2678 uno
1622 2642 1688 2678 illi-

220 2691 274 2725 cio
295 2691 510 2737 perincertae
532 2692 624 2738 spei,
657 2692 710 2726 cui
733 2692 925 2726 contrarius
950 2691 1204 2726 fundatissimus
1224 2696 1334 2725 metus
1357 2702 1423 2725 non
1445 2690 1614 2735 relinquat
1635 2689 1688 2723 lo-

221 2748 307 2770 cum.
354 2737 465 2782 “qnid
488 2738 575 2772 enim
597 2738 774 2772 victoriam
796 2738 1014 2780 somniemus‚
1038 2740 1169 2772 tantum
1193 2749 1261 2772 non
1282 2737 1348 2771 iam
1369 2736 1479 2771 victi?
1501 2747 1568 2770 non
1589 2735 1689 2769 vide—

218 2793 292 2816 mus
316 2782 482 2818 infinitam
505 2784 751 2819 multitudinem
775 2784 862 2818 aciei
886 2783 1048 2818 hostilis?
1082 2794 1161 2818 num
1195 2783 1391 2828 ignoramus
1417 2786 1452 2816 et
1482 2781 1687 2815 fortissimos

218 2832 254 2862 et
279 2829 578 2865 exercitatissimos
600 2830 699 2865 bellis
719 2829 790 2865 illic
820 2835 915 2866 stare
940 2829 1092 2865 milites?
1126 2829 1207 2876 quin
1230 2834 1267 2865 et
1288 2829 1497 2875 exploratam
1519 2827 1604 2874 ipsis
1625 2837 1688 2861 no·-
