1820 3112
402 158 476 201 DE
508 156 839 200 ANDRONICO
869 154 1246 200 PALAEOLOGO
1277 155 1323 198 L.
1354 155 1387 198 1.
1563 155 1631 202 87

158 289 211 314 να
229 271 295 314 καὶ
314 271 471 326 αἵματα
490 270 593 324 πρὸς
611 270 663 313 τὰ
678 269 841 326 μακρὰν
865 267 982 324 ἡμῶν
1014 268 1284 326 ἀνεφέροντο,
1328 266 1622 323 ἀποπεμπομέ-

159 357 240 384 vm
259 339 311 383 τὰ
329 339 488 396 φοβερὰ
507 337 624 394 ἡμῶν
644 337 796 392 ἑτέροις
813 345 898 387 τοῖς
917 338 976 391 μὴ
996 336 1057 380 ὅτι
1085 337 1128 393 γ’
1152 339 1208 387 εἷς
1232 343 1373 392 πεῖραν
1395 336 1489 379 ἀλλ’
1517 335 1614 380 οὐδ’
1645 340 1676 375 C

164 411 221 457 εἷς
248 408 353 450 θέαν
382 408 620 461 δυναμένοις
645 405 776 462 μόνην
806 411 889 449 τῶν
921 407 1035 448 ἰδίων
1065 410 1200 448 κακῶν
1232 404 1330 460 ἡμῖν
1363 410 1619 461 κοινωνῆσαι.

162 477 210 519 τὸ
231 479 253 518 δ
262 476 276 492 ³
301 472 352 531 ἦν
376 475 457 531 ἄρα
482 469 710 531 παραψυχὴ
735 476 801 518 καὶ
821 478 957 516 κακῶν
979 471 1224 528 ἀνάρτησις,
1262 474 1522 529 γνωσθέντος
1541 492 1623 516 πα-

129 549 312 591 5θοῦσιν
344 543 401 594 ὥς
431 543 534 587 ὅπου
564 543 612 586 τὸ
638 547 720 586 τῶν
745 545 887 586 δεινῶν
914 548 1104 597 σημεῖον,
1152 541 1234 585 ἐκεῖ
1252 542 1463 597 ξυμβαίνει
1491 541 1622 586 καὶτὸ

159 613 416 667 ἀποτέλεσμα
434 613 655 669 γίγνεσθαι.

296 715 375 760 33.
443 711 491 756 ‘O
517 713 655 768 μέντοι
686 730 727 768 γε
752 711 946 766 βασιλεὺς
975 711 1090 761 υἱοὺς
1121 711 1224 766 ἔχων
1255 712 1298 762 ἐξ
1311 710 1458 766 ’Άννης
1486 715 1562 766 τῆς
1579 709 1620 763 ἔξ
1645 715 1672 749 P
1696 716 1740 751 55

164 781 355 839 Οἷίγγρων
388 779 463 824 δυό
478 814 491 834 ,
533 778 707 837 ΙΙἸιχαήλ
734 798 776 823 τε
804 782 869 822 καὶ
899 783 1238 832 Κωνσταντΐνον,
1275 780 1438 835 τὸνμὲν
1458 784 1623 834 βασιλι-

161 855 243 900 κῶς
272 850 390 906 ἀνῆγε
421 851 486 893 καὶ
521 849 576 900 ὡς
614 854 687 903 τῆς
719 850 928 901 βασιλείας
965 847 1156 903 διάδοχον
1186 846 1432 904 ἓθεράπευε,
1476 848 1548 892 τὸν
1578 850 1625 892 δὲ

107 922 473 963 1οΚωνσταντΐνον
507 921 561 969 εἷς
592 915 793 971 δεσπότην
819 917 973 973 ἔτρεφε.
1044 922 1102 974 τῷ
1127 916 1266 969 με’ντοι
1295 935 1336 972 γε
1354 917 1527 971 ΙΠιχαὴλ
1555 919 1623 960 καὶ

162 985 184 1030 ὃ
199 985 363 1037 πάππος
378 987 506 1029 αὐτοῦ
526 986 699 1041 Μιχαὴλ
719 990 792 1041 τῆς
810 987 865 1035 εἷς
882 986 955 1039 τὴν
972 987 1185 1038 βασιλείαν
1201 983 1490 1035 καταστάσεως
1510 981 1620 1040 ἦρχε,

161 1058 228 1098 καὶ
258 1053 314 1106 ὥς
343 1055 516 1109 βασιλέα
549 1063 711 1110 παρεῖχε
739 1052 1016 1109 κηρύττεσθαι
1044 1052 1100 1103 ὥς
1131 1054 1178 1096 οὔ
1196 1053 1346 1109 μικρὰν
1366 1053 1622 1109 παραψυχὴν

160 1128 218 1182 τῷ
251 1125 374 1179 πατρὶ
408 1123 474 1165 διὰ
507 1124 579 1166 τὸν
608 1129 682 1176 τῆς
726 1123 940 1176 δεσποίνης
966 1119 1132 1164 &mom
1161 1120 1364 1165 θάνατον.
1432 1122 1538 1178 παρ’
1567 1120 1616 1178 ἣν
1642 1130 1671 1165 Β

161 1193 295 1234 αῗτίαν
316 1194 381 1234 καὶ
402 1191 449 1233 τὸ
471 1193 514 1234 ἐκ
536 1193 670 1248 ῥηγιῦν
688 1196 771 1233 τῶν
789 1192 986 1245 μεγίστων
1005 1193 1128 1244 κῆδος
1147 1190 1253 1232 κατὰ
1274 1188 1461 1246 δεύτερον
1483 1208 1623 1233 συνοι-

108 1260 292 1302 15κέσιον
311 1259 369 1314 μὴ
392 1259 492 1314 ἔχων
515 1260 620 1309 ὅλως
650 1266 864 1315 περιποιεῖν
891 1257 1053 1316 ἑαυτῷ,
1101 1257 1156 1308 ὥς
1185 1257 1262 1300 ὑπ’
1299 1257 1429 1315 ἀρχὴν
1459 1256 1623 1309 πάντως

160 1327 353 1382 ἐσομένου
381 1332 455 1370 τοῦ
473 1328 514 1379 ἐξ
544 1328 680 1371 αὐτῶν
689 1361 702 1380 ,
732 1327 807 1382 τὴν
833 1328 876 1368 ἐκ
897 1327 1128 1385 μαρκεσίῳν
1155 1324 1335 1383 Εἰρήνην
1354 1328 1427 1368 καί
1441 1327 1480 1382 γ’
1507 1325 1622 1382 ε’κγὸ-

160 1414 235 1452 νην
260 1400 335 1439 τοῦ
363 1396 485 1453 ῥηγός
499 1395 713 1446 Ἱσπανίας
722 1428 735 1450 ,
773 1394 933 1451 ἀγαθὸς
962 1394 1126 1451 ἀγαθὴν
1153 1394 1228 1450 οὐχ
1244 1389 1368 1450 ἧττον
1396 1394 1443 1438 τὸ
1464 1394 1620 1451 γένοςῆ

159 1572 268 1608 fnisse
295 1572 478 1608 amandata
506 1574 638 1614 terras,
666 1571 703 1607 in
733 1572 779 1606 iis
812 1571 979 1618 explenda
1010 1571 1108 1607 malis
1129 1583 1275 1618 quorum
1295 1583 1361 1606 non
1383 1571 1491 1606 dicam
1513 1582 1621 1616 expe-

157 1619 295 1661 rientia,
318 1619 377 1653 sed
401 1631 443 1653 ne
466 1622 666 1663 conspectus
689 1619 823 1664 quidem
850 1623 909 1652 aut
931 1630 951 1652 e
973 1617 1084 1652 vicino
1106 1629 1225 1652 sensus
1249 1618 1291 1651 ad
1315 1629 1375 1651 nos
1398 1618 1620 1662 pertingeret,

158 1665 210 1698 uti
233 1676 296 1699 nec
327 1664 394 1698 illis
426 1664 508 1710 ipsis
538 1664 686 1698 vicissim
716 1665 894 1709 gentibus,
926 1676 1013 1709 quae
1044 1675 1105 1698 nos
1136 1664 1305 1708 urgebant
1336 1664 1504 1705 adversa,
1537 1667 1620 1697 nota

159 1713 278 1752 eraut,
311 1711 456 1755 abrupto
489 1721 510 1744 a
541 1710 638 1743 nobis
662 1710 804 1744 invicem
827 1709 1035 1744 commercio.
1081 1710 1115 1743 id
1137 1710 1227 1755 quod
1249 1709 1308 1742 ubi
1333 1714 1387 1743 est
1408 1709 1622 1743 animadver-

158 1767 246 1800 sum,
268 1755 377 1790 valuit
399 1767 442 1790 ea
464 1756 656 1790 observatio
679 1756 723 1790 ad
746 1756 960 1790 relevandam
991 1755 1027 1789 in
1057 1756 1184 1790 nostris
1214 1755 1417 1789 moestitiam
1449 1766 1492 1790 ex
1522 1754 1620 1788 minis

159 1801 331 1845 signorum
357 1801 547 1835 istiusmodi
577 1807 786 1847 conceptam.
831 1805 1030 1836 recrearunt
1058 1801 1109 1835 illi
1140 1801 1269 1835 scilicet
1300 1799 1428 1834 animos
1459 1804 1496 1833 et
1532 1800 1620 1833 bene

159 1859 300 1892 sperare
329 1851 572 1892 perrexerunt,
606 1847 664 1880 ubi
693 1852 899 1892 compertum
931 1852 967 1881 et
997 1859 1036 1881 re
1064 1847 1141 1892 ipsa
1174 1847 1435 1880 demonstratum
1459 1845 1622 1889 apparuit

159 1893 250 1927 haud
271 1904 387 1927 veram
410 1904 485 1926 esse
507 1893 750 1937 pervulgatam·
763 1893 950 1937 opinionem
972 1893 1080 1934 illam,
1105 1904 1172 1937 qua
1194 1891 1261 1925 sibi
1283 1892 1445 1924 hactenus
1469 1890 1619 1923 homines

158 1942 398 1983 persuaserant
419 1942 540 1972 eventa
561 1938 842 1982 significationum
872 1940 1082 1973 funestarum
1111 1938 1178 1971 illis
1201 1937 1332 1970 omnino
1354 1936 1392 1970 in
1413 1935 1498 1969 locis
1529 1934 1618 1970 exti-

159 1988 251 2027 tura,
272 1983 308 2017 in
330 1983 454 2029 quibus
474 1984 632 2030 prodigia
655 1985 768 2018 clades
788 1985 874 2018 istas
895 1984 1055 2019 minantia
1079 1983 1225 2017 fuissent
1249 1982 1350 2015 edita.

250 2061 307 2096 33.
352 2062 399 2095 At
430 2061 614 2106 imperator
647 2073 721 2096 cum
756 2074 799 2096 ex
825 2062 923 2096 Anna
952 2062 1095 2106 Ungara
1124 2061 1208 2094 duos
1239 2060 1440 2105 superstites
1471 2060 1616 2094 haberet

159 2106 260 2148 filios,
283 2106 480 2140 Michaelem
505 2111 540 2140 et
564 2108 829 2149 Constantinum,
853 2108 1000 2153 priorem
1021 2107 1155 2152 quidem
1177 2107 1244 2140 iam
1261 2106 1297 2140 in
1319 2106 1453 2151 imperii
1477 2117 1617 2140 consor·

159 2152 243 2186 tium
266 2157 420 2186 evectum
443 2153 537 2196 regio
559 2153 607 2186 uti
629 2153 791 2196 collegam
814 2158 850 2187 et
870 2164 1098 2186 successorem
1121 2152 1331 2197 designatum
1355 2153 1446 2186 cultu
1468 2152 1615 2186 honora·

159 2198 234 2240 bat,
257 2198 418 2231 minorem
439 2197 582 2231 alterum
603 2197 638 2231 in
658 2198 854 2242 despoticae
876 2198 1052 2242 dignitatis
1074 2198 1260 2242 insignibus
1282 2198 1441 2232 educans.
1487 2201 1524 2231 at
1546 2197 1616 2231 Mi-

159 2243 287 2277 chaelis
317 2243 452 2288 quidem
485 2254 663 2287 supremae
693 2244 872 2288 potestatis
902 2243 1162 2288 participatione
1186 2255 1259 2278 cum
1283 2247 1377 2278 certa
1397 2255 1456 2287 spe
1478 2254 1616 2277 succes-

159 2289 263 2324 sionis
299 2289 442 2323 ornandi
474 2292 592 2322 auctor
624 2300 706 2323 avus
736 2289 844 2334 ipsius
871 2289 1022 2324 Michael
1052 2290 1189 2331 suerat,
1221 2289 1281 2335 qui
1313 2295 1392 2335 post
1428 2289 1614 2323 nuntiatam

159 2336 277 2368 Annae
298 2346 404 2369 nurus
432 2339 573 2368 mortem
602 2334 862 2369 afflictissimum
893 2346 933 2368 eo
967 2345 1048 2369 casu
1071 2335 1295 2370 Andronicum
1327 2346 1395 2369 non
1416 2345 1535 2380 pamm
1558 2345 1615 2367 re-

161 2382 338 2414 creaverat
359 2380 430 2414 filio
454 2380 527 2414 eius
557 2381 698 2425 parvulo
729 2380 795 2414 sibi
819 2380 1005 2424 cognomini
1027 2381 1236 2415 conferendis
1256 2380 1445 2425 insignibus
1467 2379 1614 2424 imperii,

161 2425 368 2470 eundemque
398 2431 437 2459 ut
467 2426 628 2469 collegam
652 2427 826 2470 Augustae
856 2426 1039 2471 potestatis
1067 2427 1309 2472 promulgando
1339 2427 1404 2460 iam
1438 2437 1546 2466 nunc,
1577 2427 1614 2457 et

161 2471 300 2514 agnosci
329 2470 461 2516 colique
494 2473 538 2506 ab
569 2472 720 2505 omnibus
749 2472 905 2505 iubendo.
953 2475 1124 2506 caeterum
1154 2473 1214 2506 illa
1240 2473 1316 2517 ipsa
1338 2482 1441 2505 causa
1462 2470 1529 2504 fuit
1553 2479 1614 2502 cur

160 2516 196 2550 in
218 2516 383 2550 secundas
405 2516 543 2562 nuptias
575 2517 720 2562 aliquam
751 2517 968 2551 maximorum
987 2529 1104 2564 regum
1127 2518 1231 2552 filiam
1254 2517 1316 2551 sibi
1340 2516 1518 2562 petendam
1542 2516 1613 2548 Au-

161 2566 366 2605 gustusnou
389 2562 540 2596 duceret.
566 2574 639 2596 cum
659 2564 744 2596 enim
767 2564 936 2597 nascituro
959 2575 978 2596 e
999 2565 1147 2598 secundo
1170 2563 1326 2611 coniugio
1350 2562 1419 2596 filio
1442 2561 1615 2594 destinare

161 2606 334 2651 imperium
357 2607 453 2641 alteri
475 2608 542 2642 iam
565 2608 821 2654 oppigneratum
854 2610 1042 2644 successori
1072 2610 1251 2654 nequiret,
1282 2619 1348 2642 non
1371 2612 1446 2641 erat
1469 2615 1614 2650 aequum

163 2651 206 2684 ad
228 2652 413 2695 gignendos
444 2654 595 2698 privatos
625 2654 798 2698 coniugem
829 2667 849 2689 e
880 2666 1006 2689 summo
1037 2666 1150 2689 rerum
1179 2656 1395 2688 humanarum
1425 2651 1616 2685 adsciscere

162 2697 312 2740 fastigio.
355 2697 460 2742 elegit
481 2699 584 2743 igitur
598 2699 730 2742 Irenen,
755 2712 775 2733 e
797 2700 949 2744 dynastis
969 2700 1106 2746 quidem
1129 2701 1305 2734 dumtaxat
1325 2697 1508 2731 minoribus
1528 2704 1614 2739 quos

162 2742 343 2776 marcesios
371 2747 444 2778 sive
473 2744 682 2780 marchiones
713 2746 902 2791 appellant,
930 2751 1264 2791 caeterum‘neptem
1294 2744 1383 2787 regis
1415 2740 1614 2785 Hispaniae,

163 2798 264 2832 quam
285 2787 391 2823 bonus
410 2789 552 2832 bonam,
578 2801 641 2824 nec
666 2790 774 2826 minus
802 2791 952 2826 moribus
973 2792 1150 2837 probatam
1171 2801 1270 2836 quam
1293 2799 1418 2834 genere
1438 2787 1615 2827 illustrem,
