1858 3126
276 146 376 194 696
674 145 984 191 OBSERVAT.
1010 147 1320 195 PACHYMER.

277 252 435 311 καιρόν,
462 260 620 308 tempus
634 253 822 294 nimirum
841 255 952 309 prius
964 256 1067 296 illud
1084 256 1297 297 exorientis
1313 255 1515 301 Δι’-10111001
1531 261 1717 301 schisma·

277 314 360 362 tis,
388 311 482 351 vel'
469 325 603 364 ipsum
621 312 704 351 eius
722 311 945 351 schismatis
964 327 1118 353 causam
1149 319 1216 352 aut
1231 320 1478 366 praetextum
1494 319 1718 370 expatriar-

279 369 395 408 cham
414 366 643 418 Arsenium,
671 369 780 407 credi
801 371 959 421 poterit.
1019 375 1221 422 comparat
1242 371 1344 409 enim
1371 371 1489 410 tacite
1507 372 1718 413 historicus

276 426 356 465 duo
375 430 574 477 tempora,
604 425 744 476 quibus
762 425 927 464 similem
948 426 1219 478 impotentiam
1245 427 1445 466 saeviendi
1460 427 1655 467 Michael
1643 443 1719 468 un-

273 487 436 534 perator
453 481 691 532 ostenderit,
718 481 828 534 prius
849 482 1061 521 exorientis
1080 483 1151 522 sub
1169 483 1438 535 patriarchatu
1461 484 1616 536 Iosephi
1635 484 1720 525 Δι’-,-

274 537 455 577 senianae
481 537 686 588 factionis,
724 539 948 577 auctoribus
981 539 1151 578 maxime
1181 539 1410 591 monachis,
1449 540 1491 578 111
1510 554 1608 592 quos
1627 540 1716 580 ideo

275 594 454 646 impulsu
485 594 667 646 Iosephi,
703 593 815 632 iussu
839 595 1003 646 Augusti
1034 595 1223 646 Georgius
1250 596 1480 649 Acropolita
1499 596 1721 636 immaniter

274 657 473 702 grassatus
497 650 726 689 ulciscendo
748 651 820 700 sit,
859 655 1036 703 χαλεπῶς
1061 648 1328 717 αἰκιζόμενος,
1357 654 1530 705 δαίρων,
1557 668 1722 707 κρεμαν·

276 704 411 756 νύων,
441 708 655 759 μαστίζων,
686 707 794 745 omni
818 708 1057 747 cmdelitatis
1084 715 1124 748 et
1141 709 1375 759 ignominiae
1393 723 1534 760 genere
1556 710 1721 748 caedens

279 777 328 802 ac
355 762 617 802 dehonestans
646 763 889 802 venerabiles
919 765 1071 817 populo
1106 766 1348 816 professores
1374 765 1480 805 vitae
1508 765 1724 816 religiosae,

275 833 327 858 ex
363 819 504 858 celebri
531 820 759 872 praesertim
788 822 1047 870 monasterio,
1095 822 1357 873 Pantepoptae
1388 821 1518 871 dicto,
1558 835 1657 872 quos
1683 828 1724 860 et

274 882 484 929 postquam
506 877 608 915 male
626 877 887 915 mulctaverat
905 878 1104 916 exulatum
1120 878 1363 918 amandabat.
1419 883 1517 916 tunc
1536 890 1726 916 excoeca-

274 938 337 970 tos
362 932 483 971 fuisse
507 932 605 970 istos
631 933 906 982 antesignanos
931 934 1166 972 Arsenianae
1191 934 1336 986 partis,
1371 947 1467 984 quos
1485 935 1725 973 convincere

277 993 318 1027 et
335 989 387 1026 ad
405 988 659 1027 concordiam
676 990 866 1028 reducere
886 996 1050 1028 conatus
1071 991 1188 1041 longo
1208 996 1298 1042 post
1325 997 1501 1042 tempore
1519 989 1726 1029 Androni-

275 1057 348 1083 cus
377 1051 454 1094 est,
499 1051 620 1097 prout
647 1046 771 1085 refert
794 1050 927 1084 noster
946 1045 1027 1085 eius
1047 1046 1234 1085 historiae
1254 1061 1295 1097 p.
1315 1046 1399 1089 462
1417 1059 1454 1087 v.
1473 1045 1512 1093 5,
1542 1046 1723 1097 equidem

275 1100 533 1151 crediderim,
572 1115 663 1140 cum
692 1102 733 1140 id
760 1102 851 1140 alibi
879 1109 1082 1140 narratum
1102 1102 1148 1141 ab
1178 1116 1223 1141 eo
1243 1102 1463 1141 distinctius
1482 1115 1563 1140 non
1586 1102 1725 1152 legam.

273 1163 375 1210 puto
395 1163 524 1196 autem
544 1158 640 1196 istos
662 1158 732 1196 tali
751 1172 864 1196 causa
886 1164 924 1196 et
946 1165 1124 1211 tempore
1154 1159 1332 1210 privatos
1352 1157 1477 1196 oculis
1495 1157 1724 1208 monachos,

273 1214 358 1253 vol.
376 1214 397 1251 I
429 1227 471 1266 p.
499 1214 581 1257 489
602 1227 640 1253 v.
660 1217 726 1257 16.
755 1228 778 1251 a
810 1214 1051 1266 Pachymere
1079 1214 1295 1264 indicatos,
1339 1213 1525 1266 populari
1552 1213 1724 1263 nomine,

276 1282 358 1321 quo
387 1283 409 1307 a
439 1269 520 1308 suis
546 1269 772 1309 Arsenianis
787 1270 1045 1322 pertinaciter
1068 1270 1111 1308 in
1130 1271 1321 1309 sententia
1337 1269 1585 1308 haerentibus
1602 1270 1724 1320 vulgo

274 1326 594 1378 appellabantur,
631 1322 768 1367 κόκκοι
791 1327 980 1378 μοναχοὶ,
1026 1340 1116 1365 cum
1141 1327 1260 1366 laude
1297 1340 1345 1365 ac
1385 1326 1726 1365 commendatione

274 1387 478 1433 tamquam
498 1383 742 1421 confessores
758 1382 947 1421 celebrari
976 1383 1022 1422 ab
1046 1381 1108 1421 his
1134 1383 1294 1433 solitos,
1322 1382 1515 1422 vocabulo
1540 1382 1727 1422 videlicet

273 1439 417 1478 Latino
437 1441 552 1488 coeci,
582 1445 628 1477 ut
645 1439 719 1477 alia
737 1439 859 1477 multa
874 1452 945 1491 per
963 1439 1004 1477 id
1022 1446 1190 1492 tempus,
1220 1440 1391 1478 Graecae
1411 1438 1537 1492 plebis
1553 1451 1629 1477 usu
1645 1439 1729 1478 fre·

276 1501 464 1545 quentato
494 1501 534 1533 et
560 1508 747 1546 expresso
771 1495 932 1534 Graecis
961 1495 1105 1543 literis;
1142 1502 1189 1535 ut
1216 1497 1319 1535 sorte
1336 1495 1542 1546 legendum
1570 1494 1655 1534 illic
1671 1493 1726 1532 sit

274 1554 429 1599 καῖκοι,
461 1556 528 1588 aut
556 1550 668 1588 iuxta
696 1551 936 1617 scripturam
968 1551 1106 1590 multis
1134 1552 1362 1591 Latinorum
1382 1551 1566 1590 usitatam
1582 1554 1727 1601 κοῖκοι,

276 1606 385 1657 quod
407 1605 576 1657 propius
609 1620 631 1643 a
660 1603 797 1647 κόκκοι
827 1607 963 1649 aberit.
1022 1622 1180 1645 coecum
1204 1608 1309 1646 enim
1337 1620 1408 1659 per
1438 1605 1728 1658 diphthongum

275 1675 324 1700 oe
350 1676 372 1699 a
388 1661 534 1702 multis
558 1662 808 1709 Latinorum,
845 1663 1083 1702 vocabulum
1118 1666 1254 1719 τυφλῷ
1294 1663 1442 1701 Graeco
1470 1662 1728 1726 respondens,

275 1717 398 1756 scribi
430 1718 474 1756 in
500 1731 583 1756 non
611 1718 748 1771 paucis
775 1718 991 1770 hodieque,
1027 1725 1075 1757 ut
1103 1733 1184 1758 non
1201 1720 1330 1758 dicam
1358 1717 1581 1770 plerisque,
1609 1718 1729 1758 etiam

275 1774 439 1825 antiqua
458 1774 628 1812 exaratis
647 1788 788 1824 manu,
819 1776 993 1813 cernitur
1011 1775 1135 1814 libris.
1193 1789 1270 1827 qua
1289 1775 1494 1813 occasione
1515 1787 1598 1812 non
1615 1787 1730 1813 vere-

274 1830 350 1868 bor
378 1830 508 1869 dicere
534 1831 636 1869 forte
665 1831 780 1869 istam
814 1831 1139 1881 emendatiorem,
1173 1837 1314 1884 utpote
1334 1830 1729 1869 accommodatiorem

276 1887 328 1925 ad
350 1893 550 1938 etymum,
582 1887 838 1940 scriptionem
869 1901 962 1926 esse.
1019 1888 1139 1926 video
1166 1887 1480 1926 accuratissimos
1503 1887 1731 1938 grammati-

278 1956 347 1981 cos
374 1943 545 1981 multum
567 1957 608 1982 se
639 1949 901 1994 contorquere
919 1943 962 1982 in
981 1943 1237 1996 disquirenda
1269 1943 1419 1994 origine
1445 1943 1556 1982 vocis
1578 1956 1730 1982 coecus.

278 1998 476 2047 Isidorus,
513 2001 719 2047 Perottus,
756 1999 1026 2050 Decembrius,
1065 2000 1180 2040 relati
1208 2015 1230 2038 a
1247 1999 1387 2039 Vossio
1406 2000 1450 2038 in
1468 2013 1540 2038 suo
1561 2012 1730 2037 accura-

278 2054 429 2092 tissimo
458 2056 756 2108 Etymologico,
796 2070 958 2094 caecum
987 2069 1059 2109 per
1089 2070 1134 2096 ae
1164 2057 1377 2096 scribentes
1405 2070 1428 2094 a
1456 2053 1626 2094 carendo
1657 2061 1730 2092 aut

281 2110 473 2161 capiendo
494 2112 645 2150 dictum
673 2118 908 2162 autumant,
938 2113 1047 2164 quod
1069 2113 1255 2152 nimirum
1273 2119 1409 2151 careat
1429 2118 1496 2150 aut
1510 2118 1657 2163 captus·
1672 2111 1729 2148 eit

281 2166 422 2215 oculis,
451 2168 558 2218 quod
577 2174 624 2206 ut
641 2168 758 2220 longe
776 2144 970 2221 petiuim‚
998 2170 1131 2208 nullus
1148 2183 1231 2208 non
1245 2168 1496 2207 emunctioris
1519 2167 1641 2220 paulo
1659 2179 1730 2204 na-

278 2222 333 2260 iis
354 2223 593 2262 transmittat
610 2225 748 2263 lector.
805 2225 1011 2264 Maltinius
1022 2232 1238 2289 postquam
1259 2239 1283 2262 a
1303 2225 1451 2263 Graeco
1470 2223 1599 2264 καίειν
1615 2236 1729 2259 urere

280 2290 442 2316 caecum
463 2278 591 2317 videri
612 2281 823 2319 folmatum
842 2281 1072 2333 proposuit,
1095 2282 1198 2320 sicut
1214 2279 1368 2332 τυφλόν
1385 2293 1407 2317 a
1424 2275 1540 2329 τύφω
1555 2276 1727 2316 accendo

281 2334 552 2383 (neutiquam'
540 2348 582 2372 m
602 2335 709 2374 hoc
698 2337 775 2387 ipsi
796 2339 1029 2376 assentiente
1056 2338 1206 2376 Graeco
1227 2330 1556 2388 Etymologista),
1586 2333 1730 2372 deinde

278 2388 395 2438 longe
412 2389 646 2440 prudentius
662 2393 807 2430 fatetur
827 2394 935 2430 caeci
961 2393 1257 2444 originationem
1273 2393 1390 2444 plane
1411 2397 1567 2428 caecam
1595 2395 1635 2427 et
1654 2403 1730 2427 oc-

282 2445 432 2483 cultam
451 2457 548 2483 esse.
604 2447 701 2497 quid
722 2448 755 2485 si
783 2455 912 2486 autem
945 2462 1103 2487 coecum
1130 2462 1201 2501 per
1232 2461 1278 2485 oe
1307 2446 1542 2493 scribamus,
1577 2451 1618 2484 et
1643 2445 1729 2484 eius

283 2500 340 2538 sic
367 2499 506 2552 sc1ipti
531 2502 714 2539 vocabuli
736 2503 1003 2553 veriloquium
1022 2517 1263 2542 accersamus
1281 2516 1303 2539 a
1322 2504 1472 2540 Graeco
1490 2503 1570 2541 κοῶ
1583 2532 1595 2551 ,
1624 2501 1731 2564 quo-d

283 2562 345 2596 est
360 2558 471 2608 νοαῒ,
499 2562 546 2595 111
565 2556 618 2595 sit
635 2554 771 2605 κοϊκός
791 2559 894 2597 idem
923 2560 1031 2610 quod
1061 2556 1212 2607 νοϊκός,
1243 2558 1312 2608 qui
1335 2557 1418 2595 acie
1437 2557 1567 2595 solum
1583 2557 1729 2596 mentis

284 2612 441 2662 videat,
477 2612 626 2652 intuitu
659 2613 864 2651 oculorum
894 2613 1062 2654 carens?
1099 2628 1191 2653 sane
1216 2612 1444 2652 Eustathius
1469 2615 1731 2665 παρεκβολαῖς

286 2668 343 2716 εἷς
358 2667 482 2710 Ἰλιαδ
506 2671 529 2718 ζ
544 2682 583 2720 p.
603 2671 686 2712 736
707 2669 767 2710 ed.
787 2670 899 2707 Rom.
920 2683 1062 2709 vocem
1094 2670 1283 2710 comicam
1300 2665 1492 2720 κοάλεμος
1515 2682 1730 2737 exponenS,

285 2722 412 2777 ἤγουν
435 2724 598 2792 (inquit)
617 2724 662 2766 ἐν
681 2729 737 2780 τῷ
750 2729 873 2773 nostae,
902 2723 994 2790 ᾔτοι
1015 2729 1122 2767 νοεῖν
1137 2721 1353 2777 ἀλώμενος.
1383 2737 1474 2775 ergo
1494 2729 1604 2766 κοεῖν
1620 2729 1731 2765 νοεῖν

286 2787 367 2832 est·
395 2789 440 2821 ut
458 2778 600 2824 κοϊκόν
619 2795 776 2821 coecum
794 2781 912 2835 primi
927 2782 1057 2824 Latini
1078 2781 1249 2836 profecti
1269 2794 1290 2821 e
1310 2781 1473 2822 Graecia
1492 2777 1583 2823 κατ’
1605 2777 1730 2833 εὔφη·
