1820 3112
183 168 279 216 242
597 165 833 212 GEORGII
878 164 1231 210 PACHYMERIS

185 280 459 340 προηγμένος,
498 281 563 322 καὶ
586 276 769 335 μάλιστα
794 277 862 321 διὰ
893 278 968 333 τὴν
999 281 1074 322 τοῦ
1105 283 1478 336 καταφρονηθῆναι
1510 276 1651 334 δόξαν,
1693 289 1696 292 ’

185 350 358 406 ἔπισχών
390 348 487 400 τοὺς
515 350 557 393 ἐν
584 353 637 404 τῇ
663 344 778 390 πόλει
814 345 1051 398 Βενετικοῦς
1076 347 1230 398 ἱκανοῖς
1256 346 1443 405 χρήμασι
1461 348 1580 407 μέχρι
1601 349 1652 404 δὴ

186 422 252 463 καὶ
283 420 339 470 εἷς
365 415 553 474 χιλιάδας
581 413 834 472 ὀγδοήκοντα
863 414 1073 473 ἐνεχύραζε
1107 420 1191 460 τῶν
1223 421 1568 474 πυρποληθεισῶν
1589 419 1651 462 οῗ-

184 492 280 532 >susm
313 484 457 543 χάριν,
505 481 601 526 ὅσαι
631 502 676 527 τε
701 486 869 528 Ἰταλῶν
900 485 1004 528 κατὰ
1036 484 1112 541 τὴν
1139 486 1311 542 περαίαν
1341 481 1449 542 ἦσαν
1472 487 1540 530 καὶ
1557 484 1652 531 ὅσαι

127 569 157 602 c
179 556 410 612 Ῥωμαιων·
449 553 515 595 καὶ
545 552 623 610 γὰρ
653 555 720 596 καὶ
748 553 823 603 τὰς
850 558 933 597 τῶν
964 553 1133 598 Ἰταλῶν
1161 553 1292 611 χρεὼν
1320 549 1372 610 ἦν
1403 552 1685 612 δεφενδεῦεινό

185 626 252 668 διὰ
273 621 325 664 τὰ
345 621 585 677 συγκείμενα
602 625 770 675 βασιλεῖ
783 639 825 666 τε
845 624 911 665 καὶ
931 624 1061 680 σφίσι.
1120 624 1288 667 δοκοῦσι
1309 622 1357 667 δέ
1369 641 1442 678 μοι
1461 625 1529 667 καὶ
1551 627 1593 666 Γ
1589 641 1654 667 εν-

182 683 341 735 νουῗται
361 695 434 746 τῆς
462 689 592 744 αὐτῆς
614 690 735 749 χάριν
758 692 894 742 αῗτίας
917 693 958 742 ἒς
975 690 1146 748 ὕστερον
1164 696 1247 736 τῶν
1266 693 1308 736 ἓν
1327 697 1380 752 τῇ
1403 689 1517 737 πόλει
1533 709 1654 737 κατε-

130 773 162 808 D
186 763 401 818 παρθῆναι
422 761 656 803 Βενετικῶν.
725 759 830 818 (20)
858 765 932 804 τοῦ
953 761 1031 818 γὰρ
1050 760 1179 804 αὐτοῦ
1199 760 1337 816 ξ’τους,
1371 760 1502 818 μηνὸς
1528 765 1655 820 Σκιρ-

183 833 435 887 ροφοριῶνος
458 825 678 884 λήγοντος,
715 828 759 872 ἴκ
787 845 897 879 τινος
927 831 1080 880 εἶκαιάς
1103 831 1238 880 αἰτίας
1267 827 1655 889 παρακροτήσαντες

183 895 355 947 ἑαυτούς
364 930 378 951 ,
416 897 484 939 καὶ
514 896 642 940 αὐτοῦ
673 902 748 941 τοῦ
779 897 903 955 ῥηγὸς
916 898 1131 954 Ἀρμενίας
1159 896 1355 954 τυχόντος
1371 901 1414 944 ἐν
1434 896 1572 954 πόλει,
1609 897 1710 950 ὃς10

184 967 234 1022 δὴ
260 967 326 1010 καὶ
346 965 453 1009 κατὰ
477 968 671 1023 φρερίους
687 966 871 1016 Ἰταλοὺς
894 968 1028 1023 διῆγε,
1064 967 1116 1010 τὰ
1135 971 1304 1010 πλεῖστα
1321 972 1419 1024 γοῦν
1436 969 1504 1011 καὶ
1523 966 1654 1012 αὐτοῦ

186 1039 479 1085 δυσωποῦντος
505 1036 573 1077 καὶ
604 1031 888 1091 μεσιτεύοντος
911 1068 924 1088 ,
972 1040 1153 1080 πλεῖστοι
1192 1035 1340 1092 ὀλίγοις
1383 1037 1452 1080 καὶ
1490 1033 1656 1093 ἡμέροις

185 1105 316 1163 ἄγριοι
346 1102 602 1159 ἐπιθέμενοι,
651 1102 1000 1155 δυναστεύσαντες
1037 1105 1106 1147 καὶ
1148 1103 1280 1159 αὐτὴν
1329 1104 1404 1160 τὴν
1439 1103 1655 1160 βασιλικὴν

134 1188 167 1223 Ε
184 1173 401 1226 ἐξουσίαν,
440 1175 623 1228 τολμῶσι
641 1173 695 1216 τὰ
715 1170 975 1217 ἀνοσιώτατα
998 1170 1214 1230 πράττειν,
1251 1177 1378 1234 θυμῷ
1410 1190 1454 1217 τε
1472 1189 1655 1230 συστρα-

184 1240 310 1300 τιώτῃ
339 1238 594 1298 χρησάμενοι
623 1243 690 1285 καὶ
723 1242 823 1299 ὀργῇ
853 1242 896 1285 ἐκ
926 1239 1092 1298 μνήμης
1119 1246 1202 1285 τῶν
1226 1243 1332 1297 χθὲς
1361 1238 1655 1297 συμπεσόντων
1667 1248 1710 1283 15

183 1309 358 1361 σπάθας
375 1328 417 1354 τε
438 1315 635 1366 γυμνοῦσι
648 1344 661 1365 ,
700 1313 766 1354 καὶ
785 1315 897 1354 συῶν
914 1308 1055 1370 τρόπῳ
1082 1308 1257 1361 ὀδόντας
1278 1308 1482 1367 θήξαντες
1499 1310 1655 1368 ἄνδρας

182 1379 525 1436 ὗποκλινομὲνους
540 1381 655 1437 σφίσι
678 1382 745 1424 καὶ
769 1384 951 1439 λιπαρῶς
972 1382 1015 1431 ἐξ
1032 1377 1210 1436 ἀνάγκης
1229 1380 1446 1435 δεομένους
1465 1380 1655 1436 μεγίστης

185 1450 365 1505 ἀνηλεῶς
394 1448 636 1505 αὐθημερὸν
671 1450 920 1502 κτείνουσιν,
968 1448 1083 1499 ἐντὸς
1120 1450 1257 1492 οἰκιῶν
1296 1446 1657 1506 κατασφάττοντες

43 1535 69 1567 p
98 1532 160 1569 155
186 1519 338 1575 ἱερείων
357 1515 485 1577 νόμῳ.
555 1517 637 1560 ἀπὸ
654 1518 733 1575 γὰρ
749 1522 823 1561 τοῦ
852 1521 970 1575 σφῶν
991 1515 1226 1572 μπαϊοῦλου
1246 1515 1464 1574 ἀρξάμενοι
1473 1550 1487 1571 ,
1523 1515 1572 1560 ὃν
1590 1517 1656 1573 ἔγ-

186 1584 460 1641 κεκλεισμὲνον
491 1585 574 1628 ἀπὸ
594 1585 735 1642 τέγους
760 1585 1044 1641 χαλασθέντες
1065 1591 1361 1643 κρεανομοῦσι,
1391 1592 1474 1635 τοῖς
1500 1590 1712 1636 λοιποΐςΞΟ

187 1731 311 1767 stiliter
331 1728 482 1765 invasam
503 1730 601 1765 tanto
623 1730 678 1766 sui
701 1734 896 1776 contemptu
920 1734 956 1765 et
979 1730 1125 1766 deletam
1147 1730 1304 1766 incendio
1328 1731 1510 1773 Galatam,
1543 1731 1657 1766 Vene-

188 1778 232 1813 tis
254 1776 427 1823 inquilinis
449 1776 564 1818 urbis,
589 1787 694 1822 quos,
725 1781 764 1811 ut
787 1783 843 1811 est
867 1783 948 1812 ante
970 1778 1116 1820 dictum,
1147 1777 1384 1822 comprehendi
1405 1777 1474 1812 iam
1496 1777 1657 1817 iusserat,

188 1824 327 1859 multam
360 1822 482 1857 indixit
511 1822 743 1868 pecuniariam
778 1835 926 1858 summae
960 1823 1136 1868 octoginta
1158 1824 1296 1858 millium
1319 1831 1527 1858 nummorum
1549 1822 1657 1857 confi-

187 1869 339 1905 ciendam
362 1880 407 1903 ex
429 1868 648 1914 oppignerari
669 1869 784 1904 statim
808 1869 910 1904 iussis
931 1869 1077 1904 omnium
1098 1869 1250 1915 ipsorum
1271 1869 1390 1911 bonis,
1420 1880 1490 1915 qua
1510 1867 1660 1904 resarci-

187 1920 283 1951 retur
305 1915 464 1949 damnum
485 1917 735 1950 combustarum
762 1915 832 1950 illic
863 1916 1041 1958 domuum,
1074 1916 1129 1950 vel
1151 1916 1195 1950 ad
1215 1915 1323 1950 Italos
1344 1915 1399 1951 vel
1421 1915 1466 1950 ad
1487 1915 1659 1949 Romanos

188 1961 448 2008 pertinentium:
481 1972 559 1996 nam
589 1967 626 1996 et
653 1962 817 1996 Italorum
840 1961 956 1997 domos
979 1962 1076 1996 iuxta
1099 1967 1204 2007 pacta
1225 1973 1300 1996 cum
1322 1961 1365 1996 iis
1388 1972 1410 1996 a
1430 1973 1470 1996 se
1490 1960 1576 1996 inita
1597 1959 1660 1995 de-

189 2008 330 2043 fendere
352 2019 390 2042 se
413 2007 539 2042 debere
560 2007 737 2043 iudicavit.
783 2008 918 2042 videtur
932 2019 1068 2054 quoqne
1090 2007 1171 2042 mihi
1194 2019 1299 2042 causa
1321 2006 1454 2049 eadem,
1475 2006 1585 2048 dolor,
1602 2005 1660 2040 ‘in-

189 2065 311 2099 quam,
341 2058 377 2088 et
399 2053 587 2098 indignatio
610 2054 739 2089 animos
763 2065 916 2099 pungens
938 2054 1175 2089 recordatione
1196 2053 1479 2093 inflammatamm
1501 2064 1525 2088 n.
1546 2052 1660 2087 Vene-

190 2099 238 2133 tis
259 2099 402 2141 aedium,
426 2101 616 2135 concitasse
637 2100 848 2146 postmodum
871 2101 1072 2135 Gennenses
1095 2100 1138 2135 ad
1161 2100 1400 2146 insurgendum
1423 2099 1458 2133 in
1479 2109 1540 2134 eos
1563 2097 1660 2144 ipso-

192 2156 265 2179 rum
294 2145 354 2190 qui
385 2148 465 2180 tunc
498 2151 597 2181 erant
625 2147 662 2181 in
690 2148 796 2189 urbe,
828 2151 864 2181 et
894 2147 1030 2181 eosdem
1061 2158 1167 2181 saeva
1195 2146 1388 2181 incursione
1407 2143 1657 2191 opprimendos.

193 2191 271 2235 (20)
298 2191 413 2225 eodem
436 2191 563 2238 quippe
587 2205 695 2236 anno,
729 2204 842 2228 mense
865 2192 1045 2228 Decembri
1067 2194 1266 2236 desinente,
1301 2192 1378 2226 rixa
1398 2202 1442 2237 ex
1465 2188 1600 2233 vulgari
1622 2194 1659 2223 et

193 2236 288 2270 nihili
309 2237 554 2274 offensiuncula
576 2239 830 2282 exardescente,
845 2239 1006 2274 concitati
1024 2238 1108 2273 adeo
1132 2242 1314 2284 mutuoque
1334 2238 1474 2271 hortatu
1495 2235 1540 2269 ad
1561 2245 1660 2273 arma

194 2283 402 2317 consternati
425 2285 626 2319 Genuenses
647 2292 747 2327 sunt,
779 2291 818 2320 ut
840 2285 1057 2331 quantumvis
1087 2284 1315 2319 intercederet
1336 2291 1522 2328 pacemque
1543 2281 1660 2315 conci-

195 2328 279 2363 liare
308 2340 370 2373 pro
394 2329 485 2363 virili
507 2335 645 2366 curaret
674 2336 756 2365 tunc
779 2332 869 2366 forte
899 2332 936 2366 in
958 2332 1044 2365 urbe
1065 2341 1228 2376 praesens
1249 2340 1311 2364 rex
1331 2325 1532 2370 Armeniae,
1559 2326 1658 2373 'apud

196 2378 360 2420 utrosque
391 2387 563 2411 sacrorum
596 2377 825 2412 communione
851 2377 1042 2422 gratiosus,
1074 2377 1201 2421 quippe
1229 2386 1304 2410 cum
1337 2372 1465 2407 Freriis
1486 2371 1586 2407 Italis
1607 2372 1658 2408 vi-

196 2430 300 2462 Vfflss,
325 2440 367 2446 ·-
389 2421 455 2456 isto
468 2447 478 2465 ‚
502 2422 637 2469 inquam
650 2449 660 2464 ‚
685 2423 730 2458 ad
752 2423 813 2457 hos
837 2435 859 2457 a
882 2425 916 2459 vi
939 2422 1181 2457 dissuadendos
1203 2419 1428 2466 nequidquam
1449 2418 1560 2453 omnia
1580 2421 1659 2453 ten-

197 2469 313 2509 tante,
335 2466 371 2500 in
393 2478 519 2512 paucos
538 2469 694 2514 plurimi,
723 2468 759 2503 in
782 2468 880 2503 mites
911 2474 948 2503 et
968 2467 1131 2502 obnoxios
1151 2467 1216 2501 seri
1235 2465 1398 2511 saevique
1419 2464 1581 2510 impetum
1602 2464 1659 2499 fa·-

199 2511 350 2557 cientes‚
372 2511 456 2557 ipsis
477 2514 579 2549 etiam
601 2516 738 2550 obstare
759 2514 914 2549 nascenti
934 2512 1090 2548 tumultui
1111 2512 1240 2547 conatis
1260 2510 1476 2557 imperatoris
1496 2509 1660 2544 ministris

198 2561 235 2592 et
257 2558 524 2602 magistratibus,
545 2561 668 2596 cedere
688 2560 881 2606 compulsis,
900 2559 935 2593 in
959 2570 1043 2594 ausa
1064 2558 1196 2593 nefaria
1218 2561 1458 2604 proruperunt,
1482 2554 1660 2591 auxiliari·-

197 2604 262 2638 bus
284 2604 338 2638 usi
360 2604 433 2638 zelo
456 2617 497 2639 ac
518 2607 656 2651 furore,
679 2617 766 2653 quos
786 2615 965 2640 recurrens
987 2605 1147 2639 memoria
1167 2615 1276 2649 nuper
1297 2607 1450 2638 actorum
1470 2601 1658 2637 inflamma-

199 2654 267 2685 ret.
308 2649 442 2684 strictis
475 2662 556 2696 ergo
585 2657 722 2687 ruentes
744 2652 907 2694 ensibus,
939 2653 976 2684 et
1002 2661 1161 2695 aprorum
1181 2650 1293 2684 instar
1313 2649 1432 2684 dentes
1454 2647 1499 2683 ad
1521 2647 1661 2683 caedem

199 2695 389 2730 acuentium
413 2697 627 2739 frendentes,
660 2699 799 2733 miseros
819 2697 904 2743 ipsis
935 2708 974 2732 se
1001 2695 1203 2731 inclinantes
1223 2699 1261 2730 et
1282 2695 1319 2730 in
1339 2697 1491 2730 extrema
1511 2692 1661 2729 necessi-

199 2745 273 2775 tate
293 2741 476 2776 humillime
497 2744 666 2788 supplices
687 2744 870 2778 crudeliter
889 2743 966 2789 ipsa
986 2741 1043 2776 die
1062 2742 1224 2787 plurimos
1243 2742 1460 2783 obtruncant,
1483 2739 1576 2775 intra.
1597 2738 1661 2774 do-

198 2797 271 2820 mos
291 2786 442 2832 ipsorum
458 2787 531 2823 ritu
552 2789 762 2824 victimarum
783 2789 986 2835 iugulantes.
1013 2787 1112 2823 initio
1132 2787 1220 2823 enim
1239 2788 1332 2823 facto
1355 2797 1377 2821 a
1397 2786 1510 2822 baiulo
1532 2795 1662 2826 eorum,

197 2842 297 2879 quem
322 2844 342 2867 e
364 2835 456 2869 tecto
477 2834 542 2869 sub
564 2846 631 2881 quo
662 2837 798 2871 clausus
818 2835 1002 2872 tenebatur
1022 2833 1291 2881 praecipitantes
1311 2832 1522 2869 membratim
1545 2829 1661 2867 conci-
