1858 3126
645 128 750 174 un.
774 127 830 173 Π.
896 128 1098 186 NOTAE.
1495 127 1595 175 ⁴73⁷

266 239 373 280 Haec
401 252 499 292 quae
524 251 651 292 pauca
674 238 723 278 de
743 238 878 279 multis
898 237 1119 292 speciminis
1140 235 1207 276 hic
1229 236 1352 290 gratia
1372 238 1590 291 posuimus.

157 296 253 348 quin
277 302 316 336 et
335 296 376 334 in
393 295 566 335 eamdem
586 295 817 334 sententiam
834 308 916 333 non
937 294 1065 333 minus
1082 294 1224 333 diserta
1241 294 1378 347 plura,
1406 295 1488 335 sine
1512 296 1590 336 du-

154 351 220 392 bio
238 358 448 405 potuerant
468 364 517 390 ex
538 351 716 403 patribus
733 351 898 402 allegare
915 350 1011 388 socii
1032 350 1160 399 Vecci,
1190 350 1338 402 quippe
1358 351 1499 402 quibus
1520 352 1591 391 diu

154 421 244 447 cum
272 407 407 458 *Vecco
426 407 468 445 in
486 406 703 457 theologiae
730 406 899 459 Spiritus
926 405 1059 444 Sancti
1086 406 1400 457 perscrutatione
1422 409 1640 455 versatis?
1664 412 1731 447 526

151 463 283 514 ignota
302 463 343 501 in
360 463 436 500 hoc
453 475 592 513 genere
614 475 693 500 esse
711 475 791 500 non
813 467 993 514 poterant
1013 474 1112 512 quae
1127 462 1236 500 suere
1254 461 1330 514 ipsi
1353 461 1478 501 Vecco
1501 477 1596 516 per-

150 518 390 571 spectissima
406 546 418 567 ,
447 523 492 556 ut
519 518 752 568 intelligitur
771 531 820 556 ex
841 517 959 556 huius
984 516 1158 568 scriptis,
1188 530 1286 568 quae
1305 518 1450 569 partim
1467 519 1591 558 edidit

152 574 213 613 lll.
238 573 432 622 Allatius,
463 573 604 624 partim
636 573 730 624 legit
755 572 796 611 in
822 586 941 612 manu
967 572 1138 611 exaratis
1165 572 1368 611 codicibus
1398 580 1437 612 et
1463 588 1513 614 ex
1540 575 1591 613 iis

150 629 322 682 plurima
350 629 558 681 descripsit
585 629 763 667 Petavius
790 635 923 667 noster
949 628 991 666 in
1015 628 1143 680 Opere
1163 627 1488 680 Theologicorum
1510 625 1597 670 Do?

151 691 336 736 gmatum.
392 685 460 723 sed
490 684 672 722 consulto
697 683 739 722 id
768 684 1003 734 omiserunt,
1035 683 1142 735 quod
1167 697 1277 723 nunc
1308 698 1390 723 non
1420 692 1503 724 erat
1528 686 1592 725 his

149 741 277 781 locus.
333 740 516 791 agebatur
543 740 709 792 quippe,
739 745 782 778 ut
809 740 913 788 dixi,
942 752 1131 778 verumne
1155 745 1255 778 esset
1282 740 1431 779 crimen
1451 741 1592 780 haere-

150 810 236 837 seos
265 795 478 848 impactum
505 795 630 834 Vecco
659 801 698 833 et
718 795 856 833 sociis:
887 809 967 833 non
994 801 1123 834 autem
1146 795 1193 833 de
1214 795 1394 846 dogmate
1416 795 1594 848 inquire-

149 852 277 891 batur.
333 858 372 890 et
396 852 635 889 calumnioso
654 851 822 890 artificio
846 850 963 889 Vecci
981 850 1194 889 adversarii
1216 851 1375 891 eludere
1394 853 1591 891 conaban-

149 914 219 946 tur
236 907 317 946 vim
336 907 571 945 defensionis
592 906 675 944 eius
689 907 808 957 ,-alio
831 906 1074 945 traducenda
1093 907 1332 958 quaestione.

158 1001 162 1004 ,
262 976 304 1015 p.
324 963 377 1004 95
398 976 439 1002 v.
464 965 534 1004 21.
591 976 669 999 non
697 963 895 1014 confiteris
921 964 1119 1014 Spiritum
1142 963 1333 1001 Sanctum
1356 964 1593 1001 continuum

143 1019 263 1070 patri
288 1023 360 1056 etc.
416 1017 494 1056 hoc
521 1017 652 1070 ipsum
681 1018 894 1056 absurdum
919 1018 1067 1056 Latinis
1093 1018 1278 1070 impingit
1305 1032 1394 1058 acer
1420 1019 1593 1058 Graeco-

149 1087 239 1118 rum
261 1072 462 1112 haereseos
487 1072 669 1112 defensor
696 1074 907 1124 Gregorius
937 1073 1129 1122 Palamas,
1160 1074 1400 1112 contendens
1419 1074 1553 1114 doceri
1571 1089 1594 1113 a

147 1129 354 1182 patribus,
384 1128 581 1197 Spiritum
607 1131 795 1167 Sanctum
828 1129 1012 1167 continue
1045 1142 1091 1167 ac
1117 1129 1217 1168 citra
1246 1129 1419 1168 medium
1438 1143 1460 1168 a
1480 1137 1594 1182 patre

148 1183 378 1253 procedere.
435 1183 502 1224 καὶ
525 1182 618 1236 μήν,
647 1184 790 1235 inquit,
819 1184 963 1237 ἐρρέθη
987 1184 1056 1225 καὶ
1078 1182 1122 1225 vd
1140 1189 1257 1225 θεῖον
1275 1187 1435 1237 πνεῦμα
1454 1185 1498 1226 ἐκ
1514 1202 1595 1227 πα-

148 1237 240 1289 τρός
261 1235 428 1292 ἆμὲσως.
483 1240 649 1291 vultque
667 1240 708 1278 id
731 1241 879 1278 adstrui
900 1240 1078 1279 versibus
1096 1240 1332 1291 quibusdam
1355 1241 1393 1278 S.
1414 1241 1594 1292 Gregorii

147 1295 340 1344 theologi,
371 1296 508 1347 quibus
527 1295 632 1333 filius
651 1301 690 1333 et
712 1297 750 1333 S.
769 1296 939 1348 Spiritus
958 1296 1105 1348 pariter
1122 1295 1307 1334 dicuntur
1326 1298 1430 1336 θεοῦ
1444 1295 1595 1350 aaronis·

147 1349 196 1390 τοὶ
230 1347 392 1404 δεύτερα
422 1350 522 1402 ἔχειν
550 1350 746 1388 secundas
764 1366 791 1388 a
812 1350 881 1388 deo
894 1359 1014 1403 patre
1031 1351 1182 1390 habere.
1239 1351 1308 1390 sed
1329 1352 1476 1391 frustra
1499 1359 1595 1390 sunt

146 1406 191 1444 hi
219 1406 470 1445 schismatici.
525 1419 616 1444 nam
635 1407 745 1445 iuxta
766 1413 922 1459 patrum
942 1413 1020 1445 tam
1040 1407 1278 1446 Graecorum
1297 1421 1414 1458 quam
1430 1408 1595 1446 Latino-

146 1475 237 1501 rum
267 1461 531 1502 orthodoxam
564 1462 783 1500 doctrinam
811 1469 1022 1513 utrumque
1046 1475 1184 1501 verum
1209 1469 1288 1512 est,
1318 1468 1358 1501 et
1379 1463 1594 1514 procedere

146 1513 303 1587 ἆμέσως
339 1519 444 1555 citra
480 1516 655 1555 medium
688 1532 710 1555 a
741 1524 853 1570 patre
884 1520 1069 1556 Sanctum
1099 1492 1308 1570 Spirituni,
1346 1524 1385 1556 et
1414 1519 1593 1557 eumdem

145 1569 203 1614 δι’
218 1570 307 1615 υἱόν
326 1587 400 1624 per
414 1573 556 1625 filium
580 1587 602 1610 a
630 1579 742 1625 patre
767 1573 949 1626 produci.
1007 1578 1097 1624 apte
1117 1573 1304 1611 conciliat
1322 1573 1454 1612 haec
1442 1587 1486 1612 ln
1504 1587 1592 1626 spe-

146 1628 246 1667 ciem
279 1629 475 1667 contraria
505 1629 696 1667 Ricardus
716 1629 944 1668 Victorinus
967 1629 994 1667 l.
1015 1630 1042 1671 5
1067 1629 1114 1667 de
1134 1629 1326 1667 Trinitate
1349 1642 1384 1668 c.
1404 1632 1453 1678 6,
1483 1629 1592 1667 simi-

143 1683 316 1722 litudine
342 1697 391 1722 ex
415 1683 597 1723 humanis
628 1685 945 1736 generationibus
974 1684 1167 1722 adducta.
1198 1682 1383 1736 procedit
1418 1698 1592 1736 namque

144 1736 257 1792 (ait)
279 1754 455 1791 persona
475 1738 522 1777 de
532 1754 705 1791 persona
725 1740 967 1793 quandoque
985 1739 1142 1791 quidem
1161 1738 1438 1777 tantummodo
1457 1741 1591 1777 imme.

145 1793 275 1842 diate,
306 1794 548 1846 quandoque
572 1795 846 1834 tantummodo
873 1796 1064 1845 mediate,
1095 1794 1332 1847 quandoque
1356 1801 1487 1832 autem
1513 1809 1594 1832 me·

146 1848 257 1886 diate
282 1851 411 1886 simul
435 1857 471 1886 et
500 1850 737 1890 immediate.
794 1853 1015 1903 exemplum
1044 1850 1184 1888 deinde
1213 1849 1472 1901 processionis
1501 1856 1592 1887 tan-

143 1903 348 1942 tummodo
367 1905 610 1942 immediatae
633 1907 745 1954 ponit
763 1906 804 1943 in
823 1907 952 1944 isaaco
975 1911 1157 1957 respectu
1176 1904 1370 1950 Abraami,
1394 1905 1589 1955 siquidem

143 1959 321 1998 Isaacum
346 1958 567 1996 immediate
590 1960 806 1998 Abraamus
834 1962 990 2010 genuit3
1020 1960 1282 2011 processionis
1298 1973 1392 1998 vero
1412 1966 1590 1999 tantum-

144 2014 265 2052 modo
293 2008 485 2052 mediatae
513 2014 555 2051 in
582 2014 721 2053 Iacobo
747 2022 931 2066 respectu
960 2015 1163 2052 Abraami:
1201 2028 1293 2052 nam
1323 2015 1486 2054 Iacobus
1513 2030 1590 2069 pa-

144 2068 406 2108 triarcharum
435 2068 641 2107 duodecim
670 2076 802 2121 pater,
844 2070 1009 2108 mediate
1042 2076 1197 2108 tantum
1225 2069 1273 2107 ab
1306 2070 1497 2110 Abraamo
1530 2078 1590 2110 est

144 2125 323 2175 genitus,
351 2129 542 2175 quatenus
571 2123 698 2162 filium
732 2125 910 2163 Abraami
939 2125 1116 2163 Isaacum
1138 2131 1289 2177 patrem
1315 2125 1471 2175 habuit,
1500 2127 1588 2177 ipse

143 2179 327 2219 abraami
353 2193 489 2231 nepoS.
545 2178 622 2217 hoc
650 2179 834 2218 secundo·
856 2179 975 2218 modo
1006 2193 1098 2219 vere
1130 2187 1292 2230 negatur
1314 2195 1335 2219 a
1360 2181 1588 2221 doctoribus

144 2234 346 2273 catholicis
380 2236 420 2274 S.
445 2234 632 2286 Spiritum
660 2234 831 2273 mediate
861 2249 882 2273 a
911 2241 1022 2286 patre
1050 2236 1273 2287 procedere.
1330 2236 1398 2275 sed
1426 2243 1487 2276 est
1512 2239 1590 2276 alia

142 2291 340 2343 processio
366 2290 591 2328 immediata
619 2291 737 2328 simul
768 2297 806 2328 et
836 2291 1026 2340 mediata,
1067 2291 1177 2330 cuius
1207 2293 1372 2330 formam
1398 2293 1589 2332 Ricardus

144 2346 283 2384 statuit
300 2346 344 2383 in
361 2346 608 2396 generatione
626 2345 736 2384 Sethi
757 2359 806 2384 ex
825 2346 975 2384 Adamo
997 2351 1034 2383 et
1051 2345 1144 2387 Eva.
1187 2360 1277 2385 nam
1301 2348 1485 2399 quoniam
1506 2349 1589 2387 Eva

143 2414 194 2439 ex
222 2401 373 2439 adamo
398 2408 659 2452 processerat,
687 2402 824 2451 utique
844 2415 892 2439 ex
911 2402 994 2439 eius
1010 2407 1119 2439 costa
1143 2402 1331 2452 formata,
1359 2403 1469 2442 Sethi
1489 2418 1589 2456 pro-

145 2456 280 2494 ductio
297 2469 369 2508 per
390 2457 514 2495 Evam
532 2457 633 2494 sacta
656 2457 823 2494 mediata
850 2463 1007 2495 eatenus
1025 2463 1207 2508 respectu
1228 2457 1366 2496 Adami
1388 2459 1487 2498 fuit:
1515 2472 1588 2497 ve-

143 2524 231 2548 rum
252 2511 343 2562 quia
362 2512 468 2550 idem
486 2511 743 2550 nihilominus
762 2511 935 2550 Adamus
955 2525 1024 2563 per
1042 2524 1082 2549 se
1103 2511 1153 2549 ad
1171 2512 1279 2551 illam
1296 2514 1587 2564 generationem

145 2567 365 2614 concurrit,
393 2567 616 2605 immediata
637 2568 768 2606 eadem
792 2568 940 2606 Adamo
960 2566 1103 2605 extitit.
1157 2569 1278 2607 verba
1301 2569 1460 2607 Ricardi
1489 2568 1588 2606 haec

144 2626 256 2658 sunt:
284 2635 379 2659 nam
398 2623 491 2659 Seth
503 2621 660 2674 quidem
672 2625 868 2674 processit
888 2622 935 2660 de
954 2622 1183 2660 substantia
1199 2622 1318 2662 Adae
1345 2622 1586 2669 immediate,

145 2677 286 2725 utique
315 2679 360 2714 in
391 2685 588 2728 quantum
614 2680 702 2725 fuit
738 2677 785 2716 de
809 2680 976 2730 proprio
1005 2680 1172 2726 semine3
1210 2678 1381 2717 mediate
1419 2691 1509 2716 vero
1543 2681 1589 2716 in

143 2737 339 2780 quantum
360 2733 451 2780 fuit
482 2731 530 2769 de
555 2735 700 2771 semine
724 2735 848 2773 Evae.
904 2733 1020 2772 talem
1041 2739 1172 2772 autem
1187 2746 1270 2773 esse
1290 2735 1346 2773 ait
1363 2733 1585 2787 processio—

199 2788 371 2834 Georgius
395 2791 616 2836 Pachymere·
643 2793 693 2826 11.
1256 2788 1310 2831 47
