1858 3126
357 154 432 196 DE
462 151 795 196 ANDRONICO
823 151 1201 196 PALAEOLOGO
1236 152 1283 195 L.
1311 153 1366 195 V.
1506 149 1605 197 413

149 266 443 324 ἀποκειραμένη
471 267 602 326 ἐνδείᾳ
632 267 699 308 καὶ
728 263 833 320 αὕτη
858 263 1173 322 ἔστενοχῶρητο.
1242 267 1310 308 καὶ
1330 269 1403 308 νῦν
1421 264 1497 318 μὲν
1514 267 1608 320 Βη-

135 335 315 390 1λόιιωμα
324 368 338 388 ,
368 340 440 378 νῦν
461 338 485 377 δ
492 335 504 350 ²
520 332 825 390 Ἀγγελόκωμα,
852 338 925 376 νῦν
943 333 987 376 δ’
1007 333 1281 390 Ἀναγουρδὴς
1300 336 1367 376 καὶ
1382 333 1608 377 Πλατανέα

146 406 214 448 καὶ
237 404 291 448 τὰ
311 402 545 459 ΙΙΙελὰγγεια
577 405 643 445 καὶ
672 402 725 445 τὰ
750 402 865 458 πέριξ
890 399 1026 445 πάντα
1061 408 1144 447 τῶν
1178 400 1441 446 ἐνοικούντων
1469 402 1603 459 ἔρημα
1625 413 1655 448 P
1677 413 1745 448 ⁶287

145 471 336 529 γεγονότα
357 471 543 528 θρήνους
563 473 793 528 ἐφείλκοντο
813 475 897 514 τῶν
918 468 1099 514 εἰδότων.
1169 477 1302 514 ταῦτα
1323 470 1522 528 Κρούλλα
1540 473 1610 514 καὶ

114 542 350 585 5Κατοικία
366 538 560 584 πεπόνθει
583 542 650 582 καὶ
668 541 865 596 χείριστα.
936 537 992 589 ὥς
1012 539 1090 595 γὰρ
1110 539 1395 583 ἀποκέκλειστο
1416 541 1491 594 μὲν
1514 538 1541 595 ἦ
1566 541 1609 592 ἐξ

142 609 383 667 Ἡρακλείου
417 610 484 651 καὶ
516 606 790 663 Νεμικῶμεως
818 608 921 663 πρὸς
951 608 1027 663 τὴν
1053 610 1253 660 Νίκαιαν,
1289 610 1357 651 καὶ
1375 609 1419 651 αἶ
1437 611 1609 651 παλαιαὶ

145 680 212 721 καὶ
231 677 425 733 συνήθεις
446 678 578 720 δίοδοι
597 679 652 727 εἷς
673 677 805 731 δεινὴν
832 675 1018 732 ὑποψίαν
1039 680 1107 719 καὶ
1124 686 1268 734 πεῖραν
1285 672 1393 733 ἦσαν
1412 676 1607 728 πολλάκις

143 743 514 798 κινδυνευσάντων,
549 743 577 799 ἧ
608 747 654 788 δὲ
682 745 787 788 κατὰ
818 747 921 788 Κίον
956 744 1177 796 κατάσκιος
1203 748 1269 789 καὶ
1293 746 1527 803 συνηρεφὴς
1547 748 1607 789 εἷ-

144 816 269 864 καίως
289 831 377 864 πως
396 819 640 857 πολισθεῖσα
659 814 877 871 διεκδρομὴ
897 814 1001 870 πρὸς
1019 816 1198 857 Νίκαιαν
1215 814 1400 870 ἤνοικτο,
1432 814 1543 859 οὕτω
1563 816 1606 858 ἔν

90 892 135 926 10
145 880 265 942 φόβῳ
294 885 363 926 καὶ
393 881 485 926 τότε
509 884 684 941 μεγίστῳ
711 885 778 925 καὶ
805 881 994 943 ὖποψίᾳ·
1030 883 1083 926 τὰ
1109 884 1187 941 γὰρ
1208 883 1315 926 αὐτὰ
1335 878 1422 933 τοῖς
1442 886 1605 926 Χαλκι-

144 954 258 995 δεῦσι
282 953 350 994 καὶ
366 949 549 1003 Ἆλιζῶσι
565 953 633 994 καὶ
651 951 690 994 οἱ
710 953 913 1007 Βέβρυκες
933 953 977 994 ἔκ
992 955 1149 995 Πυλῶν
1178 954 1244 995 καὶ
1259 954 1438 996 Πυθίων
1458 970 1600 1010 παρω-
1626 965 1655 999 Β

143 1018 389 1074 νυμούμενοι
415 1020 606 1074 ἔπασχον.
676 1022 743 1062 καὶ
771 1015 825 1075 ἦν
847 1027 933 1070 τοῖς
962 1020 1143 1074 ἀποβᾶσι
1164 1019 1386 1077 θαλάσσης
1404 1021 1510 1064 κατὰ
1529 1021 1605 1076 τὴν

143 1090 271 1142 Κίον,
300 1088 376 1144 τὴν
394 1086 549 1143 ἡμέραν
570 1087 976 1145 προσκαρτερήσασι,
1012 1092 1125 1132 νυκτὶ
1146 1088 1346 1133 πιστεύειν
1366 1091 1442 1145 τὴν
1466 1108 1604 1147 σωτη-

143 1158 259 1212 ρίαν,
295 1158 363 1200 καὶ
390 1161 671 1211 καταλαβοῦσι
698 1158 745 1200 τὸ
778 1159 901 1201 ἐκεῖσε
929 1156 1130 1214 παράλιον
1157 1164 1215 1217 τῷ
1241 1161 1331 1213 περὶ
1361 1159 1435 1214 τὴν
1451 1159 1603 1203 Ἀσκα-

89 1231 131 1266 15
145 1226 236 1268 νίαν
263 1229 354 1283 πλῷ
376 1230 588 1282 χρῆσθαι,
622 1227 689 1267 καὶ
718 1225 827 1269 οὕτω
854 1227 960 1269 κατὰ
980 1227 1054 1281 τὴν
1073 1231 1147 1270 τοῦ
1172 1230 1359 1284 αἰγιαλοῦ
1379 1226 1511 1283 πύλην
1528 1233 1603 1283 τῆς

141 1291 297 1344 πόλεως
314 1293 586 1348 ἀποβαίνουσι
606 1296 819 1337 διεκπαίειν
839 1297 895 1345 εἷς
914 1298 1114 1347 Νίκαιαν,
1151 1297 1232 1339 ἐπεὶ
1256 1295 1331 1339 οὐκ
1348 1292 1399 1352 ἦν
1416 1295 1509 1340 τότε
1529 1297 1602 1348 τὰς

142 1358 276 1412 πύλας
300 1361 538 1417 ἀνοίγεσθαι
565 1363 818 1416 ἐπικειμένων
848 1369 930 1406 τῶν
954 1366 1136 1419 ἐχθρῶν,
1171 1367 1239 1407 καὶ
1259 1364 1312 1407 τὰ
1330 1366 1502 1420 μέγιστα
1522 1369 1605 1408 Νι-

139 1437 248 1480 καεῖς
266 1428 533 1475 ἐκινδύνευον.
600 1431 668 1473 διὰ
690 1436 824 1474 ταῦτα
846 1432 892 1475 τό
913 1431 1009 1475 ὅλον
1024 1431 1046 1476 ὅ
1067 1438 1230 1489 κρατῶν
1246 1433 1504 1477 ἀναστέλλειν
1526 1434 1601 1478 οὐκ
1625 1446 1655 1482 c

139 1561 334 1596 florentium
354 1573 465 1607 nuper
485 1562 694 1608 oppidorum.
740 1575 829 1597 nunc
850 1563 937 1598 enim
954 1564 1022 1598 illic
1042 1564 1243 1600 audiebatur
1258 1566 1397 1613 direpta
1412 1567 1603 1611 Belocoma,

140 1619 229 1642 nunc
261 1608 507 1652 Angelocoma,
541 1620 619 1643 mox
651 1610 836 1653 Anagurda
868 1616 904 1644 et
936 1611 1100 1645 Platanea
1124 1617 1159 1645 et
1183 1612 1364 1657 Melangea
1394 1615 1604 1649 subiacuisse

139 1652 303 1688 saevitiae
324 1654 525 1696 Persarum3
558 1660 744 1700 cunctaque
766 1667 829 1701 per
851 1655 1027 1690 circuitum
1051 1657 1166 1692 incolis
1188 1659 1322 1694 abactis
1343 1659 1518 1702 desolata,
1550 1661 1603 1693 lu-

140 1704 199 1734 ctu
230 1700 354 1733 acerbo
383 1700 610 1735 incendebant
641 1701 715 1735 eius
746 1703 841 1736 cives
875 1702 990 1745 urbis,
1024 1703 1137 1737 famae
1169 1705 1310 1739 subinde
1335 1705 1459 1739 iudicio
1483 1707 1527 1739 de
1547 1705 1602 1740 his

139 1745 341 1780 admonitos.
387 1745 473 1780 haec
504 1746 580 1791 ipsa
610 1752 647 1780 et
681 1747 733 1781 his
762 1747 883 1792 peiora
906 1748 1023 1783 Crulla
1049 1755 1086 1782 et
1110 1750 1272 1784 Catoecia
1296 1763 1419 1796 passae
1441 1752 1603 1786 fereban-

138 1794 208 1824 tur.
254 1792 542 1837 perveniebatque
572 1792 715 1827 omnium
743 1794 865 1827 notitia
894 1794 1082 1838 Nicaeam,
1111 1796 1191 1841 quia
1223 1797 1288 1830 etsi
1318 1798 1423 1830 tritae
1454 1797 1531 1831 olim
1555 1798 1599 1831 ad

138 1835 231 1873 illam
262 1838 377 1871 urbem
409 1838 506 1880 viae,
540 1849 630 1883 quae
651 1840 695 1872 ab
718 1839 886 1874 Heracleo
915 1851 1071 1886 quaeque
1094 1853 1115 1875 a
1136 1841 1355 1876 Nemioomeo
1387 1843 1599 1886 frequentari

139 1887 396 1926 consueverant,
418 1888 501 1917 tunc
523 1895 659 1928 prorsus
682 1884 871 1919 incelebres
892 1887 1111 1931 squallerent‚
1134 1888 1179 1922 ob
1202 1888 1355 1932 exempla
1370 1888 1494 1932 passim
1516 1894 1599 1923 nota

138 1927 357 1971 spoliatorum
390 1934 451 1962 aut
479 1930 723 1964 trucidatorum
755 1931 791 1964 in
822 1931 907 1975 ipsis
929 1931 1094 1966 viatorum
1117 1940 1207 1966 metu
1235 1933 1300 1966 iam
1324 1933 1467 1967 omnium
1488 1933 1598 1979 impe-

139 1972 325 2006 netrabiles
347 1973 509 2017 creditae,
530 1979 642 2008 tamen
664 1987 732 2009 una
755 1976 862 2010 libera
885 1982 920 2011 et
943 1983 1064 2021 aperta
1086 1979 1250 2018 restabat,
1274 1990 1364 2023 quae
1385 1990 1407 2012 a
1430 1979 1496 2013 Cio
1518 1987 1596 2014 ten·

139 2017 254 2059 ditur,
283 2017 379 2051 silvis
399 2019 506 2052 densa
528 2023 564 2052 et
585 2020 672 2054 raris
694 2032 816 2064 sparsa
838 2022 1020 2064 aedificiis,
1049 2023 1195 2068 ideoque
1216 2024 1407 2059 incursibus
1428 2025 1594 2061 latronum

139 2062 231 2097 culta
264 2068 300 2096 et
332 2063 460 2097 colonis
482 2064 581 2108 plena
604 2066 836 2109 quaerentium
858 2068 966 2101 minus
989 2068 1124 2102 infesta.
1169 2069 1234 2102 hoe
1260 2069 1384 2104 itinere
1405 2071 1595 2107 affluebant

138 2108 182 2142 ad
203 2107 412 2142 Nicaeenses
433 2120 520 2143 nova
542 2110 695 2154 quotidie
717 2118 915 2154 argumenta
931 2114 1131 2158 plangendi,
1155 2115 1232 2148 aliis
1253 2126 1358 2160 super
1378 2117 1484 2159 alias,
1506 2129 1596 2164 quae

136 2154 212 2188 sine
243 2153 311 2188 flue
344 2155 619 2197 cumulabantur,
654 2157 796 2201 cognitis
827 2158 999 2200 cladibus,
1034 2159 1197 2204 siquidem
1229 2166 1265 2195 et
1297 2162 1420 2196 similia
1439 2163 1484 2198 iis
1506 2175 1596 2210 quae

136 2199 414 2234 Chalcidensibus
439 2206 475 2234 et
496 2200 691 2236 Alizonibns
714 2203 927 2245 acciderant,
960 2205 1180 2249 patiebantur
1201 2218 1336 2252 quoque
1358 2208 1531 2254 Bebryces
1553 2222 1596 2245 ex

136 2245 230 2290 Pylis
253 2251 289 2280 et
311 2245 444 2289 pythiis
467 2246 614 2281 conflato
638 2248 769 2282 nomine
790 2249 949 2293 insignes.
991 2251 1178 2296 eademque
1200 2263 1276 2286 mox
1300 2253 1451 2289 Nicaeae
1473 2267 1594 2291 narra-

135 2291 284 2334 bantur,
319 2292 452 2336 perlata
483 2292 563 2326 illuc
593 2293 652 2327 via
683 2305 825 2336 secura,
856 2306 956 2340 quam
976 2295 1031 2330 bic
1052 2295 1147 2330 iuvat
1177 2298 1370 2335 describere
1392 2301 1595 2336 distinctius.

136 2337 205 2416 ‘1¹2¹ss
218 2337 502 2418 ³2.1⁰.·;2‘‡:¹²:¹J§.¹::
525 2338 628 2419 ’ἓῖΐὲ
650 2339 1024 2421 ’ἓέιῗωῗιᾚὶᾙωὲἐ
1048 2347 1155 2422 ἰῖιῖῗ
1163 2345 1595 2428 ἐᾶἳηὲἰῖἒὲἷῗᾚῗῖ

137 2427 233 2471 dam,
257 2429 316 2462 ubi
338 2437 564 2474 pervenerant
585 2431 619 2464 in
641 2431 730 2466 latus
751 2432 821 2466 illic
844 2433 985 2466 alterum
1009 2445 1090 2468 orae
1112 2435 1316 2479 maritimae,
1347 2439 1391 2473 ad
1413 2406 1596 2474 Aseguiam

135 2472 258 2509 iterum
279 2475 493 2519 navigatione
515 2477 716 2520 utebantur,
740 2489 809 2523 qua
829 2478 969 2513 littorali
992 2479 1145 2514 Nicaeae
1163 2488 1285 2526 portae
1306 2485 1438 2529 appulsi
1461 2485 1498 2519 in
1521 2498 1595 2520 eam

134 2517 213 2553 illac
243 2522 362 2554 urbem
391 2521 666 2557 admittebantur.
711 2524 874 2558 ostiorum
906 2525 993 2559 enim
1024 2531 1135 2560 terras
1163 2530 1388 2573 spectantium
1419 2543 1484 2565 usu
1514 2537 1596 2566 tunc

135 2564 224 2598 ultro
248 2577 290 2600 ea
310 2567 393 2600 urbs
416 2568 609 2602 abstinebat
639 2569 843 2615 reliquorum
856 2596 867 2614 ‚
902 2571 953 2604 sic
984 2582 1088 2615 agere
1118 2578 1239 2608 coacta
1267 2575 1389 2610 timore
1421 2577 1598 2611 imminen-

136 2608 219 2644 tium
250 2611 315 2646 sibi
346 2612 435 2646 omni
466 2624 508 2647 ex
540 2617 641 2659 parte
672 2615 892 2651 barbarorum
923 2617 1067 2651 bostium
1079 2642 1091 2660 ,
1124 2629 1146 2652 a
1167 2630 1308 2665 quorum
1330 2622 1432 2656 etiam
1457 2634 1595 2658 numero

136 2657 173 2687 et
193 2656 267 2690 fera
288 2658 439 2701 potentia
468 2659 696 2695 indesinenter
718 2661 913 2696 instantium
946 2662 1065 2707 ingens
1096 2669 1174 2698 erat
1203 2678 1286 2701 sane
1314 2667 1519 2714 periculum,
1550 2679 1595 2703 ue

135 2710 202 2734 non
227 2706 264 2736 et
292 2703 377 2737 haec
406 2703 513 2748 ipsam
535 2710 605 2740 tam
627 2711 761 2742 attenta
784 2708 936 2743 custodia
967 2709 1054 2743 satis
1077 2710 1119 2743 ad
1142 2716 1326 2747 extremum
1350 2714 1440 2748 tueri
1463 2719 1591 2759 posset.

134 2745 224 2789 quod
253 2747 341 2781 tanti
373 2750 528 2784 momenti
554 2751 731 2787 discrimen
762 2753 958 2798 imperatori
990 2759 1104 2789 notum
1127 2757 1233 2792 movit
1256 2770 1331 2792 eum
1345 2784 1355 2801 ,
1388 2771 1589 2806 quamquam

134 2790 224 2826 haud
245 2793 412 2830 valentem
432 2806 612 2832 occurrere
634 2802 688 2833 tot
707 2798 782 2833 aliis
802 2799 900 2834 simul
926 2801 1144 2845 urgentibus,
1166 2803 1211 2838 ad
1233 2804 1360 2850 aliquid
1383 2806 1503 2840 saltem
1524 2818 1588 2852 pro
