1858 3126
569 171 673 215 LIB.
704 171 737 215 1.
806 168 1168 213 GLOSSARIUM.
1197 176 1199 178 ’
1504 167 1604 213 717

148 298 238 338 ρετο
254 278 504 336 κατᾶρᾇυν,
534 282 604 320 sed
621 293 721 333 quae
747 293 868 332 super
891 279 990 318 illud
1009 278 1184 328 stabant,
1208 278 1403 330 spicarum
1420 283 1459 316 et
1477 278 1604 316 mani·-

147 341 332 393 pulorum
350 351 505 390 aggeres
525 336 743 392 προχῶσεις
762 337 828 375 hic
846 342 981 375 nostro
1001 335 1108 386 dicti,
1138 341 1206 374 aut
1222 348 1272 373 ex
1291 335 1338 373 iis
1356 347 1607 374 excussarmn

147 396 296 435 cumuli
320 397 490 446 frugum.

260 453 500 505 §neemia
528 464 565 502 p,
584 452 639 492 29
660 463 700 488 v.
726 453 791 491 17.
847 448 1112 495 sententiolas,
1135 448 1415 486 diminutivum
1437 460 1458 483 a
1482 447 1609 499 ῥῆσις.

148 510 204 548 ita
223 508 436 559 Gregorius
454 507 649 558 Nyssenus
669 519 727 544 01·-
748 508 798 547 12
814 506 994 553 λεξείδια.
1050 505 1171 542 verba
1191 505 1273 543 eius
1292 510 1402 542 sunt:
1430 507 1612 556 κατορχεῖ

148 568 203 620 τῷ
221 563 347 619 κρότῳ
366 567 447 603 τῶν
470 564 691 612 λεξειδίων,
721 562 981 614 ἐνσατυρίζων
1000 565 1085 608 τοῖς
1103 558 1264 612 ῥήμασι.

260 616 653 673 σκαραμοὶγκιον
681 632 719 670 p.
735 619 817 660 504
835 631 874 656 v.
898 620 940 659 6.
996 630 1096 667 quae
1121 618 1246 655 multa
1269 616 1319 654 de
1341 615 1607 666 scaramangio

149 682 219 715 aut
241 676 503 714 sem-amancio
522 682 631 714 veste
654 674 847 712 senatoria
873 673 1072 725 praecipui
1093 673 1254 712 honoris
1271 673 1607 720 Meursius'docet,

149 747 230 772 non
249 738 408 784 repeto;
436 745 509 770 nec
527 731 703 770 describo
724 730 787 768 hic
816 731 891 768 alia
910 731 1037 768 nostri
1065 730 1237 768 auctoris
1257 730 1342 767 loca
1366 729 1477 766 istius
1497 729 1607 778 quasi

149 788 417 841 paludamenti
437 788 672 825 mentionem
698 787 892 824 facientia.
948 793 1107 824 tantum
1136 787 1325 833 observo,
1357 798 1406 823 ex
1425 785 1502 822 hoc
1522 785 1607 822 loco

150 845 258 895 (cum
277 857 376 894 quae
403 845 607 896 peculiaris
624 844 741 882 suerit
767 844 849 881 eius
870 843 1091 881 vestimenti
1119 844 1243 881 forma
1271 843 1448 893 nuspiam
1472 841 1608 879 hacte-

150 915 225 939 nus
241 901 418 951 legerim)
438 901 563 939 videri
581 901 695 938 fuisse
722 900 847 937 instar
867 900 1032 951 penulae
1061 900 1210 950 largum
1241 906 1281 937 et
1302 898 1546 950 profundum
1566 899 1608 935 in

150 970 303 995 summo
324 963 500 994 assutum
521 957 720 1005 caputium
747 955 945 1005 habentis,
973 957 1093 1007 idque
1113 969 1162 994 ex
1181 969 1312 1007 panno
1334 955 1513 992 crassiori
1535 966 1609 992 nec

148 1013 334 1064 amphei,
362 1019 411 1050 ut
436 1013 548 1050 facile
570 1013 682 1050 hians
709 1019 992 1063 perseveraret.
1047 1012 1115 1049 tali
1139 1013 1242 1050 enim
1261 1012 1386 1062 ligura
1412 1015 1608 1063 opportu-

147 1082 246 1108 num
266 1075 482 1107 memorato
505 1068 571 1106 hic
591 1069 762 1107 ludibrio
787 1069 915 1107 suerit.
970 1081 1110 1120 nempe
1125 1069 1236 1119 pueri
1256 1068 1493 1119 Mpyrigerii‚
1522 1067 1606 1105 eius
1629 1071 1656 1105 P
1678 1071 1743 1105 508

147 1125 268 1174 iussu,
300 1137 431 1162 coram
450 1125 572 1162 missis
591 1126 640 1162 ab
655 1125 905 1177 imperatore,
936 1138 1100 1177 corpore
1118 1125 1223 1163 illius
1244 1125 1381 1162 talaris
1399 1124 1507 1175 pallii
1531 1137 1606 1175 pro

148 1181 242 1220 sune
259 1181 494 1231 utebantur,
523 1194 602 1231 quo
627 1194 677 1219 ex
703 1195 772 1219 ora
793 1184 903 1220 navis
923 1181 973 1220 ad
994 1195 1134 1231 aquam
1155 1182 1418 1233 pertingentes
1440 1181 1482 1218 in
1498 1192 1608 1219 mare

149 1237 350 1288 caputium
379 1237 682 1288 immergebant,
710 1245 751 1276 et
776 1239 819 1276 id
849 1251 948 1288 aqua
975 1237 1178 1289 impletum
1202 1238 1295 1276 inde
1324 1237 1438 1275 velut
1463 1238 1607 1275 cadum

143 1298 222 1330 aut
242 1293 397 1331 situlam
422 1293 624 1332 tollebant.
680 1294 787 1344 quod
815 1295 1037 1346 exprimens
1058 1294 1270 1332 Vaticanus
1291 1294 1528 1346 epitomator
1553 1293 1610 1332 sic

150 1348 261 1386 hunc
289 1349 420 1387 locum
446 1347 720 1402 παραφρᾶζειτ
760 1350 825 1390 καὶ
853 1348 898 1391 w*
929 1349 1222 1403 σκαραμάγγιον
1253 1351 1312 1399 εἰς
1333 1349 1481 1403 γέλωτα
1508 1348 1609 1389 narei

150 1401 354 1455 θαλάττης
376 1405 536 1457 ἔβαλλεν
562 1414 597 1442 et
623 1409 956 1458 scaramangc'um
978 1421 1049 1457 per
1070 1407 1247 1444 derisum
1265 1409 1308 1444 in
1331 1421 1442 1444 mare
1458 1405 1612 1443 demit-

152 1461 272 1502 tebat.
327 1461 396 1499 ubi
426 1462 586 1500 videtur
615 1462 777 1500 innuere
798 1463 996 1501 cucullum
1026 1464 1232 1515 praecipue
1248 1463 1358 1501 illum
1381 1463 1506 1500 instar
1523 1462 1613 1500 cadi

151 1517 316 1567 liquoris
347 1530 547 1568 capacem,
576 1519 644 1569 qui
669 1533 820 1557 summo
849 1519 1087 1557 adhaerebat
1113 1519 1397 1570 scaramangio,
1426 1519 1614 1570 peculiari

149 1573 237 1612 iure
256 1574 563 1625 scaramangium
594 1575 692 1623 dici,
720 1576 780 1613 uti
804 1576 1052 1627 praecipuam
1082 1577 1164 1614 eius
1184 1582 1358 1627 partem:
1386 1575 1487 1613 illud
1508 1576 1612 1614 enim

151 1629 278 1667 solum
293 1643 436 1668 cavum
454 1631 645 1682 patulum,
675 1632 818 1682 quippe
836 1631 1057 1670 hauriendo
1075 1639 1224 1685 aptum,
1254 1633 1294 1670 in
1311 1645 1452 1682 aquam
1469 1645 1520 1670 ex
1540 1645 1611 1670 ora

150 1685 264 1724 navis
282 1686 491 1724 demissum
514 1687 630 1725 fuisse
652 1689 873 1739 putandum
898 1694 966 1726 est.

263 1754 385 1794 σκορ
400 1743 480 1783 διν
492 1747 575 1783 ιᾶν
603 1758 641 1796 p.
659 1747 740 1785 329
760 1758 795 1783 v.
817 1749 880 1786 13.
937 1746 992 1783 ita
1010 1745 1125 1796 plane
1147 1756 1280 1781 omnes
1302 1742 1454 1780 codices
1470 1755 1610 1781 vocem

150 1796 256 1834 lianc
279 1798 477 1846 scribunt,
505 1813 621 1849 quam
645 1801 733 1838 alibi
754 1801 879 1851 legere
903 1815 984 1839 non
1004 1799 1171 1838 memini.
1231 1806 1384 1837 tantum
1403 1798 1510 1849 apud
1526 1799 1612 1836 He-

152 1851 332 1903 sychium
349 1855 523 1904 reperio:
554 1857 844 1908 σκορδινᾶσθαι
864 1859 976 1908 (puto
999 1856 1205 1907 legendum
1222 1856 1542 1904 σκορδινιᾶσθαι)
1562 1852 1608 1896 ‘td

152 1905 263 1959 παρὰ
283 1905 408 1957 φύσιν
423 1907 470 1949 τοὶ
491 1910 584 1961 μέλη
603 1911 788 1951 ἐκτείνειν
806 1913 875 1952 καὶ
892 1911 1135 1963 στρέφεσθαι
1151 1908 1248 1962 μετὰ
1265 1909 1432 1962 χάσμης.
1458 1911 1609 1963 γίνεται

154 1961 200 2004 δὲ
219 1965 337 2003 τοῦτο
356 1964 447 2015 περὶ
466 1964 561 2012 τούς
581 1966 852 2020 ἐγειρομένους
878 1967 918 2015 ἐξ
933 1965 1088 2015 ὕπνου,
1118 1963 1222 2007 ὅπου
1241 1981 1282 2006 τε
1301 1963 1518 2017 χασμῶδεις
1540 1964 1608 2007 ὅν-

152 2033 218 2066 τες
233 2018 430 2059 ἐκτείνωσι
446 2018 516 2068 τιὶς
539 2026 680 2073 χεῖρας.
739 2025 1045 2074 σκορδινιᾶσθαι
1061 2022 1250 2071 significat
1266 2028 1425 2073 praeter
1439 2029 1609 2061 natura-

153 2074 231 2112 lem
257 2076 420 2112 modum
443 2077 616 2115 membra
638 2079 850 2116 extendere
877 2092 966 2116 cum
995 2078 1241 2126 oscitatione,
1278 2084 1325 2116 ut
1347 2079 1474 2117 solent
1497 2080 1564 2130 qui
1585 2092 1609 2117 e

154 2143 292 2168 somno
315 2132 649 2182 expergiscuntur,
678 2134 835 2183 quando
854 2135 1098 2172 oscitabundi
1119 2147 1255 2171 manus
1275 2134 1508 2173 extendunt.
1548 2137 1606 2174 ita

153 2186 240 2238 ille3
280 2198 330 2224 ex
356 2200 454 2237 quo,
495 2194 564 2225 aut
593 2201 642 2227 ex
671 2190 867 2228 communi
892 2191 1051 2240 utrique
1076 2190 1342 2240 antiquiorum
1369 2191 1607 2243 scriptorum

153 2242 283 2291 fonte,
313 2243 394 2280 sine
414 2244 533 2282 dubio
552 2258 665 2283 suum
689 2245 766 2284 hoc
786 2246 872 2284 loco
895 2247 1127 2298 σκορδινιᾶν
1144 2246 1400 2298 Pachymeres
1417 2247 1606 2298 hauserit,

152 2299 272 2336 etiam
296 2300 561 2338 extensionem
580 2314 766 2340 manuum
794 2314 1033 2350 memorans,
1062 2315 1179 2352 quam
1199 2303 1473 2342 trucidationis
1488 2317 1606 2343 exer—

155 2355 302 2392 cendae
321 2355 473 2406 signum
496 2357 664 2395 Melecus
691 2355 756 2395 hic
784 2359 861 2395 suis
880 2357 1092 2395 instituisse
1111 2358 1268 2398 dicitur.
1324 2373 1458 2412 parem
1478 2361 1609 2400 cuius.

156 2410 249 2448 dam
282 2415 500 2461 quaestoris
539 2414 811 2452 crudelitatem
848 2414 1122 2465 epigrammate
1157 2417 1211 2457 86
1242 2415 1333 2455 libri
1368 2419 1396 2458 7
1434 2417 1608 2456 traducit

154 2465 358 2506 Martialis.

267 2525 735 2578 σπουδαιοτριβεῖν
762 2538 801 2576 p.
815 2524 897 2567 384
918 2537 958 2565 v.
983 2527 1022 2566 7.
1070 2525 1238 2564 verbum
1262 2528 1607 2580 σπουδαιοτριβεΐν

155 2576 245 2615 alibi
271 2592 350 2617 non
372 2581 514 2631 reperi.
569 2582 637 2619 sed
660 2580 804 2633 partim
827 2594 878 2619 ex
902 2580 1113 2631 originibus
1142 2582 1346 2632 vocabuli,
1385 2585 1530 2635 partim
1557 2598 1608 2624 ex

155 2638 348 2673 contextu
372 2635 470 2686 loci,
499 2637 594 2687 quid
621 2638 770 2676 v'aleret
795 2636 870 2675 hoc
891 2637 977 2674 loco
996 2637 1194 2688 divinavi,
1222 2644 1271 2677 ut
1288 2645 1330 2678 et
1350 2640 1424 2678 feci
1448 2640 1541 2678 alias
1562 2641 1605 2679 in

155 2686 442 2740 ἔλπιδοκοπεῖν,
471 2692 782 2747 ἕλπιδυτρίβησις
803 2700 843 2732 et
861 2693 1061 2733 similibus.

268 2747 468 2788 στασείδ
479 2762 560 2788 ιον
587 2762 626 2800 p.
650 2752 728 2791 146
747 2762 789 2788 v.
809 2750 848 2792 4.
902 2755 961 2786 est
979 2749 1198 2790 στασείδιον
1213 2750 1437 2789 subsellium
1456 2756 1525 2790 aut
1542 2751 1605 2790 lo-

155 2798 291 2849 culus,
319 2801 362 2839 in
385 2815 464 2852 quo
484 2803 548 2842 vel
568 2805 894 2844 considentesvel
918 2805 1061 2844 stando
1077 2805 1291 2846 innitentes
1310 2807 1605 2859 acquiescebant
