1858 3126
345 145 421 187 DE
454 142 788 188 ANDRONICO
828 141 1202 188 PALAEoLoGo
1233 144 1279 188 L.
1307 143 1381 187 Ν.
1503 146 1601 191 323
1632 130 1641 137 ’

138 258 364 315 μασμένοι,
398 256 695 313 προσθεμένων
724 258 792 299 καὶ
819 261 1063 312 πειρατικῶν
1096 254 1244 311 ἑτέρων
1269 254 1397 310 ἑπτά,
1431 261 1484 315 τῇ
1513 261 1602 301 Βυ-

139 329 294 380 ζαντίδι
316 324 647 383 προσβάλλουσι,
683 326 750 367 καὶ
766 326 1027 380 μεσημβρίας
1049 323 1266 378 σαββάτου
1283 325 1477 382 φανέντες
1492 327 1598 381 μεθ’

139 395 204 440 ὅτι
226 395 418 448 πλείστης
444 392 641 449 κορύζης,
677 394 744 436 καὶ
763 392 837 448 τὴν
858 392 941 436 ἀπὸ
959 397 1043 436 τῶν
1061 398 1263 449 πειρατῶν
1284 392 1480 450 ἀπήνειαν
1499 395 1602 439 ἔπα-

138 461 301 520 γόμενοι
310 496 324 515 ,
360 463 433 506 τὸν
450 462 591 515 λιμένα
608 461 656 505 τὸ
678 461 818 518 Κέρας
837 458 1145 511 εἷσπλεύσαντες
1165 463 1233 504 καὶ
1255 462 1502 520 καταντικρὺ
1517 468 1602 508 τῶν
1624 470 1654 505 P
1675 473 1744 507 223

104 544 127 577 5
141 528 378 586 ἀνακτόρων
403 527 754 586 ναυλοχησάμενοι
772 529 881 573 δεινὰ
909 530 1008 580 τοὺς
1023 527 1293 586 προσχώρους
1313 531 1496 584 ἐποίουν,
1534 534 1607 576 καί

138 617 217 644 τινι
233 600 429 659 θημωνίᾳ
449 600 533 642 ἐκεῖ
546 616 626 642 που
645 597 840 655 ἱσταμένῃ
859 602 942 655 πῦρ
961 597 1111 641 ἐνιᾶσιν
1121 630 1135 651 ,
1170 598 1219 642 οὗ
1239 596 1364 642 τόσον
1381 601 1437 649 εἷς
1454 602 1600 654 ζημίαν

139 672 223 712 ’τῶν
248 668 501 724 κεκτημένων
522 666 620 711 ὅσον
641 668 697 717 εἷς
712 663 876 722 χλεύην.
944 666 1139 721 βασιλεὺς
1164 668 1210 710 δὲ
1228 666 1305 723 τὴν
1323 667 1400 720 μὲν
1420 668 1463 719 ἐξ
1484 670 1599 714 ἰδίων

137 733 336 793 τριήρεων
372 733 700 791 ἀντιπαλάμησιν
736 735 795 790 μὴ
834 734 937 790 ἔχων
971 735 1270 779 ἀντικαθιστᾶν
1305 735 1380 789 (τό
1408 737 1599 781 ναυτικὸν

137 804 217 862 γὰρ
246 804 327 861 πρὸ
356 802 514 861 χρόνων
542 804 790 858 ἀπέσβεστο·
821 803 897 847 κάν
924 802 1004 848 πού
1035 820 1140 854 τινες
1167 808 1364 859 περιῆσαν
1384 803 1444 847 ἔτι
1464 802 1522 855 ὥς
1538 805 1598 860 μὴ

85 877 215 917 1οτοὕ
248 873 404 923 παντὸς
431 870 630 924 καθάπαξ
658 873 946 927 ἓκλείψαντος,
991 872 1097 915 κατὰ
1125 874 1266 928 χρείας
1297 871 1427 923 ἄλλας
1453 871 1599 929 ἔτυχον

137 941 406 999 ἔσταλμέναι)
441 942 484 984 ἐν
500 939 721 1000 ἀμφιβόλῳ
738 938 790 996 ἦν
813 946 888 985 τοῦ
910 942 953 984 τί
972 943 1038 984 δεῖ
1053 948 1194 986 ποιεῖν.
1265 939 1332 984 ὅτε
1351 941 1427 995 μὲν
1448 937 1522 986 οὖν
1541 944 1597 994 εἰς
1620 953 1648 987 Β

137 1009 213 1065 τὴν
232 1009 391 1054 ἐκείνων
406 1009 651 1064 ἀποβλέψειε
668 1008 825 1066 τόλμαν
842 1012 909 1054 καὶ
926 1010 999 1064 τὴν
1017 1009 1120 1065 πρὸς
1136 1009 1262 1052 αύτόν
1282 1009 1509 1067 ὀλιγωρίαν,
1546 1010 1596 1055 οὗ

137 1075 317 1134 σύνηθες
338 1079 453 1136 σφίσι
473 1079 521 1122 τὸ
540 1077 731 1134 τόλμημα
754 1078 800 1122 ὅν
811 1112 824 1132 ,
858 1080 1002 1134 τηνίκα
1024 1080 1091 1121 καὶ
1112 1077 1400 1122 ἀνθίστασθαι
1417 1079 1597 1123 ἐδικαίου

137 1147 206 1190 καὶ
233 1150 368 1198 κακῶς
397 1143 589 1204 πράττειν
617 1151 843 1204 πειρᾶσθαι
871 1148 971 1197 τούς
998 1144 1185 1197 ἐπιόντας
1194 1179 1207 1199 ,
1238 1148 1279 1197 ἒς
1305 1146 1327 1189 ὃ
1356 1148 1423 1189 καὶ
1443 1152 1598 1202 μαθεῖν

83 1224 127 1261 15
137 1218 247 1272 σφᾶς
268 1213 324 1266 ὦς
342 1213 446 1272 ὖπέρ
465 1216 515 1260 τὸ
535 1217 627 1260 δέον
644 1217 888 1272 ἐγχειροῦσιν
901 1230 913 1241 ·
947 1215 1015 1259 ὅτε
1032 1215 1076 1258 δ’
1099 1211 1226 1265 αὖθις
1242 1217 1299 1265 εἷς
1318 1214 1415 1266 τοῦς
1432 1215 1596 1273 ἀποβη-

137 1284 335 1337 σομένους
361 1282 514 1342 φόνους
539 1286 729 1328 ἐντεῦθεν
758 1286 824 1327 καὶ
850 1285 925 1340 τὴν
951 1286 994 1327 ἓν
1021 1290 1148 1334 κενοῖς
1169 1281 1511 1327 ἀντικατάστασιν
1530 1288 1599 1328 καὶ

135 1351 211 1395 τὸν
225 1351 445 1408 ἀναγκαῖον
469 1355 655 1397 κίνδυνον
674 1351 846 1412 ἀφορῴη
857 1386 871 1406 ,
906 1354 1030 1396 παντὶ
1059 1353 1203 1411 δικαίῳ
1228 1356 1387 1407 μᾶλλον
1406 1351 1433 1408 ἢ
1454 1354 1589 1413 ἐκείνῳ
1613 1366 1643 1399 C

138 1418 423 1478 συνωμολόγει.
492 1423 598 1477 μηδὲ
624 1421 703 1478 γὰρ
722 1424 778 1471 εἷς
796 1422 960 1478 μακρὰν
980 1423 1047 1464 καὶ
1067 1419 1240 1471 τούτους
1255 1419 1597 1477 γνωσιμαχήσαν-

137 1505 214 1539 τας
234 1487 519 1546 ἐπεστράφθαι
548 1492 614 1532 καὶ
638 1488 915 1546 ξυγγινῶσκειν
936 1490 1116 1533 δίεσθαι.
1188 1487 1292 1533 εἶναί
1306 1506 1348 1532 τε
1367 1491 1435 1532 καὶ
1457 1489 1594 1547 ὀλίγον

81 1554 264 1601 2οπόνου
283 1575 327 1601 τε
346 1559 414 1601 καὶ
430 1556 618 1614 δαπάνης
640 1563 941 1616 ναυπηγεῖσθαι
956 1557 1208 1612 Ῥωμαίους,
1246 1558 1282 1600 εἷ
1308 1555 1436 1612 μόνον
1468 1558 1596 1610 αὐτὸς

135 1688 214 1724 aliis
245 1693 377 1735 septem
410 1690 567 1736 piraticis
596 1691 760 1732 navibus,
795 1690 1120 1738 Constantinopolim
1142 1689 1368 1732 invehuntur,
1400 1694 1437 1724 et
1459 1690 1596 1724 meridie

136 1736 207 1770 diei
235 1736 371 1770 sabbati
399 1742 604 1783 apparentes
636 1737 855 1772 audacissimo
884 1738 996 1780 fastu,
1029 1738 1195 1783 mistaque
1217 1735 1433 1780 arrogantiae
1456 1737 1596 1770 feritate

135 1780 294 1827 piratica,
322 1787 458 1827 portum
484 1783 592 1818 ceras
614 1783 740 1817 dictum
760 1783 890 1824 ineunt,
914 1790 950 1817 et
972 1795 992 1818 e
1014 1783 1154 1828 regione
1175 1782 1358 1828 imperialis
1380 1781 1499 1826 palatii
1521 1786 1596 1815 sta-

137 1826 231 1861 fione
262 1827 335 1862 fixa
366 1835 566 1873 grassantur
592 1829 762 1864 hostiliter
789 1830 823 1863 iu
854 1829 1113 1874 circumquaque
1141 1829 1273 1862 vicinos
1297 1827 1328 1860 ei
1351 1827 1425 1860 loco
1447 1826 1594 1872 telisque

137 1871 335 1916 confignon
358 1885 400 1908 ac
421 1874 491 1908 illic
512 1876 604 1909 forte
625 1875 735 1920 posito
758 1874 998 1920 manipulorum
1022 1875 1128 1910 tritici
1151 1885 1274 1908 acervo
1296 1872 1407 1916 ignem
1421 1871 1592 1915 inficiunt,

135 1916 260 1951 iniuria
289 1929 356 1952 non
384 1923 455 1953 tam
485 1921 529 1954 ob
561 1921 715 1955 damnum
746 1932 847 1966 quam
870 1922 913 1954 ob
936 1921 1113 1954 ludibrium
1134 1925 1170 1953 et
1192 1917 1425 1952 coutumeliam
1454 1918 1592 1952 acerba.

138 1961 323 2005 imperator
342 1975 429 2009 quas
449 1968 531 1999 tune
552 1966 690 2000 Venetis
709 1971 896 2011 opponeret
915 1967 1071 2000 triremes
1093 1964 1249 2010 proprias
1272 1974 1339 1997 non
1361 1963 1488 1997 habens
1511 1964 1594 2008 (na-
1614 2001 1622 2010 ¹

138 2007 227 2042 valis
249 2007 337 2042 enim
358 2009 490 2054 imperii
511 2016 698 2056 apparatus
719 2012 842 2046 dudum
873 2011 1046 2056 neglectus
1068 2014 1276 2050 evanuerat3
1308 2014 1344 2042 et
1367 2009 1396 2042 si
1420 2019 1509 2054 quae
1529 2021 1593 2044 na-

138 2063 200 2087 ves
222 2053 341 2087 adhuc.
354 2054 456 2088 utiles
478 2067 521 2089 ex
544 2068 585 2090 eo
608 2058 857 2101 superfuerant,
881 2057 955 2091 aliis
976 2057 1020 2090 de
1043 2055 1153 2089 causis
1175 2055 1241 2089 alio
1264 2054 1386 2088 missae
1406 2056 1507 2100 louge
1528 2056 1592 2090 ab·

138 2099 256 2143 erant)
289 2110 415 2145 anceps
447 2101 548 2135 animi
570 2107 646 2135 erat
666 2102 748 2146 quid
769 2102 832 2136 tali
852 2107 1005 2147 tempore
1028 2101 1156 2135 consilii
1181 2104 1331 2145 caperet.
1377 2104 1483 2146 atque
1512 2101 1591 2136 hinc

137 2144 274 2190 quidem
296 2145 375 2179 dum
396 2145 599 2181 Venetorum
621 2147 796 2181 audaciam
818 2153 854 2181 et
874 2147 927 2181 sui
950 2152 1200 2192 contemptum,
1233 2146 1325 2179 ultra
1346 2157 1446 2190 qnam
1468 2146 1591 2181 bacte-

138 2201 202 2225 nus
233 2196 469 2234 consuessent,
501 2193 603 2227 modo
631 2193 772 2237 primum
801 2203 982 2238 progressa
1011 2192 1217 2237 reputabat,
1247 2202 1330 2225 sane
1353 2191 1592 2227 stimulabatur

138 2236 183 2271 ad
210 2235 415 2281 vindictam,
446 2241 482 2272 et
511 2250 656 2284 aequum
689 2239 849 2272 censebat
869 2238 957 2271 mala
979 2237 1076 2271 malis
1097 2248 1262 2282 reponere
1295 2237 1431 2280 conari,
1463 2242 1503 2272 ut
1524 2239 1591 2272 icti

137 2281 306 2317 discerent
333 2283 424 2318 ultra
444 2285 500 2318 fas
523 2296 621 2318 omne
644 2296 720 2318 sese
739 2289 870 2318 temere
898 2289 1090 2328 provectos.
1134 2293 1252 2316 rursus
1273 2288 1386 2317 autem
1407 2284 1485 2317 dum
1508 2295 1590 2318 cae-

138 2328 201 2362 des
221 2340 263 2362 ex
285 2335 408 2363 conatu
429 2330 611 2365 resistendi
632 2330 798 2364 extitnras
828 2329 1022 2373 cogitabat,
1054 2329 1133 2363 dnm
1160 2328 1367 2363 infirmitatis
1396 2340 1471 2363 enm
1505 2341 1589 2364 suae

137 2374 343 2410 conscientia
370 2377 529 2410 monebat
557 2387 658 2422 quam
687 2387 792 2410 vanas
813 2381 850 2410 et
870 2375 1016 2420 impares
1038 2374 1089 2408 rei
1108 2378 1225 2408 tantae
1245 2375 1291 2409 ad
1312 2385 1446 2408 manum
1472 2375 1589 2420 copias

138 2419 292 2464 haberet,
313 2421 459 2476 denique
481 2422 559 2457 dum
582 2434 626 2457 ex
646 2422 864 2468 apparatibus
884 2431 1062 2455 successus
1083 2431 1252 2465 augurans
1271 2421 1428 2455 horreret
1444 2421 1488 2455 ad
1503 2421 1590 2454 ima·

138 2464 249 2510 ginem
270 2467 430 2512 periculi,
459 2467 495 2502 in
518 2469 609 2514 quod
631 2468 870 2514 rempublicam
891 2466 1082 2501 necessario
1110 2465 1293 2501 coniiceret
1320 2466 1504 2500 certamine
1525 2467 1589 2500 tali

138 2514 291 2557 tempore
311 2523 387 2547 cum
411 2514 640 2559 paratioribus
660 2520 788 2548 temere
808 2513 990 2555 tentando,
1018 2511 1117 2546 aliam
1149 2512 1262 2557 potius
1283 2512 1467 2557 quamlibet
1488 2523 1587 2557 quam

138 2565 204 2601 per
221 2556 289 2591 vim
312 2562 348 2592 et
368 2570 462 2594 arma
484 2559 556 2594 eius
577 2559 825 2606 propulsandae
844 2558 988 2593 iniuriae
1010 2557 1076 2591 sibi
1096 2557 1188 2592 viam
1208 2558 1384 2591 ineundam
1400 2559 1587 2592 statuebat.

139 2603 176 2634 et
197 2605 439 2639 nemmbaut
463 2605 596 2640 interim
620 2608 652 2640 ei
672 2605 879 2640 commodum
907 2606 1061 2639 faventes
1082 2603 1142 2637 isti
1161 2603 1382 2638 moderationi
1406 2602 1589 2647 cogitatio-

141 2657 223 2686 Μ,
243 2659 356 2684 secum
377 2651 495 2696 utique
515 2652 708 2686 blandiente
727 2651 792 2695 sibi
814 2651 922 2686 auimo
943 2648 1105 2690 versanti,
1126 2649 1222 2683 brevi
1246 2650 1395 2684 extitura
1416 2648 1508 2682 inter
1525 2659 1590 2682 na-

140 2692 282 2727 Vflssdloss
301 2695 453 2732 Venetos
471 2709 515 2731 ex
535 2697 779 2732 sententiarum
801 2695 1044 2731 contrarietate
1063 2692 1242 2738 discordia,
1263 2700 1384 2741 sponte
1402 2705 1517 2728 omnes
1531 2704 1591 2727 re-

141 2746 296 2773 cessuros
324 2740 482 2788 ultr-oque
508 2743 639 2778 veniam
669 2753 849 2789 perperam
877 2747 1030 2777 actorum
1051 2746 1241 2785 rogaturos.
1288 2752 1351 2775 nec
1372 2751 1455 2774 vero
1477 2738 1589 2784 magui

140 2782 217 2817 fore
245 2788 307 2819 aut
333 2785 460 2823 laboris
479 2794 540 2824 ant
560 2795 713 2836 sumptus
741 2789 886 2823 reficere
906 2788 1091 2822 Romanam
1112 2786 1263 2822 classem.
1308 2785 1443 2821 iuberet
1463 2784 1590 2820 solum-
