1858 3126
269 138 366 185 566
683 137 916 181 GEORGII
951 137 1299 184 PAGHYMERIS
1319 141 1327 151 ‘

269 255 351 294 τῶν
372 250 554 304 ἐχθρῶν,
589 247 637 292 οὗ
662 247 752 292 δίον
775 248 845 302 ῧν,
882 249 924 291 ἔκ
944 254 1016 292 τοῦ
1037 251 1228 306 ἐξαίφνης
1245 249 1508 306 ἅνθεΙλεσθε,
1534 257 1619 303 πῶς
1651 251 1702 296 ἂν

222 322 252 357 c
273 318 331 373 μὴ
361 317 494 359 θέλων
523 332 583 366 τις
611 314 705 371 ὗμῒν
731 321 899 371 νεμεσᾶν
930 315 1093 373 ἐκφύγοι
1114 317 1161 360 τὸ
1182 322 1459 374 νεμεσᾶσθαις
1490 319 1703 375 μνήσθητε

268 385 343 442 γὰρ
364 384 464 440 πρὸς
482 385 650 433 ἐκείνους
666 391 804 440 χεῖρας
822 385 1076 440 ἀνταίροντες
1087 418 1099 437 ‚
1135 384 1236 440 ὗπὲρ
1259 380 1314 428 ὧν
1338 393 1454 428 κινεῖν
1474 386 1578 429 ὅπλα
1598 388 1701 444 πρὸς
1755 375 1759 379 '

268 452 366 501 τοὺς
385 454 498 509 σφίσι
516 456 789 504 πολεμοῦντας
806 451 988 508 μεγάλων
1007 451 1290 508 ὡμολογήσατε
1305 458 1386 496 τῶν
1406 459 1583 507 μισθῶν.
1615 459 1703 505 πῶς

270 522 315 563 δὲ
331 521 482 562 δίκαιον
503 522 567 562 καὶ
588 517 771 573 νόμιμον,
803 521 988 573 κειμένων
1009 521 1083 563 εἴτε
1105 523 1226 563 θείων
1246 521 1320 563 εἴτε
1338 523 1403 563 καὶ
1421 521 1735 577 ἀνθρωπίνων,5

269 588 425 630 θέσθαι
443 589 515 641 μὲν
533 589 573 630 ἓν
595 587 733 647 ἀλογίᾳ
752 588 803 630 τὰ
823 588 1091 642 ὀμωμοσμὲνα
1107 621 1118 638 ,
1149 586 1330 644 μεγάλων
1349 590 1394 631 δὲ
1407 587 1627 644 χρημάτων
1650 584 1707 632 ὧν

270 657 327 706 εἰς
354 654 461 709 ὑμᾶς
490 655 820 710 ἓὸαπανήσαμεν,
855 656 929 705 τὰς
960 656 1064 698 καθ’
1091 654 1205 710 ἦμιῦν
1227 655 1356 711 ὁρμὰς
1377 656 1607 699 ἀντιδοῦναι
1617 676 1633 712 ,·
1665 657 1708 700 τί

116 771 123 774 ‚
271 723 319 766 δ’
339 721 433 778 ὗμῖν
459 725 525 764 καὶ
550 722 787 777 ἀποκριθείη
811 724 850 773 ἒς
866 724 911 766 τὸ
928 725 1137 777 μετέπειτα
1159 723 1316 778 ὅνομα,·
1349 723 1587 778 συμμάχους
1613 724 1707 767 ὄνο-

131 801 159 837 P
183 802 251 839 396
272 788 414 845 μᾶσειὲ
451 807 535 846 rag,-
583 790 674 832 ἀλλ’
706 791 863 847 αἱρετέα
891 791 943 833 τὰ
972 796 1052 834 τῶν
1083 792 1242 847 ἐχθρῶν
1271 790 1368 846 ὖμῒν
1396 792 1540 843 ἔδοξεν.
1609 791 1703 835 ἀλλ’

269 855 470 914 ἐχθρούς
506 859 570 900 καὶ
600 861 660 907 τίς
681 857 729 900 ἂν
748 861 813 900 καὶ
834 860 945 908 τίνας
962 857 1144 914 μεγάλων
1161 864 1325 913 μισθῶν
1344 860 1406 902 ἐπὶ
1424 859 1603 918 σφετέρῳ
1626 876 1704 902 πο·
1716 869 1760 904 10

269 925 379 985 νήρῳ
410 929 730 981 προσκαλεῖσθαι
760 927 916 976 δέξαιτο
926 946 940 980 ‚·
976 927 1080 969 ἀλλὰ
1108 925 1349 981 συμμάχους
1364 928 1437 981 μὲν
1459 927 1505 970 τὸ
1528 932 1702 983 πρῶτον,

268 994 484 1048 πολεμίους
502 993 542 1035 δ’
566 994 743 1036 {ainata
764 993 1068 1048 καταστάντας;
1108 997 1174 1037 καὶ
1194 997 1236 1036 τί
1247 995 1288 1050 γ’
1313 994 1410 1038 ἄλλο
1427 993 1522 1049 ὗμΐν
1539 1011 1600 1045 τις
1617 996 1706 1037 ἐπι-

269 1063 411 1117 καλοίη
439 1059 580 1113 δεινόν,
618 1063 651 1104 εἶ
679 1059 883 1116 σύμμαχοι
912 1061 1162 1114 ἐπιστάντες,
1199 1066 1357 1104 πολλῶν
1380 1065 1597 1105 καὶταῦτα
1623 1066 1706 1106 τῶν

270 1127 562 1184 ἀναλωμάτων,
593 1129 726 1171 ἔπειτα
747 1131 986 1172 ἕσπείσασθε
1007 1131 1080 1183 μὲν
1101 1137 1184 1178 τοῖς
1203 1131 1367 1184 ε’χθροῖς
1388 1130 1444 1172 δι’
1467 1129 1537 1179 οὓς
1557 1146 1706 1186 προσε-

270 1196 471 1253 κλήθητε,
499 1196 593 1251 μετ’
617 1197 751 1240 αὐτῶν
775 1198 818 1238 δὲ
842 1197 913 1251 τὴν
934 1195 1129 1252 ἡμετέραν
1151 1200 1360 1252 ληίζεσθες
1392 1198 1437 1239 τί
1451 1198 1495 1239 δὲ
1514 1199 1580 1239 καὶ
1599 1196 1704 1239 ἆπο-
1715 1203 1760 1241 15

270 1263 501 1320 λογοῦμενοι
518 1267 757 1317 Χριστιανοὶ
777 1265 1049 1321 Χριστιανούς
1079 1264 1129 1306 τὰ
1163 1263 1359 1317 ἀνήκεστα
1389 1266 1535 1320 δρᾶτε,
1570 1269 1627 1324 τῷ
1645 1264 1704 1319 μὴ

218 1337 248 1377 Β
272 1333 313 1384 ἐς
331 1332 536 1389 ἀναβολὰς
552 1332 730 1386 θέσθαι,
766 1334 880 1376 κακοὶ
899 1330 1013 1384 δόξαι
1031 1331 1164 1390 ὥσπερ
1184 1330 1438 1390 αἷρούμενοις
1472 1334 1515 1376 τί
1528 1332 1605 1390 γὰρ
1623 1336 1705 1376 τῶν

361 1465 417 1501 13.
436 1465 582 1506 πολλοῖς
604 1464 644 1500 Ρ.

271 1575 362 1622 quod
384 1577 478 1611 nefas
502 1579 576 1617 est,
605 1575 747 1621 polliciti
776 1576 905 1620 socios,
939 1577 1164 1619 monstrastis,
1201 1575 1363 1623 quomodo
1385 1576 1444 1621 qui
1466 1586 1529 1611 vos
1561 1586 1706 1620 arguere

271 1622 438 1664 noluerit,
471 1621 619 1656 meritam
642 1621 714 1666 ipse
735 1622 844 1655 iudicii
868 1633 985 1666 parum
1016 1623 1114 1667 aequi
1138 1627 1173 1656 et
1196 1623 1280 1656 malo
1310 1621 1455 1655 faventis
1475 1621 1706 1666 reprehensio-

271 1678 346 1701 nem
369 1679 434 1701 non
454 1667 628 1701 incurrat?
672 1667 904 1700 conscientiam
926 1668 979 1700 hic
1009 1679 1153 1712 provoco
1179 1672 1344 1710 vestram,
1381 1666 1499 1712 utique
1526 1667 1707 1700 recordan-

271 1712 353 1746 tium
384 1724 443 1746 vos
477 1723 593 1747 manus
624 1711 658 1745 in
690 1723 746 1745 eos
775 1713 864 1756 ipsos
895 1712 1057 1746 violentas
1088 1712 1260 1753 iniecisse,
1294 1715 1410 1745 contra
1433 1723 1570 1757 quorum
1592 1712 1706 1745 hostes

273 1768 366 1792 arma
387 1763 550 1798 moturos,
575 1757 701 1801 magnis
723 1757 756 1790 iu
784 1757 845 1790 hoc
868 1759 1031 1791 auctorati
1054 1758 1280 1798 mercedibus,
1302 1757 1519 1801 receperatis.
1565 1757 1619 1790 cui
1642 1767 1706 1790 au-

272 1806 340 1836 tem
362 1802 470 1837 videri
491 1803 610 1836 iustum
634 1807 738 1847 queat
760 1808 795 1836 et
815 1802 947 1846 legibus
970 1814 1029 1837 seu
1051 1803 1171 1836 divinis
1193 1814 1251 1836 seu
1271 1803 1419 1837 humanis
1435 1806 1706 1844 consentaneum,

272 1848 393 1882 nullam
418 1847 551 1894 quidem
573 1854 744 1894 pactorum
773 1848 953 1882 iuratorum
985 1848 1147 1881 rationem
1173 1848 1317 1890 ducere,
1347 1859 1407 1892 pro
1432 1847 1621 1892 ingentibus
1644 1857 1708 1881 au-

273 1896 340 1927 tem
372 1893 535 1938 pecuniae
567 1893 719 1934 summis,
751 1904 833 1938 quas
854 1893 887 1926 in
909 1904 969 1926 vos
998 1893 1233 1938 impendimus,
1266 1893 1410 1937 impetus
1431 1893 1466 1926 in
1489 1903 1548 1926 nos
1570 1892 1708 1926 hostiles

272 1938 415 1982 rependi
437 1951 456 1973 a
481 1938 603 1972 vobis?
647 1950 787 1983 quonam
811 1950 892 1972 vero
916 1949 977 1972 vos
999 1939 1155 1983 deinceps
1179 1944 1258 1982 apto
1282 1939 1451 1983 appeliare
1474 1938 1602 1972 nomine
1623 1937 1708 1971 lice-

272 1984 346 2017 bit?
393 1995 435 2017 an
459 1984 567 2017 socios
590 1983 664 2028 quis
687 1983 829 2018 dixerit?
874 1983 934 2018 sed
962 1984 1059 2017 vobis
1081 1983 1139 2018 isti
1162 1984 1324 2017 vocabulo
1349 1983 1552 2029 praeeligere
1574 1982 1708 2016 acerbi-

274 2031 379 2062 tatem
402 2029 530 2062 hostilis
553 2028 688 2062 nominis
711 2029 846 2074 placuit.
893 2029 1006 2062 hostes
1030 2029 1133 2072 igitur
1156 2040 1308 2062 vocemus
1317 2029 1345 2067 2,
1383 2029 1442 2062 sed
1471 2030 1584 2062 obstat
1606 2027 1706 2072 quod,

275 2083 350 2106 cum
378 2085 472 2107 nemo
506 2074 619 2118 utique
652 2074 805 2108 mercede
836 2085 954 2117 magna
985 2075 1096 2107 hostes
1126 2075 1168 2108 ad
1199 2074 1264 2107 sibi
1294 2074 1474 2107 nocendum
1497 2073 1708 2115 conduxerit,

273 2128 334 2150 vos
356 2118 483 2151 accitos
506 2130 526 2151 a
549 2119 643 2153 nobis
666 2125 701 2152 et
725 2120 824 2163 largis
846 2123 1037 2153 auctoratos
1068 2119 1241 2164 stipendiis
1272 2119 1384 2153 hostes
1413 2119 1479 2152 dici
1504 2123 1620 2152 contra
1650 2127 1706 2150 ra-

273 2161 395 2196 tionem
417 2174 542 2197 omnem
567 2169 630 2198 est.
675 2166 763 2198 forte
786 2164 992 2208 distinguens
1014 2165 1131 2209 aliquis
1151 2170 1323 2209 tempora,
1355 2163 1448 2209 prius
1471 2163 1580 2197 socios
1601 2162 1706 2195 fuisse

273 2218 354 2247 vos,
388 2207 508 2241 deinde
540 2210 676 2243 mutatis
708 2210 824 2243 animis
854 2211 961 2243 factos
991 2222 1064 2243 esse
1091 2210 1203 2242 hostes
1235 2210 1335 2243 dicet.
1381 2209 1472 2252 atqui
1495 2207 1536 2241 ad
1559 2212 1705 2241 vestram

274 2251 355 2285 nihil
387 2253 449 2297 hoc
481 2254 613 2297 quidem
637 2254 767 2288 foedius
797 2255 972 2288 memorari
995 2255 1222 2288 contumeiiam
1244 2257 1355 2298 queat.
1403 2253 1482 2297 quid
1503 2252 1587 2285 euim
1608 2250 1706 2284 vobis

275 2296 376 2330 obiici
399 2297 543 2331 odiosius
577 2299 631 2332 vel
662 2301 703 2333 ab
738 2300 948 2334 amarissimis
980 2300 1261 2333 obtrectatoribus
1292 2298 1399 2343 possit
1428 2308 1524 2341 quam
1555 2295 1623 2328 fide
1643 2307 1707 2330 vos

275 2342 407 2384 fracta,
442 2354 538 2386 quam
572 2345 684 2377 amicis
709 2345 1036 2388 oppignerat-eratis,
1070 2344 1223 2377 maximis
1244 2343 1276 2376 in
1300 2343 1389 2375 sinus
1411 2352 1474 2385 per
1495 2351 1609 2375 manus
1629 2340 1706 2374 iuo-

275 2397 348 2420 rum
370 2391 499 2421 vestros
520 2387 750 2430 largitionibus
774 2389 906 2432 effusis,
931 2394 1068 2433 repente
1090 2390 1277 2431 depravata
1298 2387 1466 2420 voluntate
1491 2386 1608 2419 foedus
1630 2385 1708 2430 qui-

275 2432 350 2465 dem
372 2431 472 2464 icisse
496 2444 568 2464 cum
593 2433 741 2466 hostibus
772 2438 888 2468 contra
919 2445 1002 2477 quos
1031 2433 1143 2466 vocati
1173 2432 1343 2476 suppetias
1373 2430 1496 2472 eratis,
1531 2430 1707 2464 coniuncta

274 2487 356 2510 vero
381 2487 453 2510 cum
475 2476 590 2510 iisdem
614 2477 761 2511 hostibus
791 2489 894 2521 opera
918 2482 952 2511 et
973 2478 1025 2512 ira
1048 2482 1156 2511 terras
1184 2478 1383 2518 amicorum,
1418 2475 1460 2508 ad
1484 2486 1566 2520 quos
1588 2476 1708 2509 iuvan-

277 2522 338 2555 dos
360 2521 550 2561 veneratis,
586 2522 642 2565 qui
667 2522 774 2565 ampla
799 2523 895 2555 vobis
919 2526 1172 2555 numeraverant
1195 2521 1378 2565 stipendia,
1412 2521 1486 2565 pari
1510 2522 1623 2554 furore
1645 2521 1708 2553 de·-

276 2571 437 2600 vastasse.
482 2565 571 2610 agite
603 2567 768 2610 proferte,
798 2567 825 2599 si
857 2567 936 2611 quid
969 2567 1099 2599 habetis
1121 2566 1156 2600 in
1180 2565 1423 2599 excusationem
1445 2570 1608 2606 vestram,
1638 2575 1706 2609 quo

276 2611 450 2645 videamini
481 2611 533 2644 vel
565 2611 596 2644 in
627 2611 769 2655 speciem
793 2611 970 2644 defendere
995 2611 1124 2644 facinus
1148 2611 1210 2643 boc
1232 2614 1398 2651 vestrum,
1431 2622 1496 2655 quo
1521 2608 1708 2644 Christiani

278 2655 483 2690 Christianos
511 2656 807 2690 vehementissimis
838 2656 973 2689 afficitis
1003 2656 1146 2696 iniuriis;
1180 2655 1239 2688 nisi
1262 2666 1324 2688 non
1349 2655 1612 2699 recusatisyquin
1634 2657 1708 2688 sta-

275 2701 356 2742 tim,
388 2701 475 2735 citra
509 2701 697 2736 ulteriorem
729 2701 915 2746 inquirendi
946 2712 1088 2742 moram,
1117 2700 1268 2734 crudeles
1301 2701 1484 2745 perfidique
1506 2698 1707 2740 indicemini,

277 2746 364 2793 quod
388 2757 461 2782 esse
482 2744 571 2783 ultro
595 2745 753 2794 elegistis.
791 2746 871 2795 quid
894 2745 981 2781 enim
1004 2746 1079 2782 mali
1101 2757 1166 2781 uon
1187 2756 1209 2781 a
1230 2745 1326 2781 vobis
1348 2750 1459 2780 actum
1481 2745 1562 2780 est?
1597 2754 1708 2779 noune
