<?xml version="1.0" encoding="UTF-8"?>
<!DOCTYPE html PUBLIC "-//W3C//DTD XHTML 1.0 Transitional//EN"
    "http://www.w3.org/TR/xhtml1/DTD/xhtml1-transitional.dtd">
<html xmlns="http://www.w3.org/1999/xhtml" xml:lang="en" lang="en">
 <head>
  <title>
</title>
<meta http-equiv="Content-Type" content="text/html;charset=utf-8" />
  <meta name='ocr-system' content='tesseract 3.04.00' />
  <meta name='ocr-capabilities' content='ocr_page ocr_carea ocr_par ocr_line ocrx_word'/>
</head>
<body>
  <div class='ocr_page' id='page_1' title='image "./corpusscriptorum18niebuoft_0298.png"; bbox 0 0 1820 3112; ppageno 0'>
   <div class='ocr_carea' id='block_1_1' title="bbox 257 128 1304 178">
    <p class='ocr_par' dir='ltr' id='par_1_1' title="bbox 257 128 1304 178">
     <span class='ocr_line' id='line_1_1' title="bbox 257 128 1304 178; baseline 0.001 -2"><span class='ocrx_word' id='word_1_1' title='bbox 257 131 357 178; x_wconf 82' lang='lat'><strong>282</strong></span> <span class='ocrx_word' id='word_1_2' title='bbox 677 128 916 175; x_wconf 89' lang='lat' dir='ltr'>GEORGII</span> <span class='ocrx_word' id='word_1_3' title='bbox 948 130 1304 177; x_wconf 81' lang='lat' dir='ltr'><strong>PACHYMERIS</strong></span> 
     </span>
    </p>
   </div>
   <div class='ocr_carea' id='block_1_2' title="bbox 201 241 1784 1480">
    <p class='ocr_par' dir='ltr' id='par_1_2' title="bbox 256 241 1723 304">
     <span class='ocr_line' id='line_1_2' title="bbox 256 241 1723 304; baseline 0.002 -17"><span class='ocrx_word' id='word_1_4' title='bbox 256 241 334 299; x_wconf 76' lang='grc' dir='ltr'><em>εἶχε</em></span> <span class='ocrx_word' id='word_1_5' title='bbox 352 244 419 286; x_wconf 82' lang='grc' dir='ltr'><strong>καὶ</strong></span> <span class='ocrx_word' id='word_1_6' title='bbox 437 241 518 298; x_wconf 73' lang='grc' dir='ltr'><strong>ἤδη</strong></span> <span class='ocrx_word' id='word_1_7' title='bbox 538 241 725 300; x_wconf 80' lang='grc' dir='ltr'><em>ἀπαίρειν</em></span> <span class='ocrx_word' id='word_1_8' title='bbox 742 243 898 288; x_wconf 74' lang='grc' dir='ltr'><em>ἐκεῖθεν</em></span> <span class='ocrx_word' id='word_1_9' title='bbox 920 242 941 288; x_wconf 81' lang='grc' dir='ltr'><em>ὃ</em></span> <span class='ocrx_word' id='word_1_10' title='bbox 958 244 1155 300; x_wconf 80' lang='grc' dir='ltr'><em>βασιλεῦς</em></span> <span class='ocrx_word' id='word_1_11' title='bbox 1169 242 1427 300; x_wconf 74' lang='grc' dir='ltr'><em>ἡτοιμάζετο,</em></span> <span class='ocrx_word' id='word_1_12' title='bbox 1448 244 1537 301; x_wconf 79' lang='grc' dir='ltr'><strong>ἅμα</strong></span> <span class='ocrx_word' id='word_1_13' title='bbox 1555 264 1598 291; x_wconf 90' lang='grc' dir='ltr'><strong>τε</strong></span> <span class='ocrx_word' id='word_1_14' title='bbox 1618 245 1723 304; x_wconf 78' lang='grc' dir='ltr'><em>ὀλίγ’</em></span> 
     </span>
    </p>

    <p class='ocr_par' dir='ltr' id='par_1_3' title="bbox 207 308 1758 857">
     <span class='ocr_line' id='line_1_3' title="bbox 207 308 1729 373; baseline 0.002 -16"><span class='ocrx_word' id='word_1_15' title='bbox 207 323 238 357; x_wconf 85' lang='lat' dir='ltr'>C</span> <span class='ocrx_word' id='word_1_16' title='bbox 261 311 367 356; x_wconf 76' lang='grc' dir='ltr'><em>ἅττα</em></span> <span class='ocrx_word' id='word_1_17' title='bbox 384 316 444 370; x_wconf 78' lang='grc' dir='ltr'><em>τῷ</em></span> <span class='ocrx_word' id='word_1_18' title='bbox 461 308 696 370; x_wconf 80' lang='grc' dir='ltr'><em>πατριάρχῃ</em></span> <span class='ocrx_word' id='word_1_19' title='bbox 715 313 811 370; x_wconf 87' lang='grc' dir='ltr'><em>περί</em></span> <span class='ocrx_word' id='word_1_20' title='bbox 824 330 907 358; x_wconf 90' lang='grc' dir='ltr'><strong>των</strong></span> <span class='ocrx_word' id='word_1_21' title='bbox 925 312 1120 371; x_wconf 78' lang='grc' dir='ltr'><em>ὡμίλησε,</em></span> <span class='ocrx_word' id='word_1_22' title='bbox 1149 316 1215 358; x_wconf 80' lang='grc' dir='ltr'><strong>καὶ</strong></span> <span class='ocrx_word' id='word_1_23' title='bbox 1234 313 1324 370; x_wconf 82' lang='grc' dir='ltr'><strong>ἅμα</strong></span> <span class='ocrx_word' id='word_1_24' title='bbox 1343 313 1482 373; x_wconf 82' lang='grc' dir='ltr'><em>ὥσπερ</em></span> <span class='ocrx_word' id='word_1_25' title='bbox 1497 314 1729 372; x_wconf 74' lang='grc' dir='ltr'><em>ὖποτεμνό-</em></span> 
     </span>
     <span class='ocr_line' id='line_1_4' title="bbox 254 377 1728 442; baseline 0.003 -18"><span class='ocrx_word' id='word_1_26' title='bbox 254 397 376 436; x_wconf 88' lang='grc' dir='ltr'><em>μενος</em></span> <span class='ocrx_word' id='word_1_27' title='bbox 394 379 493 431; x_wconf 74' lang='grc' dir='ltr'><em>τοὺς</em></span> <span class='ocrx_word' id='word_1_28' title='bbox 521 377 668 437; x_wconf 82' lang='grc' dir='ltr'><em>λόγους</em></span> <span class='ocrx_word' id='word_1_29' title='bbox 693 381 831 442; x_wconf 76' lang='grc' dir='ltr'><em>ἐκείνῳ</em></span> <span class='ocrx_word' id='word_1_30' title='bbox 858 382 1042 440; x_wconf 74' lang='grc' dir='ltr'><em>εὐλογίαν</em></span> <span class='ocrx_word' id='word_1_31' title='bbox 1060 381 1188 439; x_wconf 69' lang='grc' dir='ltr'><em>ἐζήτει</em></span> <span class='ocrx_word' id='word_1_32' title='bbox 1206 386 1275 427; x_wconf 82' lang='grc' dir='ltr'><strong>καὶ</strong></span> <span class='ocrx_word' id='word_1_33' title='bbox 1304 381 1585 430; x_wconf 79' lang='grc' dir='ltr'><em>συνετάττετο.</em></span> <span class='ocrx_word' id='word_1_34' title='bbox 1639 383 1662 429; x_wconf 82' lang='grc' dir='ltr'>ὅ</span> <span class='ocrx_word' id='word_1_35' title='bbox 1682 386 1728 428; x_wconf 74' lang='grc' dir='ltr'><strong>δὲ</strong></span> 
     </span>
     <span class='ocr_line' id='line_1_5' title="bbox 254 450 1724 511; baseline 0.003 -18"><span class='ocrx_word' id='word_1_36' title='bbox 254 454 314 508; x_wconf 80' lang='grc' dir='ltr'><em>τῷ</em></span> <span class='ocrx_word' id='word_1_37' title='bbox 347 453 477 510; x_wconf 75' lang='grc' dir='ltr'><em>καιρῷ</em></span> <span class='ocrx_word' id='word_1_38' title='bbox 501 452 775 506; x_wconf 75' lang='grc' dir='ltr'><em>συγκλασθεὶς</em></span> <span class='ocrx_word' id='word_1_39' title='bbox 802 451 850 496; x_wconf 83' lang='grc' dir='ltr'><em>τὸ</em></span> <span class='ocrx_word' id='word_1_40' title='bbox 877 454 1056 510; x_wconf 78' lang='grc' dir='ltr'><em>νυμφίον</em></span> <span class='ocrx_word' id='word_1_41' title='bbox 1088 450 1215 509; x_wconf 74' lang='grc' dir='ltr'><em>ἐζήτει</em></span> <span class='ocrx_word' id='word_1_42' title='bbox 1241 452 1404 508; x_wconf 76' lang='grc' dir='ltr'><em>βλέπειν</em></span> <span class='ocrx_word' id='word_1_43' title='bbox 1431 455 1500 498; x_wconf 78' lang='grc' dir='ltr'><em>καὶ</em></span> <span class='ocrx_word' id='word_1_44' title='bbox 1527 453 1724 511; x_wconf 73' lang='grc' dir='ltr'><em>εὐλογεῖν·</em></span> 
     </span>
     <span class='ocr_line' id='line_1_6' title="bbox 255 517 1758 579; baseline 0.003 -18"><span class='ocrx_word' id='word_1_45' title='bbox 255 517 353 561; x_wconf 70' lang='grc' dir='ltr'><em>οὐδὲ</em></span> <span class='ocrx_word' id='word_1_46' title='bbox 368 517 448 576; x_wconf 74' lang='grc' dir='ltr'><strong>γὰρ</strong></span> <span class='ocrx_word' id='word_1_47' title='bbox 478 518 585 570; x_wconf 81' lang='grc' dir='ltr'><em>εῗκὸς</em></span> <span class='ocrx_word' id='word_1_48' title='bbox 601 517 702 564; x_wconf 79' lang='grc' dir='ltr'><em>εἶναι</em></span> <span class='ocrx_word' id='word_1_49' title='bbox 723 519 817 578; x_wconf 75' lang='grc' dir='ltr'><em>ἄρτι</em></span> <span class='ocrx_word' id='word_1_50' title='bbox 837 519 1011 579; x_wconf 77' lang='grc' dir='ltr'><em>πρώτως</em></span> <span class='ocrx_word' id='word_1_51' title='bbox 1035 522 1138 578; x_wconf 79' lang='grc' dir='ltr'><em>μετὰ</em></span> <span class='ocrx_word' id='word_1_52' title='bbox 1159 522 1234 578; x_wconf 82' lang='grc' dir='ltr'><strong>τὴν</strong></span> <span class='ocrx_word' id='word_1_53' title='bbox 1254 520 1461 578; x_wconf 75' lang='grc' dir='ltr'><strong>ἡλικιῶτιν</strong></span> <span class='ocrx_word' id='word_1_54' title='bbox 1485 522 1631 578; x_wconf 80' lang='grc' dir='ltr'><em>σχεδὸν</em></span> <span class='ocrx_word' id='word_1_55' title='bbox 1651 539 1758 578; x_wconf 64' lang='lat' dir='ltr'><strong>fat-5</strong></span> 
     </span>
     <span class='ocr_line' id='line_1_7' title="bbox 253 584 1728 652; baseline 0.004 -22"><span class='ocrx_word' id='word_1_56' title='bbox 253 584 452 642; x_wconf 75' lang='grc' dir='ltr'><em>τάβασιν,</em></span> <span class='ocrx_word' id='word_1_57' title='bbox 491 589 559 631; x_wconf 80' lang='grc' dir='ltr'><strong>καὶ</strong></span> <span class='ocrx_word' id='word_1_58' title='bbox 577 587 626 632; x_wconf 81' lang='grc' dir='ltr'><em>οὗ</em></span> <span class='ocrx_word' id='word_1_59' title='bbox 648 593 789 650; x_wconf 72' lang='grc' dir='ltr'><em>πολλῷ</em></span> <span class='ocrx_word' id='word_1_60' title='bbox 818 592 895 634; x_wconf 82' lang='grc' dir='ltr'><em>τινὶ</em></span> <span class='ocrx_word' id='word_1_61' title='bbox 910 589 1049 652; x_wconf 82' lang='grc' dir='ltr'><em>χρόνῳ</em></span> <span class='ocrx_word' id='word_1_62' title='bbox 1067 591 1173 647; x_wconf 81' lang='grc' dir='ltr'><em>μετὰ</em></span> <span class='ocrx_word' id='word_1_63' title='bbox 1189 591 1242 634; x_wconf 82' lang='grc' dir='ltr'><em>τὰ</em></span> <span class='ocrx_word' id='word_1_64' title='bbox 1256 589 1518 649; x_wconf 78' lang='grc' dir='ltr'><em>ἅμφιδρόμια</em></span> <span class='ocrx_word' id='word_1_65' title='bbox 1530 624 1544 645; x_wconf 91' lang='grc'><em>,</em></span> <span class='ocrx_word' id='word_1_66' title='bbox 1575 591 1635 648; x_wconf 85' lang='grc' dir='ltr'><em>μὴ</em></span> <span class='ocrx_word' id='word_1_67' title='bbox 1655 591 1728 636; x_wconf 79' lang='grc' dir='ltr'><em>τὸν</em></span> 
     </span>
     <span class='ocr_line' id='line_1_8' title="bbox 254 653 1727 718; baseline 0.003 -19"><span class='ocrx_word' id='word_1_68' title='bbox 254 653 512 715; x_wconf 82' lang='grc' dir='ltr'><em>πατριάρχην</em></span> <span class='ocrx_word' id='word_1_69' title='bbox 539 657 701 712; x_wconf 76' lang='grc' dir='ltr'><strong>βλέπειν</strong></span> <span class='ocrx_word' id='word_1_70' title='bbox 726 661 795 702; x_wconf 78' lang='grc' dir='ltr'><strong>καὶ</strong></span> <span class='ocrx_word' id='word_1_71' title='bbox 815 659 1004 717; x_wconf 78' lang='grc' dir='ltr'><em>εὐλογεῖν.</em></span> <span class='ocrx_word' id='word_1_72' title='bbox 1077 658 1277 716; x_wconf 77' lang='grc' dir='ltr'><strong>ἠβούλετο</strong></span> <span class='ocrx_word' id='word_1_73' title='bbox 1306 661 1355 704; x_wconf 81' lang='grc' dir='ltr'><strong>δέ</strong></span> <span class='ocrx_word' id='word_1_74' title='bbox 1367 661 1407 705; x_wconf 80' lang='grc' dir='ltr'><em>οἶ</em></span> <span class='ocrx_word' id='word_1_75' title='bbox 1424 660 1472 705; x_wconf 82' lang='grc' dir='ltr'><em>τὸ</em></span> <span class='ocrx_word' id='word_1_76' title='bbox 1494 663 1635 718; x_wconf 81' lang='grc' dir='ltr'><em>δρᾶμα</em></span> <span class='ocrx_word' id='word_1_77' title='bbox 1653 657 1727 704; x_wconf 75' lang='grc' dir='ltr'><strong>λό-</strong></span> 
     </span>
     <span class='ocr_line' id='line_1_9' title="bbox 251 724 1729 791; baseline 0.002 -22"><span class='ocrx_word' id='word_1_78' title='bbox 251 742 349 783; x_wconf 85' lang='grc' dir='ltr'><em>γους</em></span> <span class='ocrx_word' id='word_1_79' title='bbox 367 726 558 770; x_wconf 71' lang='grc' dir='ltr'><em>ἕντεῦθεν</em></span> <span class='ocrx_word' id='word_1_80' title='bbox 578 726 881 785; x_wconf 73' lang='grc' dir='ltr'><em>ἀνακινηθήναι</em></span> <span class='ocrx_word' id='word_1_81' title='bbox 902 734 986 773; x_wconf 85' lang='grc' dir='ltr'><strong>τῶν</strong></span> <span class='ocrx_word' id='word_1_82' title='bbox 1004 730 1279 785; x_wconf 80' lang='grc' dir='ltr'><em>τελουμένων,</em></span> <span class='ocrx_word' id='word_1_83' title='bbox 1318 729 1388 787; x_wconf 71' lang='grc' dir='ltr'><strong>ἐφ’</strong></span> <span class='ocrx_word' id='word_1_84' title='bbox 1411 724 1445 791; x_wconf 79' lang='grc' dir='ltr'><em>ᾧ</em></span> <span class='ocrx_word' id='word_1_85' title='bbox 1465 731 1532 774; x_wconf 82' lang='grc' dir='ltr'><strong>καὶ</strong></span> <span class='ocrx_word' id='word_1_86' title='bbox 1551 733 1729 786; x_wconf 84' lang='grc' dir='ltr'><em>λαλῆσαι</em></span> 
     </span>
     <span class='ocr_line' id='line_1_10' title="bbox 252 794 1727 857; baseline 0.003 -19"><span class='ocrx_word' id='word_1_87' title='bbox 252 794 456 850; x_wconf 75' lang='grc' dir='ltr'><em>βασιλέως</em></span> <span class='ocrx_word' id='word_1_88' title='bbox 483 794 734 851; x_wconf 77' lang='grc' dir='ltr'><strong>ἐπισχόντος.</strong></span> <span class='ocrx_word' id='word_1_89' title='bbox 804 796 861 848; x_wconf 78' lang='grc' dir='ltr'><strong>ὥς</strong></span> <span class='ocrx_word' id='word_1_90' title='bbox 885 803 985 855; x_wconf 80' lang='grc' dir='ltr'><em>γοῦν</em></span> <span class='ocrx_word' id='word_1_91' title='bbox 1016 806 1218 857; x_wconf 82' lang='grc' dir='ltr'><em>φανεῖσαν</em></span> <span class='ocrx_word' id='word_1_92' title='bbox 1242 797 1404 856; x_wconf 80' lang='grc' dir='ltr'><strong>ηὐλόγει</strong></span> <span class='ocrx_word' id='word_1_93' title='bbox 1440 800 1508 842; x_wconf 81' lang='grc' dir='ltr'><strong>καὶ</strong></span> <span class='ocrx_word' id='word_1_94' title='bbox 1537 798 1727 856; x_wconf 77' lang='grc' dir='ltr'><em>ἀμηγέπη</em></span> 
     </span>
    </p>

    <p class='ocr_par' dir='ltr' id='par_1_4' title="bbox 202 858 1784 1340">
     <span class='ocr_line' id='line_1_11' title="bbox 202 858 1784 926; baseline 0.001 -17"><span class='ocrx_word' id='word_1_95' title='bbox 202 866 236 902; x_wconf 85' lang='lat' dir='ltr'>D</span> <span class='ocrx_word' id='word_1_96' title='bbox 258 869 341 909; x_wconf 84' lang='grc' dir='ltr'><strong>τῶν</strong></span> <span class='ocrx_word' id='word_1_97' title='bbox 371 862 504 922; x_wconf 85' lang='grc' dir='ltr'><em>λόγων</em></span> <span class='ocrx_word' id='word_1_98' title='bbox 525 864 702 920; x_wconf 78' lang='grc' dir='ltr'><em>ἥπτετο,</em></span> <span class='ocrx_word' id='word_1_99' title='bbox 747 864 874 919; x_wconf 84' lang='grc' dir='ltr'><em>δόξαν</em></span> <span class='ocrx_word' id='word_1_100' title='bbox 910 866 1137 926; x_wconf 81' lang='grc' dir='ltr'><em>ἀναχωρεῖν</em></span> <span class='ocrx_word' id='word_1_101' title='bbox 1167 872 1336 924; x_wconf 81' lang='grc' dir='ltr'><em>βασιλεῖ’</em></span> <span class='ocrx_word' id='word_1_102' title='bbox 1364 867 1434 912; x_wconf 75' lang='grc' dir='ltr'><strong>διὰ</strong></span> <span class='ocrx_word' id='word_1_103' title='bbox 1465 858 1538 912; x_wconf 65' lang='grc' dir='ltr'><em>τὸν</em></span> <span class='ocrx_word' id='word_1_104' title='bbox 1567 865 1723 926; x_wconf 82' lang='grc' dir='ltr'><em>καιρόν,</em></span> <span class='ocrx_word' id='word_1_105' title='bbox 1739 883 1784 918; x_wconf 91' lang='lat'><strong>10</strong></span> 
     </span>
     <span class='ocr_line' id='line_1_12' title="bbox 252 928 1729 995; baseline 0 -16"><span class='ocrx_word' id='word_1_106' title='bbox 252 935 478 992; x_wconf 74' lang='grc' dir='ltr'><strong>θεραπείας</strong></span> <span class='ocrx_word' id='word_1_107' title='bbox 500 928 551 991; x_wconf 74' lang='grc' dir='ltr'><strong>ἧς</strong></span> <span class='ocrx_word' id='word_1_108' title='bbox 567 934 726 993; x_wconf 72' lang='grc' dir='ltr'><em>ἤπειγεν</em></span> <span class='ocrx_word' id='word_1_109' title='bbox 744 934 766 980; x_wconf 83' lang='grc' dir='ltr'>ὅ</span> <span class='ocrx_word' id='word_1_110' title='bbox 787 936 930 994; x_wconf 77' lang='grc' dir='ltr'><em>καιρὸς</em></span> <span class='ocrx_word' id='word_1_111' title='bbox 952 937 1076 989; x_wconf 77' lang='grc' dir='ltr'><em>ἀξιῶν</em></span> <span class='ocrx_word' id='word_1_112' title='bbox 1106 939 1170 980; x_wconf 74' lang='grc' dir='ltr'><em>ἐπὶ</em></span> <span class='ocrx_word' id='word_1_113' title='bbox 1198 944 1285 989; x_wconf 84' lang='grc' dir='ltr'><em>τοῖς</em></span> <span class='ocrx_word' id='word_1_114' title='bbox 1303 936 1534 995; x_wconf 70' lang='grc' dir='ltr'><em>λεγομένοις</em></span> <span class='ocrx_word' id='word_1_115' title='bbox 1550 936 1624 980; x_wconf 80' lang='grc' dir='ltr'><strong>τὸν</strong></span> <span class='ocrx_word' id='word_1_116' title='bbox 1644 954 1729 980; x_wconf 88' lang='grc' dir='ltr'><strong>πα-</strong></span> 
     </span>
     <span class='ocr_line' id='line_1_13' title="bbox 252 1001 1729 1064; baseline 0 -16"><span class='ocrx_word' id='word_1_117' title='bbox 252 1001 476 1062; x_wconf 81' lang='grc' dir='ltr'><em>τριάρχην,</em></span> <span class='ocrx_word' id='word_1_118' title='bbox 510 1003 588 1060; x_wconf 86' lang='grc' dir='ltr'><strong>τὴν</strong></span> <span class='ocrx_word' id='word_1_119' title='bbox 609 1006 876 1062; x_wconf 81' lang='grc' dir='ltr'><em>προκειμένην</em></span> <span class='ocrx_word' id='word_1_120' title='bbox 896 1008 1076 1061; x_wconf 84' lang='grc' dir='ltr'><em>βαδίζειν</em></span> <span class='ocrx_word' id='word_1_121' title='bbox 1100 1006 1299 1063; x_wconf 84' lang='grc' dir='ltr'><em>ἠπείγετο.</em></span> <span class='ocrx_word' id='word_1_122' title='bbox 1368 1007 1517 1057; x_wconf 71' lang='grc' dir='ltr'><em>ἐκεῖνος</em></span> <span class='ocrx_word' id='word_1_123' title='bbox 1547 1006 1595 1049; x_wconf 76' lang='grc' dir='ltr'><strong>δὲ</strong></span> <span class='ocrx_word' id='word_1_124' title='bbox 1613 1005 1729 1064; x_wconf 79' lang='grc' dir='ltr'><em>παρὰ</em></span> 
     </span>
     <span class='ocr_line' id='line_1_14' title="bbox 254 1073 1726 1133; baseline 0.001 -16"><span class='ocrx_word' id='word_1_125' title='bbox 254 1077 394 1117; x_wconf 83' lang='grc' dir='ltr'><em>πᾶσαν</em></span> <span class='ocrx_word' id='word_1_126' title='bbox 415 1074 561 1116; x_wconf 70' lang='grc' dir='ltr'><em>ἐλπίδα</em></span> <span class='ocrx_word' id='word_1_127' title='bbox 583 1078 666 1118; x_wconf 81' lang='grc' dir='ltr'><strong>τῶν</strong></span> <span class='ocrx_word' id='word_1_128' title='bbox 685 1075 1038 1132; x_wconf 80' lang='grc' dir='ltr'><em>προσδοκωμένων</em></span> <span class='ocrx_word' id='word_1_129' title='bbox 1061 1075 1365 1133; x_wconf 74' lang='grc' dir='ltr'><em>ἀποκρουσθεὶς</em></span> <span class='ocrx_word' id='word_1_130' title='bbox 1391 1073 1528 1119; x_wconf 77' lang='grc' dir='ltr'><em>ἀλύειν</em></span> <span class='ocrx_word' id='word_1_131' title='bbox 1553 1073 1726 1132; x_wconf 78' lang='grc' dir='ltr'><em>ἤρξατο,</em></span> 
     </span>
     <span class='ocr_line' id='line_1_15' title="bbox 255 1135 1730 1201; baseline -0.001 -14"><span class='ocrx_word' id='word_1_132' title='bbox 255 1144 324 1187; x_wconf 81' lang='grc' dir='ltr'><strong>καὶ</strong></span> <span class='ocrx_word' id='word_1_133' title='bbox 343 1143 401 1199; x_wconf 87' lang='grc' dir='ltr'><em>μὴ</em></span> <span class='ocrx_word' id='word_1_134' title='bbox 424 1141 695 1200; x_wconf 77' lang='grc' dir='ltr'><em>ὕποστρέφειν</em></span> <span class='ocrx_word' id='word_1_135' title='bbox 718 1143 868 1199; x_wconf 75' lang='grc' dir='ltr'><em>ἠπείλει</em></span> <span class='ocrx_word' id='word_1_136' title='bbox 887 1146 955 1188; x_wconf 79' lang='grc' dir='ltr'><strong>καὶ</strong></span> <span class='ocrx_word' id='word_1_137' title='bbox 973 1144 1032 1187; x_wconf 78' lang='grc' dir='ltr'><strong>δι’</strong></span> <span class='ocrx_word' id='word_1_138' title='bbox 1054 1142 1248 1201; x_wconf 81' lang='grc' dir='ltr'><em>Ἰωάννην</em></span> <span class='ocrx_word' id='word_1_139' title='bbox 1276 1135 1413 1195; x_wconf 75' lang='grc' dir='ltr'><em>οὕτως</em></span> <span class='ocrx_word' id='word_1_140' title='bbox 1431 1141 1730 1201; x_wconf 75' lang='grc' dir='ltr'><em>ἡγεμονεύοντα</em></span> 
     </span>
     <span class='ocr_line' id='line_1_16' title="bbox 253 1209 1783 1271; baseline -0.001 -15"><span class='ocrx_word' id='word_1_141' title='bbox 253 1214 322 1256; x_wconf 85' lang='grc' dir='ltr'><strong>καὶ</strong></span> <span class='ocrx_word' id='word_1_142' title='bbox 343 1213 412 1256; x_wconf 81' lang='grc' dir='ltr'><strong>διὰ</strong></span> <span class='ocrx_word' id='word_1_143' title='bbox 430 1212 484 1256; x_wconf 83' lang='grc' dir='ltr'><em>τοὶ</em></span> <span class='ocrx_word' id='word_1_144' title='bbox 503 1209 703 1270; x_wconf 85' lang='grc' dir='ltr'><em>παρόντα.</em></span> <span class='ocrx_word' id='word_1_145' title='bbox 777 1211 834 1264; x_wconf 81' lang='grc' dir='ltr'><strong>ὥς</strong></span> <span class='ocrx_word' id='word_1_146' title='bbox 860 1213 939 1271; x_wconf 84' lang='grc' dir='ltr'><strong>γὰρ</strong></span> <span class='ocrx_word' id='word_1_147' title='bbox 968 1215 1036 1257; x_wconf 80' lang='grc' dir='ltr'><em>καὶ</em></span> <span class='ocrx_word' id='word_1_148' title='bbox 1064 1215 1156 1271; x_wconf 83' lang='grc' dir='ltr'><em>περὶ</em></span> <span class='ocrx_word' id='word_1_149' title='bbox 1177 1211 1336 1257; x_wconf 79' lang='grc' dir='ltr'><em>τούτων</em></span> <span class='ocrx_word' id='word_1_150' title='bbox 1357 1217 1479 1257; x_wconf 80' lang='grc' dir='ltr'><em>κινῶν</em></span> <span class='ocrx_word' id='word_1_151' title='bbox 1500 1212 1576 1263; x_wconf 75' lang='grc' dir='ltr'><em>τὰς</em></span> <span class='ocrx_word' id='word_1_152' title='bbox 1593 1216 1727 1270; x_wconf 73' lang='grc' dir='ltr'><em>θερα-</em></span> <span class='ocrx_word' id='word_1_153' title='bbox 1739 1229 1783 1266; x_wconf 82' lang='lat'><strong>15</strong></span> 
     </span>
     <span class='ocr_line' id='line_1_17' title="bbox 249 1279 1730 1340; baseline 0.001 -16"><span class='ocrx_word' id='word_1_154' title='bbox 249 1282 367 1332; x_wconf 85' lang='grc' dir='ltr'><em>πείας</em></span> <span class='ocrx_word' id='word_1_155' title='bbox 395 1280 542 1337; x_wconf 75' lang='grc' dir='ltr'><em>ἤκουεν</em></span> <span class='ocrx_word' id='word_1_156' title='bbox 571 1279 845 1336; x_wconf 78' lang='grc' dir='ltr'><em>ἀπαντώσας,</em></span> <span class='ocrx_word' id='word_1_157' title='bbox 884 1282 1004 1327; x_wconf 77' lang='grc' dir='ltr'><em>οὐδὲν</em></span> <span class='ocrx_word' id='word_1_158' title='bbox 1035 1283 1156 1326; x_wconf 76' lang='grc' dir='ltr'><em>πλέον</em></span> <span class='ocrx_word' id='word_1_159' title='bbox 1185 1282 1213 1339; x_wconf 83' lang='grc' dir='ltr'>ἢ</span> <span class='ocrx_word' id='word_1_160' title='bbox 1233 1279 1526 1340; x_wconf 83' lang='grc' dir='ltr'><em>προσαλγήσας</em></span> <span class='ocrx_word' id='word_1_161' title='bbox 1545 1279 1608 1326; x_wconf 77' lang='grc' dir='ltr'><em>ὅτι</em></span> <span class='ocrx_word' id='word_1_162' title='bbox 1628 1298 1730 1325; x_wconf 87' lang='grc' dir='ltr'><em>συν-</em></span> 
     </span>
    </p>

    <p class='ocr_par' dir='ltr' id='par_1_5' title="bbox 201 1347 1730 1480">
     <span class='ocr_line' id='line_1_18' title="bbox 201 1347 1730 1408; baseline -0.002 -12"><span class='ocrx_word' id='word_1_163' title='bbox 201 1360 234 1396; x_wconf 82' lang='lat' dir='ltr'><strong>E</strong></span> <span class='ocrx_word' id='word_1_164' title='bbox 259 1350 479 1406; x_wconf 69' lang='grc' dir='ltr'><em>τέμνοντος</em></span> <span class='ocrx_word' id='word_1_165' title='bbox 510 1355 587 1394; x_wconf 81' lang='grc' dir='ltr'><strong>τοῦ</strong></span> <span class='ocrx_word' id='word_1_166' title='bbox 612 1355 758 1408; x_wconf 86' lang='grc' dir='ltr'><em>καιροῦ</em></span> <span class='ocrx_word' id='word_1_167' title='bbox 782 1355 867 1395; x_wconf 85' lang='grc' dir='ltr'><strong>τῶν</strong></span> <span class='ocrx_word' id='word_1_168' title='bbox 894 1356 1172 1408; x_wconf 76' lang='grc' dir='ltr'><em>καθηκουσῶν</em></span> <span class='ocrx_word' id='word_1_169' title='bbox 1196 1349 1366 1406; x_wconf 77' lang='grc' dir='ltr'><em>ὁμιλιῶν</em></span> <span class='ocrx_word' id='word_1_170' title='bbox 1383 1350 1460 1396; x_wconf 78' lang='grc' dir='ltr'><em>οὐκ</em></span> <span class='ocrx_word' id='word_1_171' title='bbox 1480 1349 1560 1407; x_wconf 75' lang='grc' dir='ltr'><em>εἶχε</em></span> <span class='ocrx_word' id='word_1_172' title='bbox 1575 1347 1730 1407; x_wconf 78' lang='grc' dir='ltr'><em>τυγχά-</em></span> 
     </span>
     <span class='ocr_line' id='line_1_19' title="bbox 254 1416 1730 1480; baseline 0.001 -17"><span class='ocrx_word' id='word_1_173' title='bbox 254 1437 336 1464; x_wconf 86' lang='grc' dir='ltr'><em>νειν</em></span> <span class='ocrx_word' id='word_1_174' title='bbox 358 1419 454 1479; x_wconf 75' lang='grc' dir='ltr'><em>(οὐκ</em></span> <span class='ocrx_word' id='word_1_175' title='bbox 476 1418 559 1463; x_wconf 78' lang='grc' dir='ltr'><em>οἷδ’</em></span> <span class='ocrx_word' id='word_1_176' title='bbox 582 1421 617 1464; x_wconf 78' lang='grc' dir='ltr'><strong>εἲ</strong></span> <span class='ocrx_word' id='word_1_177' title='bbox 634 1422 702 1464; x_wconf 83' lang='grc' dir='ltr'><strong>καὶ</strong></span> <span class='ocrx_word' id='word_1_178' title='bbox 719 1420 916 1476; x_wconf 69' lang='grc' dir='ltr'><em>βασιλεὺς</em></span> <span class='ocrx_word' id='word_1_179' title='bbox 936 1420 1069 1473; x_wconf 76' lang='grc' dir='ltr'><em>οὕτως</em></span> <span class='ocrx_word' id='word_1_180' title='bbox 1087 1421 1318 1478; x_wconf 71' lang='grc' dir='ltr'><em>ἐξεπίτηδες</em></span> <span class='ocrx_word' id='word_1_181' title='bbox 1336 1420 1526 1480; x_wconf 63' lang='grc' dir='ltr'><em>ἔπραττε,</em></span> <span class='ocrx_word' id='word_1_182' title='bbox 1561 1419 1622 1477; x_wconf 84' lang='grc' dir='ltr'><em>μὴ</em></span> <span class='ocrx_word' id='word_1_183' title='bbox 1642 1416 1730 1464; x_wconf 68' lang='grc' dir='ltr'><strong>θῦ-</strong></span> 
     </span>
    </p>
   </div>
   <div class='ocr_carea' id='block_1_3' title="bbox 246 1551 1730 2847">
    <p class='ocr_par' dir='ltr' id='par_1_6' title="bbox 246 1551 1730 2554">
     <span class='ocr_line' id='line_1_20' title="bbox 246 1551 1730 1598; baseline 0 -11"><span class='ocrx_word' id='word_1_184' title='bbox 246 1551 356 1587; x_wconf 87' lang='lat' dir='ltr'><strong>ratori</strong></span> <span class='ocrx_word' id='word_1_185' title='bbox 379 1562 453 1586; x_wconf 86' lang='lat' dir='ltr'><strong>cum</strong></span> <span class='ocrx_word' id='word_1_186' title='bbox 478 1552 679 1588; x_wconf 83' lang='lat' dir='ltr'><strong>accessisset</strong></span> <span class='ocrx_word' id='word_1_187' title='bbox 702 1553 911 1598; x_wconf 84' lang='lat' dir='ltr'><strong>patriarcha,</strong></span> <span class='ocrx_word' id='word_1_188' title='bbox 931 1554 990 1589; x_wconf 90' lang='lat' dir='ltr'><strong>ille</strong></span> <span class='ocrx_word' id='word_1_189' title='bbox 1013 1557 1053 1588; x_wconf 89' lang='lat' dir='ltr'><strong>ut</strong></span> <span class='ocrx_word' id='word_1_190' title='bbox 1074 1565 1211 1590; x_wconf 86' lang='lat' dir='ltr'><strong>movere</strong></span> <span class='ocrx_word' id='word_1_191' title='bbox 1233 1553 1301 1588; x_wconf 83' lang='lat' dir='ltr'><strong>iam</strong></span> <span class='ocrx_word' id='word_1_192' title='bbox 1323 1565 1363 1588; x_wconf 89' lang='lat' dir='ltr'><strong>se</strong></span> <span class='ocrx_word' id='word_1_193' title='bbox 1386 1552 1432 1588; x_wconf 85' lang='lat' dir='ltr'><strong>ad</strong></span> <span class='ocrx_word' id='word_1_194' title='bbox 1452 1552 1580 1588; x_wconf 88' lang='lat' dir='ltr'><strong>abitum</strong></span> <span class='ocrx_word' id='word_1_195' title='bbox 1604 1563 1730 1598; x_wconf 82' lang='lat' dir='ltr'><strong>coepe-</strong></span> 
     </span>
     <span class='ocr_line' id='line_1_21' title="bbox 247 1598 1729 1644; baseline 0.001 -13"><span class='ocrx_word' id='word_1_196' title='bbox 247 1602 317 1638; x_wconf 85' lang='lat' dir='ltr'><strong>rat,</strong></span> <span class='ocrx_word' id='word_1_197' title='bbox 342 1598 524 1643; x_wconf 79' lang='lat' dir='ltr'><strong>perpaucis</strong></span> <span class='ocrx_word' id='word_1_198' title='bbox 548 1598 580 1633; x_wconf 90' lang='lat' dir='ltr'><strong>ei</strong></span> <span class='ocrx_word' id='word_1_199' title='bbox 603 1604 639 1633; x_wconf 92' lang='lat' dir='ltr'><strong>et</strong></span> <span class='ocrx_word' id='word_1_200' title='bbox 661 1600 893 1644; x_wconf 82' lang='lat' dir='ltr'><strong>perfunctorie</strong></span> <span class='ocrx_word' id='word_1_201' title='bbox 915 1600 1069 1642; x_wconf 88' lang='lat' dir='ltr'><strong>locutus,</strong></span> <span class='ocrx_word' id='word_1_202' title='bbox 1100 1601 1177 1635; x_wconf 86' lang='lat' dir='ltr'><strong>vale</strong></span> <span class='ocrx_word' id='word_1_203' title='bbox 1199 1611 1278 1634; x_wconf 85' lang='lat' dir='ltr'><strong>mox</strong></span> <span class='ocrx_word' id='word_1_204' title='bbox 1301 1599 1393 1634; x_wconf 83' lang='lat' dir='ltr'><strong>dicto</strong></span> <span class='ocrx_word' id='word_1_205' title='bbox 1417 1610 1460 1633; x_wconf 89' lang='lat' dir='ltr'><strong>ac</strong></span> <span class='ocrx_word' id='word_1_206' title='bbox 1482 1603 1534 1633; x_wconf 84' lang='lat' dir='ltr'><strong>tot</strong></span> <span class='ocrx_word' id='word_1_207' title='bbox 1555 1598 1624 1633; x_wconf 85' lang='lat' dir='ltr'><strong>illis</strong></span> <span class='ocrx_word' id='word_1_208' title='bbox 1648 1609 1729 1632; x_wconf 90' lang='lat' dir='ltr'><strong>eru-</strong></span> 
     </span>
     <span class='ocr_line' id='line_1_22' title="bbox 248 1643 1729 1692; baseline 0 -14"><span class='ocrx_word' id='word_1_209' title='bbox 248 1643 476 1690; x_wconf 86' lang='lat' dir='ltr'><strong>pturientibus</strong></span> <span class='ocrx_word' id='word_1_210' title='bbox 496 1656 538 1679; x_wconf 87' lang='lat' dir='ltr'><strong>ex</strong></span> <span class='ocrx_word' id='word_1_211' title='bbox 561 1656 621 1679; x_wconf 89' lang='lat' dir='ltr'><strong>ore</strong></span> <span class='ocrx_word' id='word_1_212' title='bbox 638 1645 858 1689; x_wconf 82' lang='lat' dir='ltr'><strong>patriarchae</strong></span> <span class='ocrx_word' id='word_1_213' title='bbox 880 1646 1088 1680; x_wconf 80' lang='lat' dir='ltr'><strong>sermonibus</strong></span> <span class='ocrx_word' id='word_1_214' title='bbox 1113 1646 1211 1692; x_wconf 80' lang='lat' dir='ltr'><strong>quasi</strong></span> <span class='ocrx_word' id='word_1_215' title='bbox 1227 1645 1345 1680; x_wconf 86' lang='lat' dir='ltr'><strong>valvas</strong></span> <span class='ocrx_word' id='word_1_216' title='bbox 1369 1645 1552 1687; x_wconf 83' lang='lat' dir='ltr'><strong>obducens,</strong></span> <span class='ocrx_word' id='word_1_217' title='bbox 1578 1644 1729 1678; x_wconf 81' lang='lat' dir='ltr'><strong>solemne</strong></span> 
     </span>
     <span class='ocr_line' id='line_1_23' title="bbox 246 1690 1728 1738; baseline 0 -14"><span class='ocrx_word' id='word_1_218' title='bbox 246 1690 510 1735; x_wconf 82' lang='lat' dir='ltr'><strong>digredientium</strong></span> <span class='ocrx_word' id='word_1_219' title='bbox 548 1691 696 1736; x_wconf 89' lang='lat' dir='ltr'><strong>protulit</strong></span> <span class='ocrx_word' id='word_1_220' title='bbox 724 1702 861 1726; x_wconf 86' lang='lat' dir='ltr'><strong>carmen</strong></span> <span class='ocrx_word' id='word_1_221' title='bbox 878 1718 889 1734; x_wconf 90' lang='lat'>‚</span> <span class='ocrx_word' id='word_1_222' title='bbox 934 1692 1203 1727; x_wconf 82' lang='lat' dir='ltr'><strong>benedictionem</strong></span> <span class='ocrx_word' id='word_1_223' title='bbox 1242 1691 1440 1738; x_wconf 81' lang='lat' dir='ltr'><strong>postulans,</strong></span> <span class='ocrx_word' id='word_1_224' title='bbox 1480 1690 1599 1737; x_wconf 84' lang='lat' dir='ltr'><strong>sicque</strong></span> <span class='ocrx_word' id='word_1_225' title='bbox 1635 1690 1728 1724; x_wconf 85' lang='lat' dir='ltr'><strong>illum</strong></span> 
     </span>
     <span class='ocr_line' id='line_1_24' title="bbox 252 1736 1729 1784; baseline 0 -14"><span class='ocrx_word' id='word_1_226' title='bbox 252 1736 396 1771; x_wconf 83' lang='lat' dir='ltr'><strong>dimisit.</strong></span> <span class='ocrx_word' id='word_1_227' title='bbox 442 1736 638 1782; x_wconf 87' lang='lat' dir='ltr'><strong>patriarcha</strong></span> <span class='ocrx_word' id='word_1_228' title='bbox 661 1737 816 1772; x_wconf 83' lang='lat' dir='ltr'><strong>exclusus</strong></span> <span class='ocrx_word' id='word_1_229' title='bbox 837 1742 1011 1784; x_wconf 87' lang='lat' dir='ltr'><strong>tempore,</strong></span> <span class='ocrx_word' id='word_1_230' title='bbox 1045 1743 1085 1773; x_wconf 89' lang='lat' dir='ltr'><strong>ut</strong></span> <span class='ocrx_word' id='word_1_231' title='bbox 1117 1738 1242 1772; x_wconf 90' lang='lat' dir='ltr'><strong>nullum</strong></span> <span class='ocrx_word' id='word_1_232' title='bbox 1266 1749 1331 1771; x_wconf 88' lang='lat' dir='ltr'><strong>non</strong></span> <span class='ocrx_word' id='word_1_233' title='bbox 1353 1736 1549 1771; x_wconf 80' lang='lat' dir='ltr'><strong>intenderet</strong></span> <span class='ocrx_word' id='word_1_234' title='bbox 1570 1739 1729 1771; x_wconf 85' lang='lat' dir='ltr'><strong>conatum</strong></span> 
     </span>
     <span class='ocr_line' id='line_1_25' title="bbox 253 1781 1729 1830; baseline -0.001 -13"><span class='ocrx_word' id='word_1_235' title='bbox 253 1781 468 1829; x_wconf 84' lang='lat' dir='ltr'><strong>prensandae</strong></span> <span class='ocrx_word' id='word_1_236' title='bbox 489 1783 569 1817; x_wconf 90' lang='lat' dir='ltr'><strong>dum</strong></span> <span class='ocrx_word' id='word_1_237' title='bbox 589 1783 712 1818; x_wconf 89' lang='lat' dir='ltr'><strong>liceret</strong></span> <span class='ocrx_word' id='word_1_238' title='bbox 734 1784 933 1825; x_wconf 81' lang='lat' dir='ltr'><strong>occasionis,</strong></span> <span class='ocrx_word' id='word_1_239' title='bbox 959 1785 1050 1819; x_wconf 80' lang='lat' dir='ltr'><strong>stitit</strong></span> <span class='ocrx_word' id='word_1_240' title='bbox 1071 1784 1314 1830; x_wconf 87' lang='lat' dir='ltr'><strong>aliquantulum</strong></span> <span class='ocrx_word' id='word_1_241' title='bbox 1337 1784 1524 1829; x_wconf 80' lang='lat' dir='ltr'><strong>Augustum</strong></span> <span class='ocrx_word' id='word_1_242' title='bbox 1547 1782 1729 1818; x_wconf 86' lang='lat' dir='ltr'><strong>abeuntem</strong></span> 
     </span>
     <span class='ocr_line' id='line_1_26' title="bbox 253 1829 1728 1877; baseline -0.001 -14"><span class='ocrx_word' id='word_1_243' title='bbox 253 1829 403 1875; x_wconf 87' lang='lat' dir='ltr'><strong>petenda</strong></span> <span class='ocrx_word' id='word_1_244' title='bbox 424 1830 592 1864; x_wconf 78' lang='lat' dir='ltr'><strong>facultate</strong></span> <span class='ocrx_word' id='word_1_245' title='bbox 614 1829 776 1865; x_wconf 85' lang='lat' dir='ltr'><strong>visendae</strong></span> <span class='ocrx_word' id='word_1_246' title='bbox 797 1830 980 1865; x_wconf 86' lang='lat' dir='ltr'><strong>Simonidis</strong></span> <span class='ocrx_word' id='word_1_247' title='bbox 1002 1831 1103 1877; x_wconf 90' lang='lat' dir='ltr'><strong>eique</strong></span> <span class='ocrx_word' id='word_1_248' title='bbox 1123 1832 1212 1865; x_wconf 91' lang='lat' dir='ltr'><strong>bene</strong></span> <span class='ocrx_word' id='word_1_249' title='bbox 1233 1830 1415 1876; x_wconf 86' lang='lat' dir='ltr'><strong>precandi,</strong></span> <span class='ocrx_word' id='word_1_250' title='bbox 1441 1833 1623 1875; x_wconf 87' lang='lat' dir='ltr'><strong>antequam</strong></span> <span class='ocrx_word' id='word_1_251' title='bbox 1646 1838 1728 1874; x_wconf 87' lang='lat' dir='ltr'><strong>per-</strong></span> 
     </span>
     <span class='ocr_line' id='line_1_27' title="bbox 253 1873 1729 1922; baseline -0.001 -12"><span class='ocrx_word' id='word_1_252' title='bbox 253 1887 338 1920; x_wconf 82' lang='lat' dir='ltr'><strong>egre</strong></span> <span class='ocrx_word' id='word_1_253' title='bbox 368 1875 412 1910; x_wconf 92' lang='lat' dir='ltr'><strong>ad</strong></span> <span class='ocrx_word' id='word_1_254' title='bbox 442 1887 602 1922; x_wconf 85' lang='lat' dir='ltr'><strong>sponsum</strong></span> <span class='ocrx_word' id='word_1_255' title='bbox 633 1876 874 1911; x_wconf 83' lang='lat' dir='ltr'><strong>abduceretur.</strong></span> <span class='ocrx_word' id='word_1_256' title='bbox 919 1878 1088 1922; x_wconf 82' lang='lat' dir='ltr'><strong>quomodo</strong></span> <span class='ocrx_word' id='word_1_257' title='bbox 1117 1877 1203 1911; x_wconf 91' lang='lat' dir='ltr'><strong>enim</strong></span> <span class='ocrx_word' id='word_1_258' title='bbox 1233 1887 1300 1911; x_wconf 89' lang='lat' dir='ltr'><strong>non</strong></span> <span class='ocrx_word' id='word_1_259' title='bbox 1331 1875 1533 1911; x_wconf 88' lang='lat' dir='ltr'><strong>conveniret</strong></span> <span class='ocrx_word' id='word_1_260' title='bbox 1561 1874 1638 1909; x_wconf 86' lang='lat' dir='ltr'><strong>sisti</strong></span> <span class='ocrx_word' id='word_1_261' title='bbox 1660 1873 1729 1908; x_wconf 84' lang='lat' dir='ltr'><strong>sibi</strong></span> 
     </span>
     <span class='ocr_line' id='line_1_28' title="bbox 254 1921 1728 1968; baseline -0.001 -12"><span class='ocrx_word' id='word_1_262' title='bbox 254 1921 321 1956; x_wconf 90' lang='lat' dir='ltr'><strong>iam</strong></span> <span class='ocrx_word' id='word_1_263' title='bbox 353 1921 505 1956; x_wconf 87' lang='lat' dir='ltr'><strong>adultam</strong></span> <span class='ocrx_word' id='word_1_264' title='bbox 535 1926 640 1968; x_wconf 91' lang='lat' dir='ltr'><strong>atque</strong></span> <span class='ocrx_word' id='word_1_265' title='bbox 672 1923 758 1957; x_wconf 89' lang='lat' dir='ltr'><strong>adeo</strong></span> <span class='ocrx_word' id='word_1_266' title='bbox 790 1924 864 1958; x_wconf 88' lang='lat' dir='ltr'><strong>fere</strong></span> <span class='ocrx_word' id='word_1_267' title='bbox 895 1923 1066 1958; x_wconf 83' lang='lat' dir='ltr'><strong>admotam</strong></span> <span class='ocrx_word' id='word_1_268' title='bbox 1093 1923 1253 1958; x_wconf 86' lang='lat' dir='ltr'><strong>transitui</strong></span> <span class='ocrx_word' id='word_1_269' title='bbox 1281 1922 1326 1957; x_wconf 86' lang='lat' dir='ltr'><strong>ad</strong></span> <span class='ocrx_word' id='word_1_270' title='bbox 1359 1921 1505 1956; x_wconf 89' lang='lat' dir='ltr'><strong>nubilem</strong></span> <span class='ocrx_word' id='word_1_271' title='bbox 1534 1924 1682 1955; x_wconf 78' lang='lat' dir='ltr'><strong>aetatem</strong></span> <span class='ocrx_word' id='word_1_272' title='bbox 1705 1931 1728 1954; x_wconf 78' lang='lat' dir='ltr'><strong>a</strong></span> 
     </span>
     <span class='ocr_line' id='line_1_29' title="bbox 254 1967 1727 2016; baseline -0.001 -14"><span class='ocrx_word' id='word_1_273' title='bbox 254 1969 379 2013; x_wconf 87' lang='lat' dir='ltr'><strong>puerili</strong></span> <span class='ocrx_word' id='word_1_274' title='bbox 409 1969 539 2013; x_wconf 85' lang='lat' dir='ltr'><strong>regiam</strong></span> <span class='ocrx_word' id='word_1_275' title='bbox 561 1968 746 2014; x_wconf 81' lang='lat' dir='ltr'><strong>virginem,</strong></span> <span class='ocrx_word' id='word_1_276' title='bbox 772 1981 861 2016; x_wconf 86' lang='lat' dir='ltr'><strong>quae</strong></span> <span class='ocrx_word' id='word_1_277' title='bbox 883 1969 938 2004; x_wconf 77' lang='lat' dir='ltr'><strong>vel</strong></span> <span class='ocrx_word' id='word_1_278' title='bbox 960 1970 989 2005; x_wconf 85' lang='lat' dir='ltr'><strong>si</strong></span> <span class='ocrx_word' id='word_1_279' title='bbox 1014 1970 1187 2016; x_wconf 86' lang='lat' dir='ltr'><strong>aliquanto</strong></span> <span class='ocrx_word' id='word_1_280' title='bbox 1210 1974 1287 2015; x_wconf 90' lang='lat' dir='ltr'><strong>post</strong></span> <span class='ocrx_word' id='word_1_281' title='bbox 1310 1968 1463 2015; x_wconf 87' lang='lat' dir='ltr'><strong>quintum</strong></span> <span class='ocrx_word' id='word_1_282' title='bbox 1487 1979 1508 2002; x_wconf 89' lang='lat' dir='ltr'><strong>a</strong></span> <span class='ocrx_word' id='word_1_283' title='bbox 1530 1967 1640 2013; x_wconf 82' lang='lat' dir='ltr'><strong>primo</strong></span> <span class='ocrx_word' id='word_1_284' title='bbox 1659 1977 1727 2000; x_wconf 86' lang='lat' dir='ltr'><strong>na-</strong></span> 
     </span>
     <span class='ocr_line' id='line_1_30' title="bbox 254 2012 1729 2061; baseline -0.001 -14"><span class='ocrx_word' id='word_1_285' title='bbox 254 2013 315 2047; x_wconf 86' lang='lat' dir='ltr'><strong>tali</strong></span> <span class='ocrx_word' id='word_1_286' title='bbox 338 2014 428 2049; x_wconf 88' lang='lat' dir='ltr'><strong>diem</strong></span> <span class='ocrx_word' id='word_1_287' title='bbox 451 2014 605 2060; x_wconf 88' lang='lat' dir='ltr'><strong>pontifici</strong></span> <span class='ocrx_word' id='word_1_288' title='bbox 625 2015 831 2058; x_wconf 84' lang='lat' dir='ltr'><strong>offerretur,</strong></span> <span class='ocrx_word' id='word_1_289' title='bbox 852 2027 965 2050; x_wconf 89' lang='lat' dir='ltr'><strong>serum</strong></span> <span class='ocrx_word' id='word_1_290' title='bbox 985 2017 1089 2052; x_wconf 88' lang='lat' dir='ltr'><strong>foret.</strong></span> <span class='ocrx_word' id='word_1_291' title='bbox 1134 2016 1220 2050; x_wconf 86' lang='lat' dir='ltr'><strong>haec</strong></span> <span class='ocrx_word' id='word_1_292' title='bbox 1241 2014 1377 2061; x_wconf 85' lang='lat' dir='ltr'><strong>oblique</strong></span> <span class='ocrx_word' id='word_1_293' title='bbox 1397 2015 1489 2048; x_wconf 89' lang='lat' dir='ltr'><strong>iacta</strong></span> <span class='ocrx_word' id='word_1_294' title='bbox 1512 2025 1552 2047; x_wconf 90' lang='lat' dir='ltr'><strong>eo</strong></span> <span class='ocrx_word' id='word_1_295' title='bbox 1574 2012 1729 2058; x_wconf 86' lang='lat' dir='ltr'><strong>pertine-</strong></span> 
     </span>
     <span class='ocr_line' id='line_1_31' title="bbox 254 2057 1729 2108; baseline -0.001 -15"><span class='ocrx_word' id='word_1_296' title='bbox 254 2060 360 2103; x_wconf 87' lang='lat' dir='ltr'><strong>bant,</strong></span> <span class='ocrx_word' id='word_1_297' title='bbox 391 2065 431 2095; x_wconf 89' lang='lat' dir='ltr'><strong>ut</strong></span> <span class='ocrx_word' id='word_1_298' title='bbox 460 2062 505 2095; x_wconf 88' lang='lat' dir='ltr'><strong>ab</strong></span> <span class='ocrx_word' id='word_1_299' title='bbox 537 2061 744 2107; x_wconf 77' lang='lat' dir='ltr'><strong>imperatore</strong></span> <span class='ocrx_word' id='word_1_300' title='bbox 774 2066 926 2097; x_wconf 84' lang='lat' dir='ltr'><strong>mutuam</strong></span> <span class='ocrx_word' id='word_1_301' title='bbox 953 2063 1122 2108; x_wconf 87' lang='lat' dir='ltr'><strong>quandam</strong></span> <span class='ocrx_word' id='word_1_302' title='bbox 1151 2062 1314 2096; x_wconf 83' lang='lat' dir='ltr'><strong>elicerent</strong></span> <span class='ocrx_word' id='word_1_303' title='bbox 1343 2059 1547 2095; x_wconf 78' lang='lat' dir='ltr'><strong>matrimonii</strong></span> <span class='ocrx_word' id='word_1_304' title='bbox 1568 2057 1729 2093; x_wconf 78' lang='lat' dir='ltr'><strong>destinati</strong></span> 
     </span>
     <span class='ocr_line' id='line_1_32' title="bbox 254 2105 1728 2156; baseline -0.002 -16"><span class='ocrx_word' id='word_1_305' title='bbox 254 2106 479 2148; x_wconf 83' lang='lat' dir='ltr'><strong>mentionem,</strong></span> <span class='ocrx_word' id='word_1_306' title='bbox 509 2119 552 2141; x_wconf 84' lang='lat' dir='ltr'><strong>ex</strong></span> <span class='ocrx_word' id='word_1_307' title='bbox 574 2119 644 2154; x_wconf 89' lang='lat' dir='ltr'><strong>qua</strong></span> <span class='ocrx_word' id='word_1_308' title='bbox 665 2113 784 2153; x_wconf 82' lang='lat' dir='ltr'><strong>posset</strong></span> <span class='ocrx_word' id='word_1_309' title='bbox 806 2120 890 2144; x_wconf 87' lang='lat' dir='ltr'><strong>ansa</strong></span> <span class='ocrx_word' id='word_1_310' title='bbox 910 2109 1004 2143; x_wconf 84' lang='lat' dir='ltr'><strong>velut</strong></span> <span class='ocrx_word' id='word_1_311' title='bbox 1025 2109 1173 2156; x_wconf 85' lang='lat' dir='ltr'><strong>quadam</strong></span> <span class='ocrx_word' id='word_1_312' title='bbox 1203 2108 1240 2142; x_wconf 88' lang='lat' dir='ltr'><strong>iu</strong></span> <span class='ocrx_word' id='word_1_313' title='bbox 1264 2106 1524 2153; x_wconf 78' lang='lat' dir='ltr'><strong>disputationem</strong></span> <span class='ocrx_word' id='word_1_314' title='bbox 1544 2105 1636 2139; x_wconf 84' lang='lat' dir='ltr'><strong>trahi</strong></span> <span class='ocrx_word' id='word_1_315' title='bbox 1659 2114 1728 2138; x_wconf 90' lang='lat' dir='ltr'><strong>non</strong></span> 
     </span>
     <span class='ocr_line' id='line_1_33' title="bbox 253 2152 1726 2200; baseline 0.001 -15"><span class='ocrx_word' id='word_1_316' title='bbox 253 2153 434 2197; x_wconf 90' lang='lat' dir='ltr'><strong>probatum</strong></span> <span class='ocrx_word' id='word_1_317' title='bbox 467 2152 558 2188; x_wconf 89' lang='lat' dir='ltr'><strong>istud</strong></span> <span class='ocrx_word' id='word_1_318' title='bbox 589 2154 805 2200; x_wconf 83' lang='lat' dir='ltr'><strong>patriarchae</strong></span> <span class='ocrx_word' id='word_1_319' title='bbox 836 2155 1020 2200; x_wconf 84' lang='lat' dir='ltr'><strong>negotium.</strong></span> <span class='ocrx_word' id='word_1_320' title='bbox 1067 2154 1127 2190; x_wconf 84' lang='lat' dir='ltr'><strong>sed</strong></span> <span class='ocrx_word' id='word_1_321' title='bbox 1159 2154 1260 2189; x_wconf 87' lang='lat' dir='ltr'><strong>elusit</strong></span> <span class='ocrx_word' id='word_1_322' title='bbox 1287 2153 1385 2188; x_wconf 86' lang='lat' dir='ltr'><strong>huius</strong></span> <span class='ocrx_word' id='word_1_323' title='bbox 1417 2155 1510 2186; x_wconf 83' lang='lat' dir='ltr'><strong>artes</strong></span> <span class='ocrx_word' id='word_1_324' title='bbox 1533 2152 1726 2195; x_wconf 59' lang='lat' dir='ltr'><strong>Augustam</strong></span> 
     </span>
     <span class='ocr_line' id='line_1_34' title="bbox 254 2195 1727 2247; baseline -0.003 -14"><span class='ocrx_word' id='word_1_325' title='bbox 254 2207 333 2231; x_wconf 77' lang='lat' dir='ltr'><strong>num</strong></span> <span class='ocrx_word' id='word_1_326' title='bbox 354 2198 479 2243; x_wconf 87' lang='lat' dir='ltr'><strong>puella,</strong></span> <span class='ocrx_word' id='word_1_327' title='bbox 505 2200 596 2245; x_wconf 88' lang='lat' dir='ltr'><strong>quod</strong></span> <span class='ocrx_word' id='word_1_328' title='bbox 619 2200 739 2246; x_wconf 83' lang='lat' dir='ltr'><strong>negari</strong></span> <span class='ocrx_word' id='word_1_329' title='bbox 761 2212 828 2236; x_wconf 91' lang='lat' dir='ltr'><strong>non</strong></span> <span class='ocrx_word' id='word_1_330' title='bbox 850 2202 980 2247; x_wconf 88' lang='lat' dir='ltr'><strong>potuit,</strong></span> <span class='ocrx_word' id='word_1_331' title='bbox 1004 2202 1037 2236; x_wconf 90' lang='lat' dir='ltr'><strong>ei</strong></span> <span class='ocrx_word' id='word_1_332' title='bbox 1059 2201 1223 2243; x_wconf 85' lang='lat' dir='ltr'><strong>exhibita,</strong></span> <span class='ocrx_word' id='word_1_333' title='bbox 1247 2203 1283 2234; x_wconf 90' lang='lat' dir='ltr'><strong>et</strong></span> <span class='ocrx_word' id='word_1_334' title='bbox 1304 2200 1380 2246; x_wconf 84' lang='lat' dir='ltr'><strong>ipso</strong></span> <span class='ocrx_word' id='word_1_335' title='bbox 1403 2197 1437 2232; x_wconf 86' lang='lat' dir='ltr'><strong>ei</strong></span> <span class='ocrx_word' id='word_1_336' title='bbox 1458 2197 1560 2232; x_wconf 86' lang='lat' dir='ltr'><strong>solita</strong></span> <span class='ocrx_word' id='word_1_337' title='bbox 1581 2195 1727 2230; x_wconf 77' lang='lat' dir='ltr'><strong>formula</strong></span> 
     </span>
     <span class='ocr_line' id='line_1_35' title="bbox 255 2241 1728 2296; baseline -0.002 -19"><span class='ocrx_word' id='word_1_338' title='bbox 255 2244 344 2278; x_wconf 93' lang='lat' dir='ltr'><strong>bene</strong></span> <span class='ocrx_word' id='word_1_339' title='bbox 367 2249 529 2289; x_wconf 88' lang='lat' dir='ltr'><strong>precato,</strong></span> <span class='ocrx_word' id='word_1_340' title='bbox 553 2251 775 2292; x_wconf 79' lang='lat' dir='ltr'><strong>praevertens</strong></span> <span class='ocrx_word' id='word_1_341' title='bbox 796 2259 930 2284; x_wconf 88' lang='lat' dir='ltr'><strong>omnem</strong></span> <span class='ocrx_word' id='word_1_342' title='bbox 950 2249 1144 2283; x_wconf 84' lang='lat' dir='ltr'><strong>ulteriorem</strong></span> <span class='ocrx_word' id='word_1_343' title='bbox 1167 2257 1352 2282; x_wconf 85' lang='lat' dir='ltr'><strong>sermonem</strong></span> <span class='ocrx_word' id='word_1_344' title='bbox 1374 2244 1561 2289; x_wconf 87' lang='lat' dir='ltr'><strong>imperator</strong></span> <span class='ocrx_word' id='word_1_345' title='bbox 1580 2241 1615 2276; x_wconf 88' lang='lat' dir='ltr'><strong>iu</strong></span> <span class='ocrx_word' id='word_1_346' title='bbox 1639 2252 1728 2296; x_wconf 57' lang='lat' dir='ltr'><strong>pur!-</strong></span> 
     </span>
     <span class='ocr_line' id='line_1_36' title="bbox 255 2289 1729 2340; baseline -0.002 -16"><span class='ocrx_word' id='word_1_347' title='bbox 255 2292 312 2324; x_wconf 83' lang='lat' dir='ltr'><strong>cto</strong></span> <span class='ocrx_word' id='word_1_348' title='bbox 335 2289 467 2334; x_wconf 82' lang='lat' dir='ltr'><strong>signum</strong></span> <span class='ocrx_word' id='word_1_349' title='bbox 491 2292 594 2326; x_wconf 91' lang='lat' dir='ltr'><strong>eundi</strong></span> <span class='ocrx_word' id='word_1_350' title='bbox 616 2293 688 2328; x_wconf 88' lang='lat' dir='ltr'><strong>suis</strong></span> <span class='ocrx_word' id='word_1_351' title='bbox 710 2293 817 2336; x_wconf 88' lang='lat' dir='ltr'><strong>dedit,</strong></span> <span class='ocrx_word' id='word_1_352' title='bbox 840 2298 997 2329; x_wconf 82' lang='lat' dir='ltr'><strong>causatus</strong></span> <span class='ocrx_word' id='word_1_353' title='bbox 1019 2294 1136 2340; x_wconf 86' lang='lat' dir='ltr'><strong>urgeri</strong></span> <span class='ocrx_word' id='word_1_354' title='bbox 1157 2304 1195 2328; x_wconf 89' lang='lat' dir='ltr'><strong>se</strong></span> <span class='ocrx_word' id='word_1_355' title='bbox 1216 2296 1256 2326; x_wconf 90' lang='lat' dir='ltr'><strong>ut</strong></span> <span class='ocrx_word' id='word_1_356' title='bbox 1278 2290 1402 2326; x_wconf 81' lang='lat' dir='ltr'><strong>officiis</strong></span> <span class='ocrx_word' id='word_1_357' title='bbox 1422 2289 1503 2323; x_wconf 83' lang='lat' dir='ltr'><strong>alibi</strong></span> <span class='ocrx_word' id='word_1_358' title='bbox 1525 2297 1729 2322; x_wconf 77' lang='lat' dir='ltr'><strong>necessarus</strong></span> 
     </span>
     <span class='ocr_line' id='line_1_37' title="bbox 253 2334 1726 2384; baseline -0.002 -14"><span class='ocrx_word' id='word_1_359' title='bbox 253 2340 463 2371; x_wconf 88' lang='lat' dir='ltr'><strong>occurreret.</strong></span> <span class='ocrx_word' id='word_1_360' title='bbox 512 2349 554 2372; x_wconf 86' lang='lat' dir='ltr'><strong>ac</strong></span> <span class='ocrx_word' id='word_1_361' title='bbox 586 2339 638 2374; x_wconf 86' lang='lat' dir='ltr'><strong>sic</strong></span> <span class='ocrx_word' id='word_1_362' title='bbox 673 2341 781 2374; x_wconf 87' lang='lat' dir='ltr'><strong>verba</strong></span> <span class='ocrx_word' id='word_1_363' title='bbox 812 2340 848 2375; x_wconf 93' lang='lat' dir='ltr'><strong>in</strong></span> <span class='ocrx_word' id='word_1_364' title='bbox 882 2352 943 2376; x_wconf 88' lang='lat' dir='ltr'><strong>ore</strong></span> <span class='ocrx_word' id='word_1_365' title='bbox 963 2341 1032 2376; x_wconf 80' lang='lat' dir='ltr'><strong>fari</strong></span> <span class='ocrx_word' id='word_1_366' title='bbox 1053 2341 1120 2375; x_wconf 88' lang='lat' dir='ltr'><strong>iam</strong></span> <span class='ocrx_word' id='word_1_367' title='bbox 1143 2337 1332 2384; x_wconf 82' lang='lat' dir='ltr'><strong>incipientis</strong></span> <span class='ocrx_word' id='word_1_368' title='bbox 1353 2334 1526 2369; x_wconf 82' lang='lat' dir='ltr'><strong>truncavit</strong></span> <span class='ocrx_word' id='word_1_369' title='bbox 1546 2334 1726 2380; x_wconf 85' lang='lat' dir='ltr'><strong>praesulis,</strong></span> 
     </span>
     <span class='ocr_line' id='line_1_38' title="bbox 255 2379 1728 2428; baseline -0.002 -12"><span class='ocrx_word' id='word_1_370' title='bbox 255 2392 338 2416; x_wconf 83' lang='lat' dir='ltr'><strong>casu</strong></span> <span class='ocrx_word' id='word_1_371' title='bbox 370 2386 407 2416; x_wconf 91' lang='lat' dir='ltr'><strong>et</strong></span> <span class='ocrx_word' id='word_1_372' title='bbox 439 2381 704 2428; x_wconf 85' lang='lat' dir='ltr'><strong>inopinatissimo</strong></span> <span class='ocrx_word' id='word_1_373' title='bbox 734 2386 814 2420; x_wconf 85' lang='lat' dir='ltr'><strong>huic</strong></span> <span class='ocrx_word' id='word_1_374' title='bbox 843 2390 882 2421; x_wconf 91' lang='lat' dir='ltr'><strong>et</strong></span> <span class='ocrx_word' id='word_1_375' title='bbox 910 2386 1156 2422; x_wconf 83' lang='lat' dir='ltr'><strong>molestissimo.</strong></span> <span class='ocrx_word' id='word_1_376' title='bbox 1201 2395 1278 2419; x_wconf 82' lang='lat' dir='ltr'><strong>nam</strong></span> <span class='ocrx_word' id='word_1_377' title='bbox 1303 2381 1396 2417; x_wconf 86' lang='lat' dir='ltr'><strong>elabi</strong></span> <span class='ocrx_word' id='word_1_378' title='bbox 1415 2380 1482 2415; x_wconf 79' lang='lat' dir='ltr'><strong>sibi</strong></span> <span class='ocrx_word' id='word_1_379' title='bbox 1503 2380 1549 2415; x_wconf 91' lang='lat' dir='ltr'><strong>de</strong></span> <span class='ocrx_word' id='word_1_380' title='bbox 1570 2379 1728 2415; x_wconf 85' lang='lat' dir='ltr'><strong>manibus</strong></span> 
     </span>
     <span class='ocr_line' id='line_1_39' title="bbox 253 2426 1728 2477; baseline -0.002 -15"><span class='ocrx_word' id='word_1_381' title='bbox 253 2427 385 2462; x_wconf 89' lang='lat' dir='ltr'><strong>tamdiu</strong></span> <span class='ocrx_word' id='word_1_382' title='bbox 408 2432 578 2473; x_wconf 81' lang='lat' dir='ltr'><strong>captatam</strong></span> <span class='ocrx_word' id='word_1_383' title='bbox 601 2431 835 2473; x_wconf 83' lang='lat' dir='ltr'><strong>occasionem,</strong></span> <span class='ocrx_word' id='word_1_384' title='bbox 866 2443 957 2477; x_wconf 88' lang='lat' dir='ltr'><strong>quae</strong></span> <span class='ocrx_word' id='word_1_385' title='bbox 987 2432 1133 2467; x_wconf 88' lang='lat' dir='ltr'><strong>sentiret</strong></span> <span class='ocrx_word' id='word_1_386' title='bbox 1154 2430 1198 2465; x_wconf 87' lang='lat' dir='ltr'><strong>de</strong></span> <span class='ocrx_word' id='word_1_387' title='bbox 1219 2428 1356 2464; x_wconf 83' lang='lat' dir='ltr'><strong>Ioannis</strong></span> <span class='ocrx_word' id='word_1_388' title='bbox 1376 2427 1594 2473; x_wconf 83' lang='lat' dir='ltr'><strong>praefectura</strong></span> <span class='ocrx_word' id='word_1_389' title='bbox 1615 2426 1728 2476; x_wconf 74' lang='lat' dir='ltr'><strong>deque</strong></span> 
     </span>
     <span class='ocr_line' id='line_1_40' title="bbox 255 2472 1727 2554; baseline -0.001 -46"><span class='ocrx_word' id='word_1_390' title='bbox 255 2473 346 2554; x_wconf 53' lang='lat' dir='ltr'><strong>ggod</strong></span> <span class='ocrx_word' id='word_1_391' title='bbox 369 2485 459 2508; x_wconf 89' lang='lat' dir='ltr'><strong>nunc</strong></span> <span class='ocrx_word' id='word_1_392' title='bbox 481 2479 663 2521; x_wconf 85' lang='lat' dir='ltr'><strong>pararetur</strong></span> <span class='ocrx_word' id='word_1_393' title='bbox 686 2489 763 2512; x_wconf 86' lang='lat' dir='ltr'><strong>cum</strong></span> <span class='ocrx_word' id='word_1_394' title='bbox 785 2479 879 2512; x_wconf 81' lang='lat' dir='ltr'><strong>crale</strong></span> <span class='ocrx_word' id='word_1_395' title='bbox 899 2479 1053 2523; x_wconf 85' lang='lat' dir='ltr'><strong>foedere,</strong></span> <span class='ocrx_word' id='word_1_396' title='bbox 1073 2475 1273 2522; x_wconf 84' lang='lat' dir='ltr'><strong>imperatori</strong></span> <span class='ocrx_word' id='word_1_397' title='bbox 1294 2473 1436 2515; x_wconf 87' lang='lat' dir='ltr'><strong>dicendi,</strong></span> <span class='ocrx_word' id='word_1_398' title='bbox 1462 2472 1553 2507; x_wconf 83' lang='lat' dir='ltr'><strong>haud</strong></span> <span class='ocrx_word' id='word_1_399' title='bbox 1575 2472 1727 2507; x_wconf 86' lang='lat' dir='ltr'><strong>toleran-</strong></span> 
     </span>
    </p>

    <p class='ocr_par' dir='ltr' id='par_1_7' title="bbox 253 2518 1728 2847">
     <span class='ocr_line' id='line_1_41' title="bbox 303 2518 1728 2565; baseline -0.01 0"><span class='ocrx_word' id='word_1_400' title='bbox 303 2531 336 2554; x_wconf 62' lang='grc' dir='ltr'><strong>’Β</strong></span> <span class='ocrx_word' id='word_1_401' title='bbox 370 2524 487 2563; x_wconf 60' lang='grc' dir='ltr'><strong>ηῐῦῦ,</strong></span> <span class='ocrx_word' id='word_1_402' title='bbox 519 2522 634 2557; x_wconf 83' lang='lat' dir='ltr'><strong>tacitis</strong></span> <span class='ocrx_word' id='word_1_403' title='bbox 663 2534 777 2559; x_wconf 86' lang='lat' dir='ltr'><strong>secum</strong></span> <span class='ocrx_word' id='word_1_404' title='bbox 808 2535 851 2558; x_wconf 89' lang='lat' dir='ltr'><strong>ac</strong></span> <span class='ocrx_word' id='word_1_405' title='bbox 874 2524 1024 2559; x_wconf 76' lang='lat' dir='ltr'><strong>turbidis</strong></span> <span class='ocrx_word' id='word_1_406' title='bbox 1056 2527 1215 2559; x_wconf 78' lang='lat' dir='ltr'><strong>aestuans</strong></span> <span class='ocrx_word' id='word_1_407' title='bbox 1245 2519 1507 2565; x_wconf 84' lang='lat' dir='ltr'><strong>cogitationibus</strong></span> <span class='ocrx_word' id='word_1_408' title='bbox 1536 2518 1728 2553; x_wconf 81' lang='lat' dir='ltr'><strong>minabatur</strong></span> 
     </span>
     <span class='ocr_line' id='line_1_42' title="bbox 255 2564 1728 2613; baseline -0.001 -14"><span class='ocrx_word' id='word_1_409' title='bbox 255 2565 543 2601; x_wconf 81' lang='lat' dir='ltr'><strong>haud-cessurum</strong></span> <span class='ocrx_word' id='word_1_410' title='bbox 568 2579 665 2611; x_wconf 83' lang='lat' dir='ltr'><strong>sese,</strong></span> <span class='ocrx_word' id='word_1_411' title='bbox 699 2582 764 2604; x_wconf 91' lang='lat' dir='ltr'><strong>nec</strong></span> <span class='ocrx_word' id='word_1_412' title='bbox 785 2570 835 2604; x_wconf 85' lang='lat' dir='ltr'><strong>sic</strong></span> <span class='ocrx_word' id='word_1_413' title='bbox 855 2569 981 2605; x_wconf 81' lang='lat' dir='ltr'><strong>infecto</strong></span> <span class='ocrx_word' id='word_1_414' title='bbox 1003 2569 1100 2604; x_wconf 84' lang='lat' dir='ltr'><strong>ouius</strong></span> <span class='ocrx_word' id='word_1_415' title='bbox 1122 2567 1236 2613; x_wconf 83' lang='lat' dir='ltr'><strong>gratia</strong></span> <span class='ocrx_word' id='word_1_416' title='bbox 1256 2567 1384 2601; x_wconf 84' lang='lat' dir='ltr'><strong>exisset</strong></span> <span class='ocrx_word' id='word_1_417' title='bbox 1405 2564 1542 2610; x_wconf 88' lang='lat' dir='ltr'><strong>negotio</strong></span> <span class='ocrx_word' id='word_1_418' title='bbox 1564 2574 1728 2599; x_wconf 80' lang='lat' dir='ltr'><strong>reversu-</strong></span> 
     </span>
     <span class='ocr_line' id='line_1_43' title="bbox 254 2610 1728 2663; baseline -0.001 -17"><span class='ocrx_word' id='word_1_419' title='bbox 254 2622 342 2647; x_wconf 89' lang='lat' dir='ltr'><strong>rum.</strong></span> <span class='ocrx_word' id='word_1_420' title='bbox 389 2624 431 2647; x_wconf 88' lang='lat' dir='ltr'><strong>ac</strong></span> <span class='ocrx_word' id='word_1_421' title='bbox 460 2612 545 2647; x_wconf 86' lang='lat' dir='ltr'><strong>licet</strong></span> <span class='ocrx_word' id='word_1_422' title='bbox 576 2626 619 2648; x_wconf 84' lang='lat' dir='ltr'><strong>ex</strong></span> <span class='ocrx_word' id='word_1_423' title='bbox 652 2620 753 2660; x_wconf 82' lang='lat' dir='ltr'><strong>parte</strong></span> <span class='ocrx_word' id='word_1_424' title='bbox 774 2616 918 2651; x_wconf 82' lang='lat' dir='ltr'><strong>videbat</strong></span> <span class='ocrx_word' id='word_1_425' title='bbox 939 2627 1016 2651; x_wconf 73' lang='lat' dir='ltr'><strong>ease</strong></span> <span class='ocrx_word' id='word_1_426' title='bbox 1036 2614 1252 2650; x_wconf 80' lang='lat' dir='ltr'><strong>verisimilem</strong></span> <span class='ocrx_word' id='word_1_427' title='bbox 1273 2612 1523 2647; x_wconf 84' lang='lat' dir='ltr'><strong>excusationem</strong></span> <span class='ocrx_word' id='word_1_428' title='bbox 1545 2610 1728 2663; x_wconf 65' lang='lat' dir='ltr'><strong>allegatam</strong></span> 
     </span>
     <span class='ocr_line' id='line_1_44' title="bbox 254 2655 1727 2708; baseline -0.002 -16"><span class='ocrx_word' id='word_1_429' title='bbox 254 2658 298 2692; x_wconf 89' lang='lat' dir='ltr'><strong>ab</strong></span> <span class='ocrx_word' id='word_1_430' title='bbox 329 2658 506 2703; x_wconf 81' lang='lat' dir='ltr'><strong>Augusto,</strong></span> <span class='ocrx_word' id='word_1_431' title='bbox 537 2660 629 2705; x_wconf 90' lang='lat' dir='ltr'><strong>quod</strong></span> <span class='ocrx_word' id='word_1_432' title='bbox 660 2662 749 2696; x_wconf 82' lang='lat' dir='ltr'><strong>satis</strong></span> <span class='ocrx_word' id='word_1_433' title='bbox 771 2666 955 2708; x_wconf 87' lang='lat' dir='ltr'><strong>appareret</strong></span> <span class='ocrx_word' id='word_1_434' title='bbox 977 2661 1040 2696; x_wconf 83' lang='lat' dir='ltr'><strong>tali</strong></span> <span class='ocrx_word' id='word_1_435' title='bbox 1071 2671 1146 2696; x_wconf 89' lang='lat' dir='ltr'><strong>eum</strong></span> <span class='ocrx_word' id='word_1_436' title='bbox 1180 2659 1324 2694; x_wconf 78' lang='lat' dir='ltr'><strong>artimlo</strong></span> <span class='ocrx_word' id='word_1_437' title='bbox 1355 2657 1518 2704; x_wconf 81' lang='lat' dir='ltr'><strong>temporis</strong></span> <span class='ocrx_word' id='word_1_438' title='bbox 1545 2656 1612 2691; x_wconf 87' lang='lat' dir='ltr'><strong>alio</strong></span> <span class='ocrx_word' id='word_1_439' title='bbox 1635 2655 1727 2690; x_wconf 79' lang='lat' dir='ltr'><strong>tralu</strong></span> 
     </span>
     <span class='ocr_line' id='line_1_45' title="bbox 253 2702 1727 2751; baseline -0.001 -14"><span class='ocrx_word' id='word_1_440' title='bbox 253 2703 312 2738; x_wconf 83' lang='lat' dir='ltr'><strong>vix</strong></span> <span class='ocrx_word' id='word_1_441' title='bbox 346 2704 568 2741; x_wconf 83' lang='lat' dir='ltr'><strong>evitabilibus</strong></span> <span class='ocrx_word' id='word_1_442' title='bbox 600 2707 732 2749; x_wconf 78' lang='lat' dir='ltr'><strong>causis,</strong></span> <span class='ocrx_word' id='word_1_443' title='bbox 770 2719 838 2742; x_wconf 86' lang='lat' dir='ltr'><strong>non</strong></span> <span class='ocrx_word' id='word_1_444' title='bbox 869 2708 1047 2744; x_wconf 78' lang='lat' dir='ltr'><strong>desinebat</strong></span> <span class='ocrx_word' id='word_1_445' title='bbox 1076 2711 1192 2741; x_wconf 85' lang='lat' dir='ltr'><strong>tamen</strong></span> <span class='ocrx_word' id='word_1_446' title='bbox 1222 2704 1390 2751; x_wconf 82' lang='lat' dir='ltr'><strong>suspicari</strong></span> <span class='ocrx_word' id='word_1_447' title='bbox 1412 2702 1562 2738; x_wconf 85' lang='lat' dir='ltr'><strong>nonnihil</strong></span> <span class='ocrx_word' id='word_1_448' title='bbox 1583 2703 1628 2737; x_wconf 82' lang='lat' dir='ltr'><strong>ab</strong></span> <span class='ocrx_word' id='word_1_449' title='bbox 1649 2710 1727 2746; x_wconf 73' lang='lat' dir='ltr'><strong>rpso</strong></span> 
     </span>
     <span class='ocr_line' id='line_1_46' title="bbox 254 2749 1727 2801; baseline -0.001 -17"><span class='ocrx_word' id='word_1_450' title='bbox 254 2749 443 2785; x_wconf 83' lang='lat' dir='ltr'><strong>adhibitum</strong></span> <span class='ocrx_word' id='word_1_451' title='bbox 464 2751 569 2786; x_wconf 85' lang='lat' dir='ltr'><strong>studii</strong></span> <span class='ocrx_word' id='word_1_452' title='bbox 589 2751 635 2786; x_wconf 86' lang='lat' dir='ltr'><strong>ad</strong></span> <span class='ocrx_word' id='word_1_453' title='bbox 657 2753 901 2790; x_wconf 87' lang='lat' dir='ltr'><strong>excludendum</strong></span> <span class='ocrx_word' id='word_1_454' title='bbox 919 2765 957 2790; x_wconf 69' lang='lat' dir='ltr'><strong>se</strong></span> <span class='ocrx_word' id='word_1_455' title='bbox 979 2752 1218 2801; x_wconf 60' lang='lat' dir='ltr'><strong>commoditate</strong></span> <span class='ocrx_word' id='word_1_456' title='bbox 1237 2750 1432 2786; x_wconf 83' lang='lat' dir='ltr'><strong>audientiae</strong></span> <span class='ocrx_word' id='word_1_457' title='bbox 1452 2749 1588 2795; x_wconf 84' lang='lat' dir='ltr'><strong>cupitae</strong></span> <span class='ocrx_word' id='word_1_458' title='bbox 1608 2750 1644 2782; x_wconf 84' lang='lat' dir='ltr'><strong>et</strong></span> <span class='ocrx_word' id='word_1_459' title='bbox 1665 2758 1727 2801; x_wconf 75' lang='lat' dir='ltr'><strong>oq-</strong></span> 
     </span>
     <span class='ocr_line' id='line_1_47' title="bbox 256 2795 1726 2847; baseline -0.001 -18"><span class='ocrx_word' id='word_1_460' title='bbox 256 2795 440 2833; x_wconf 75' lang='lat' dir='ltr'><strong>eludendas</strong></span> <span class='ocrx_word' id='word_1_461' title='bbox 466 2797 528 2834; x_wconf 86' lang='lat' dir='ltr'><strong>tali</strong></span> <span class='ocrx_word' id='word_1_462' title='bbox 560 2801 742 2845; x_wconf 81' lang='lat' dir='ltr'><strong>praetextu</strong></span> <span class='ocrx_word' id='word_1_463' title='bbox 765 2811 867 2837; x_wconf 79' lang='lat' dir='ltr'><strong>aures</strong></span> <span class='ocrx_word' id='word_1_464' title='bbox 888 2801 996 2837; x_wconf 84' lang='lat' dir='ltr'><strong>libero</strong></span> <span class='ocrx_word' id='word_1_465' title='bbox 1019 2810 1120 2847; x_wconf 84' lang='lat' dir='ltr'><strong>quem</strong></span> <span class='ocrx_word' id='word_1_466' title='bbox 1141 2801 1299 2846; x_wconf 81' lang='lat' dir='ltr'><strong>paratum</strong></span> <span class='ocrx_word' id='word_1_467' title='bbox 1320 2796 1545 2842; x_wconf 75' lang='lat' dir='ltr'><strong>intelligeret,</strong></span> <span class='ocrx_word' id='word_1_468' title='bbox 1565 2803 1726 2837; x_wconf 74' lang='lat' dir='ltr'><strong>sermoni,</strong></span> 
     </span>
    </p>
   </div>
  </div>
 </body>
</html>
