<?xml version="1.0" encoding="UTF-8"?>
<!DOCTYPE html PUBLIC "-//W3C//DTD XHTML 1.0 Transitional//EN"
    "http://www.w3.org/TR/xhtml1/DTD/xhtml1-transitional.dtd">
<html xmlns="http://www.w3.org/1999/xhtml" xml:lang="en" lang="en">
 <head>
  <title>
</title>
<meta http-equiv="Content-Type" content="text/html;charset=utf-8" />
  <meta name='ocr-system' content='tesseract 3.04.00' />
  <meta name='ocr-capabilities' content='ocr_page ocr_carea ocr_par ocr_line ocrx_word'/>
</head>
<body>
  <div class='ocr_page' id='page_1' title='image "./corpusscriptorum18niebuoft_0145.png"; bbox 0 0 1820 3112; ppageno 0'>
   <div class='ocr_carea' id='block_1_1' title="bbox 388 143 1624 191">
    <p class='ocr_par' dir='ltr' id='par_1_1' title="bbox 388 143 1624 191">
     <span class='ocr_line' id='line_1_1' title="bbox 388 143 1624 191; baseline -0.002 0"><span class='ocrx_word' id='word_1_1' title='bbox 388 147 466 191; x_wconf 90' lang='lat' dir='ltr'><strong>DE</strong></span> <span class='ocrx_word' id='word_1_2' title='bbox 490 145 824 190; x_wconf 85' lang='lat' dir='ltr'><strong>ANDRONICO</strong></span> <span class='ocrx_word' id='word_1_3' title='bbox 851 143 1227 188; x_wconf 79' lang='lat' dir='ltr'><strong>PALAEOLOGO</strong></span> <span class='ocrx_word' id='word_1_4' title='bbox 1258 144 1303 187; x_wconf 92' lang='lat' dir='ltr'><strong>L.</strong></span> <span class='ocrx_word' id='word_1_5' title='bbox 1330 143 1384 186; x_wconf 84' lang='lat'><strong>11.</strong></span> <span class='ocrx_word' id='word_1_6' title='bbox 1529 143 1624 189; x_wconf 76' lang='lat'><strong>129</strong></span> 
     </span>
    </p>
   </div>
   <div class='ocr_carea' id='block_1_2' title="bbox 102 254 1677 1481">
    <p class='ocr_par' dir='ltr' id='par_1_2' title="bbox 102 254 1677 1481">
     <span class='ocr_line' id='line_1_2' title="bbox 157 254 1677 319; baseline -0.005 -14"><span class='ocrx_word' id='word_1_7' title='bbox 157 260 279 319; x_wconf 77' lang='grc' dir='ltr'><em>βάλοι</em></span> <span class='ocrx_word' id='word_1_8' title='bbox 297 261 372 317; x_wconf 83' lang='grc' dir='ltr'><strong>τὴν</strong></span> <span class='ocrx_word' id='word_1_9' title='bbox 399 258 566 318; x_wconf 80' lang='grc' dir='ltr'><em>γνιῦμην</em></span> <span class='ocrx_word' id='word_1_10' title='bbox 585 260 758 311; x_wconf 73' lang='grc' dir='ltr'><em>ἐκεῖνος,</em></span> <span class='ocrx_word' id='word_1_11' title='bbox 795 257 948 307; x_wconf 74' lang='grc' dir='ltr'><em>αὖτοῦς</em></span> <span class='ocrx_word' id='word_1_12' title='bbox 967 257 1068 312; x_wconf 63' lang='grc' dir='ltr'><em>ἔχειν</em></span> <span class='ocrx_word' id='word_1_13' title='bbox 1090 257 1335 300; x_wconf 66' lang='grc' dir='ltr'><em>τούντεῦθεν</em></span> <span class='ocrx_word' id='word_1_14' title='bbox 1355 254 1529 311; x_wconf 73' lang='grc' dir='ltr'><em>δύναμιν</em></span> <span class='ocrx_word' id='word_1_15' title='bbox 1545 275 1622 299; x_wconf 69' lang='grc' dir='ltr'><strong>κα·</strong></span> <span class='ocrx_word' id='word_1_16' title='bbox 1646 266 1677 302; x_wconf 88' lang='lat' dir='ltr'><strong>c</strong></span> 
     </span>
     <span class='ocr_line' id='line_1_3' title="bbox 158 325 1621 385; baseline -0.005 -10"><span class='ocrx_word' id='word_1_17' title='bbox 158 337 320 385; x_wconf 77' lang='grc' dir='ltr'><em>θαιρεῒν</em></span> <span class='ocrx_word' id='word_1_18' title='bbox 352 328 409 380; x_wconf 79' lang='grc' dir='ltr'><strong>ὥς</strong></span> <span class='ocrx_word' id='word_1_19' title='bbox 439 328 648 383; x_wconf 74' lang='grc' dir='ltr'><strong><em>ἐπιορκίας</em></strong></span> <span class='ocrx_word' id='word_1_20' title='bbox 678 325 831 370; x_wconf 73' lang='grc' dir='ltr'><em>ἁλόντα</em></span> <span class='ocrx_word' id='word_1_21' title='bbox 858 328 1127 380; x_wconf 81' lang='grc' dir='ltr'><em>διεβεβαιόυν.</em></span> <span class='ocrx_word' id='word_1_22' title='bbox 1197 331 1281 368; x_wconf 85' lang='grc' dir='ltr'><strong>τῶν</strong></span> <span class='ocrx_word' id='word_1_23' title='bbox 1313 330 1411 381; x_wconf 86' lang='grc' dir='ltr'><em>γοῦν</em></span> <span class='ocrx_word' id='word_1_24' title='bbox 1438 327 1528 380; x_wconf 75' lang='grc' dir='ltr'><em>περὶ</em></span> <span class='ocrx_word' id='word_1_25' title='bbox 1549 325 1621 368; x_wconf 79' lang='grc' dir='ltr'><strong>τὸν</strong></span> 
     </span>
     <span class='ocr_line' id='line_1_4' title="bbox 154 393 1624 456; baseline -0.005 -13"><span class='ocrx_word' id='word_1_26' title='bbox 154 398 327 456; x_wconf 74' lang='grc' dir='ltr'><em>Ἐφέσου</em></span> <span class='ocrx_word' id='word_1_27' title='bbox 348 416 391 442; x_wconf 85' lang='grc' dir='ltr'><strong>τε</strong></span> <span class='ocrx_word' id='word_1_28' title='bbox 412 399 477 440; x_wconf 84' lang='grc' dir='ltr'><strong>καὶ</strong></span> <span class='ocrx_word' id='word_1_29' title='bbox 499 398 678 449; x_wconf 83' lang='grc' dir='ltr'><strong><em>Κυζίκου</em></strong></span> <span class='ocrx_word' id='word_1_30' title='bbox 697 395 802 450; x_wconf 80' lang='grc' dir='ltr'><strong>μηδ’</strong></span> <span class='ocrx_word' id='word_1_31' title='bbox 826 394 930 444; x_wconf 81' lang='grc' dir='ltr'><em>ὅλως</em></span> <span class='ocrx_word' id='word_1_32' title='bbox 952 395 1285 448; x_wconf 74' lang='grc' dir='ltr'><em>καταδεχομένων</em></span> <span class='ocrx_word' id='word_1_33' title='bbox 1317 393 1391 448; x_wconf 73' lang='grc' dir='ltr'><strong>τὴν</strong></span> <span class='ocrx_word' id='word_1_34' title='bbox 1411 396 1624 437; x_wconf 79' lang='grc' dir='ltr'><em>κοινωνίαν</em></span> 
     </span>
     <span class='ocr_line' id='line_1_5' title="bbox 160 460 1621 522; baseline -0.005 -11"><span class='ocrx_word' id='word_1_35' title='bbox 160 470 338 522; x_wconf 68' lang='grc' dir='ltr'><em>ἐκείνην,</em></span> <span class='ocrx_word' id='word_1_36' title='bbox 379 466 485 509; x_wconf 78' lang='grc' dir='ltr'>ἀλλὰ</span> <span class='ocrx_word' id='word_1_37' title='bbox 514 468 659 522; x_wconf 86' lang='grc' dir='ltr'><em>κρίνειν</em></span> <span class='ocrx_word' id='word_1_38' title='bbox 689 461 895 507; x_wconf 80' lang='grc' dir='ltr'><em>θελόντων</em></span> <span class='ocrx_word' id='word_1_39' title='bbox 924 462 970 505; x_wconf 79' lang='grc' dir='ltr'><strong>ὃν</strong></span> <span class='ocrx_word' id='word_1_40' title='bbox 1000 463 1146 505; x_wconf 75' lang='grc' dir='ltr'><em>εἰδέναι</em></span> <span class='ocrx_word' id='word_1_41' title='bbox 1178 462 1312 518; x_wconf 73' lang='grc' dir='ltr'><em>ἔλεγον</em></span> <span class='ocrx_word' id='word_1_42' title='bbox 1341 460 1621 517; x_wconf 74' lang='grc' dir='ltr'><em>ἁλισκόμενον,</em></span> 
     </span>
     <span class='ocr_line' id='line_1_6' title="bbox 126 529 1623 590; baseline -0.004 -11"><span class='ocrx_word' id='word_1_43' title='bbox 126 534 184 582; x_wconf 72' lang='grc' dir='ltr'>ὁὸ</span> <span class='ocrx_word' id='word_1_44' title='bbox 214 535 407 589; x_wconf 73' lang='grc' dir='ltr'><em>βασιλεῦς</em></span> <span class='ocrx_word' id='word_1_45' title='bbox 433 533 536 590; x_wconf 85' lang='grc' dir='ltr'><em>πρὸς</em></span> <span class='ocrx_word' id='word_1_46' title='bbox 558 535 732 582; x_wconf 76' lang='grc' dir='ltr'><em>ἐκείνους</em></span> <span class='ocrx_word' id='word_1_47' title='bbox 761 532 886 588; x_wconf 77' lang='grc' dir='ltr'><em>λέγων</em></span> <span class='ocrx_word' id='word_1_48' title='bbox 904 533 970 573; x_wconf 85' lang='grc' dir='ltr'><strong>καὶ</strong></span> <span class='ocrx_word' id='word_1_49' title='bbox 990 531 1047 586; x_wconf 73' lang='grc' dir='ltr'><strong>μὴ</strong></span> <span class='ocrx_word' id='word_1_50' title='bbox 1068 534 1248 583; x_wconf 85' lang='grc' dir='ltr'><em>πείθων,</em></span> <span class='ocrx_word' id='word_1_51' title='bbox 1285 530 1366 573; x_wconf 77' lang='grc' dir='ltr'><em>ἐπεὶ</em></span> <span class='ocrx_word' id='word_1_52' title='bbox 1392 529 1500 586; x_wconf 73' lang='grc' dir='ltr'><em>ἑώρα</em></span> <span class='ocrx_word' id='word_1_53' title='bbox 1519 531 1623 574; x_wconf 78' lang='grc' dir='ltr'><em>ἅνα-</em></span> 
     </span>
     <span class='ocr_line' id='line_1_7' title="bbox 158 598 1619 658; baseline -0.003 -11"><span class='ocrx_word' id='word_1_54' title='bbox 158 603 413 658; x_wconf 77' lang='grc' dir='ltr'><em>σοβουμένην</em></span> <span class='ocrx_word' id='word_1_55' title='bbox 441 603 517 658; x_wconf 84' lang='grc' dir='ltr'><strong>τὴν</strong></span> <span class='ocrx_word' id='word_1_56' title='bbox 545 599 686 656; x_wconf 83' lang='grc' dir='ltr'><em>θήραν</em></span> <span class='ocrx_word' id='word_1_57' title='bbox 716 601 779 643; x_wconf 77' lang='grc' dir='ltr'><em>ἐπὶ</em></span> <span class='ocrx_word' id='word_1_58' title='bbox 806 604 866 658; x_wconf 75' lang='grc' dir='ltr'><em>τῷ</em></span> <span class='ocrx_word' id='word_1_59' title='bbox 890 602 1019 655; x_wconf 69' lang='grc' dir='ltr'><em>μηδὲν</em></span> <span class='ocrx_word' id='word_1_60' title='bbox 1048 599 1123 649; x_wconf 81' lang='grc' dir='ltr'><em>τὰς</em></span> <span class='ocrx_word' id='word_1_61' title='bbox 1149 598 1365 655; x_wconf 68' lang='grc' dir='ltr'><em>προφορᾶς</em></span> <span class='ocrx_word' id='word_1_62' title='bbox 1394 598 1619 653; x_wconf 77' lang='grc' dir='ltr'><em>παύεσθαι,</em></span> 
     </span>
     <span class='ocr_line' id='line_1_8' title="bbox 157 667 1623 732; baseline -0.003 -17"><span class='ocrx_word' id='word_1_63' title='bbox 157 678 232 732; x_wconf 78' lang='grc' dir='ltr'><em>μιᾷ</em></span> <span class='ocrx_word' id='word_1_64' title='bbox 267 677 424 714; x_wconf 80' lang='grc' dir='ltr'><em>νυκτῶν</em></span> <span class='ocrx_word' id='word_1_65' title='bbox 459 669 710 726; x_wconf 76' lang='grc' dir='ltr'><strong><em>συγκαλέσας</em></strong></span> <span class='ocrx_word' id='word_1_66' title='bbox 738 670 805 711; x_wconf 81' lang='grc' dir='ltr'><strong>καὶ</strong></span> <span class='ocrx_word' id='word_1_67' title='bbox 843 669 932 723; x_wconf 79' lang='grc' dir='ltr'><em>περὶ</em></span> <span class='ocrx_word' id='word_1_68' title='bbox 972 672 1054 710; x_wconf 84' lang='grc' dir='ltr'><strong>τῶν</strong></span> <span class='ocrx_word' id='word_1_69' title='bbox 1091 669 1361 723; x_wconf 73' lang='grc' dir='ltr'><em>προκειμένων</em></span> <span class='ocrx_word' id='word_1_70' title='bbox 1398 667 1473 710; x_wconf 80' lang='grc' dir='ltr'><strong>οὐκ</strong></span> <span class='ocrx_word' id='word_1_71' title='bbox 1508 667 1623 724; x_wconf 80' lang='grc' dir='ltr'><em>ὀλίγα</em></span> 
     </span>
     <span class='ocr_line' id='line_1_9' title="bbox 158 733 1672 794; baseline -0.003 -10"><span class='ocrx_word' id='word_1_72' title='bbox 158 738 403 793; x_wconf 78' lang='grc' dir='ltr'><em>διεξελθών,</em></span> <span class='ocrx_word' id='word_1_73' title='bbox 439 740 554 788; x_wconf 72' lang='grc' dir='ltr'><em>τέλος</em></span> <span class='ocrx_word' id='word_1_74' title='bbox 568 738 627 793; x_wconf 85' lang='grc' dir='ltr'><strong>μὴ</strong></span> <span class='ocrx_word' id='word_1_75' title='bbox 655 737 914 790; x_wconf 76' lang='grc' dir='ltr'><em>πειθομένοις</em></span> <span class='ocrx_word' id='word_1_76' title='bbox 946 735 1164 792; x_wconf 78' lang='grc' dir='ltr'><em>ὀργίζεται,</em></span> <span class='ocrx_word' id='word_1_77' title='bbox 1198 733 1457 791; x_wconf 78' lang='grc' dir='ltr'><em>σκληρότητα</em></span> <span class='ocrx_word' id='word_1_78' title='bbox 1477 738 1618 794; x_wconf 81' lang='grc' dir='ltr'><em>σφίσιν</em></span> <span class='ocrx_word' id='word_1_79' title='bbox 1638 745 1672 780; x_wconf 89' lang='lat' dir='ltr'>D</span> 
     </span>
     <span class='ocr_line' id='line_1_10' title="bbox 159 803 1622 861; baseline -0.003 -9"><span class='ocrx_word' id='word_1_80' title='bbox 159 809 361 861; x_wconf 76' lang='grc' dir='ltr'><em>ὀνειδίζων</em></span> <span class='ocrx_word' id='word_1_81' title='bbox 382 809 449 851; x_wconf 83' lang='grc' dir='ltr'><strong>καὶ</strong></span> <span class='ocrx_word' id='word_1_82' title='bbox 469 807 807 861; x_wconf 79' lang='grc' dir='ltr'><em>ἀνοικονομησίαν</em></span> <span class='ocrx_word' id='word_1_83' title='bbox 826 803 880 854; x_wconf 80' lang='grc' dir='ltr'><strong>ὥς</strong></span> <span class='ocrx_word' id='word_1_84' title='bbox 904 803 1203 860; x_wconf 73' lang='grc' dir='ltr'><em>ἀναταράσσειν</em></span> <span class='ocrx_word' id='word_1_85' title='bbox 1233 804 1292 847; x_wconf 79' lang='grc' dir='ltr'><strong>ἀεὶ</strong></span> <span class='ocrx_word' id='word_1_86' title='bbox 1313 805 1387 859; x_wconf 77' lang='grc' dir='ltr'><strong>τὴν</strong></span> <span class='ocrx_word' id='word_1_87' title='bbox 1409 803 1622 860; x_wconf 67' lang='grc' dir='ltr'><em>ἐκκλησίαν</em></span> 
     </span>
     <span class='ocr_line' id='line_1_11' title="bbox 104 872 1621 933; baseline -0.002 -12"><span class='ocrx_word' id='word_1_88' title='bbox 104 887 150 922; x_wconf 89' lang='grc'><strong>10</strong></span> <span class='ocrx_word' id='word_1_89' title='bbox 161 877 412 933; x_wconf 73' lang='grc' dir='ltr'><em>ὀρεγομένοις</em></span> <span class='ocrx_word' id='word_1_90' title='bbox 429 878 495 918; x_wconf 80' lang='grc' dir='ltr'><strong>καὶ</strong></span> <span class='ocrx_word' id='word_1_91' title='bbox 507 875 715 932; x_wconf 76' lang='grc' dir='ltr'><em>ἀνεγείρειν</em></span> <span class='ocrx_word' id='word_1_92' title='bbox 731 872 942 923; x_wconf 79' lang='grc' dir='ltr'><em>κλύδωνας</em></span> <span class='ocrx_word' id='word_1_93' title='bbox 958 891 986 927; x_wconf 92' lang='grc' dir='ltr'><em>μ</em></span> <span class='ocrx_word' id='word_1_94' title='bbox 994 872 1081 928; x_wconf 74' lang='grc' dir='ltr'><em>ήπω</em></span> <span class='ocrx_word' id='word_1_95' title='bbox 1098 874 1453 923; x_wconf 76' lang='grc' dir='ltr'><em>κατευνασθέντας</em></span> <span class='ocrx_word' id='word_1_96' title='bbox 1471 874 1621 919; x_wconf 73' lang='grc' dir='ltr'><em>τέλεον.</em></span> 
     </span>
     <span class='ocr_line' id='line_1_12' title="bbox 158 940 1620 1000; baseline -0.003 -12"><span class='ocrx_word' id='word_1_97' title='bbox 158 946 366 995; x_wconf 78' lang='grc' dir='ltr'><em>κάκείνους</em></span> <span class='ocrx_word' id='word_1_98' title='bbox 392 945 466 998; x_wconf 71' lang='grc' dir='ltr'><strong>μὲν</strong></span> <span class='ocrx_word' id='word_1_99' title='bbox 500 946 567 986; x_wconf 83' lang='grc' dir='ltr'><strong>καὶ</strong></span> <span class='ocrx_word' id='word_1_100' title='bbox 603 943 730 1000; x_wconf 74' lang='grc' dir='ltr'><em>ἄμφω</em></span> <span class='ocrx_word' id='word_1_101' title='bbox 766 942 847 985; x_wconf 81' lang='grc' dir='ltr'><em>ἀπὸ</em></span> <span class='ocrx_word' id='word_1_102' title='bbox 890 940 1114 996; x_wconf 82' lang='grc' dir='ltr'><em>προσώπου</em></span> <span class='ocrx_word' id='word_1_103' title='bbox 1147 949 1342 994; x_wconf 82' lang='grc' dir='ltr'><em>ποιεῖται,</em></span> <span class='ocrx_word' id='word_1_104' title='bbox 1387 940 1620 996; x_wconf 74' lang='grc' dir='ltr'><em>ἐπισκήψας</em></span> 
     </span>
     <span class='ocr_line' id='line_1_13' title="bbox 158 1010 1619 1071; baseline -0.003 -14"><span class='ocrx_word' id='word_1_105' title='bbox 158 1015 274 1071; x_wconf 84' lang='grc' dir='ltr'><em>σφίσι</em></span> <span class='ocrx_word' id='word_1_106' title='bbox 288 1012 383 1068; x_wconf 80' lang='grc' dir='ltr'><em>μετ’</em></span> <span class='ocrx_word' id='word_1_107' title='bbox 397 1013 636 1069; x_wconf 77' lang='grc' dir='ltr'><em>ἓμβριθειάς</em></span> <span class='ocrx_word' id='word_1_108' title='bbox 647 1013 934 1067; x_wconf 74' lang='grc' dir='ltr'><em>ἕγκλεισθῆναί</em></span> <span class='ocrx_word' id='word_1_109' title='bbox 949 1028 990 1053; x_wconf 86' lang='grc' dir='ltr'><strong>τε</strong></span> <span class='ocrx_word' id='word_1_110' title='bbox 1008 1017 1097 1060; x_wconf 87' lang='grc' dir='ltr'><em>ταῖς</em></span> <span class='ocrx_word' id='word_1_111' title='bbox 1115 1018 1368 1064; x_wconf 87' lang='grc' dir='ltr'><em>καταμοναΐς</em></span> <span class='ocrx_word' id='word_1_112' title='bbox 1385 1013 1451 1052; x_wconf 77' lang='grc' dir='ltr'><strong>καὶ</strong></span> <span class='ocrx_word' id='word_1_113' title='bbox 1469 1010 1619 1067; x_wconf 63' lang='grc' dir='ltr'><em>ἀπροί-</em></span> 
     </span>
     <span class='ocr_line' id='line_1_14' title="bbox 157 1075 1619 1140; baseline -0.003 -15"><span class='ocrx_word' id='word_1_114' title='bbox 157 1099 255 1132; x_wconf 85' lang='grc' dir='ltr'><em>τους</em></span> <span class='ocrx_word' id='word_1_115' title='bbox 288 1082 443 1136; x_wconf 70' lang='grc' dir='ltr'><em>μένειν,</em></span> <span class='ocrx_word' id='word_1_116' title='bbox 494 1081 571 1131; x_wconf 69' lang='grc' dir='ltr'><strong>ἕως</strong></span> <span class='ocrx_word' id='word_1_117' title='bbox 597 1075 645 1123; x_wconf 73' lang='grc' dir='ltr'><strong>οὗ</strong></span> <span class='ocrx_word' id='word_1_118' title='bbox 674 1077 1038 1128; x_wconf 80' lang='grc' dir='ltr'><em>ἆποκαταστάντος</em></span> <span class='ocrx_word' id='word_1_119' title='bbox 1067 1077 1323 1136; x_wconf 80' lang='grc' dir='ltr'><em>πατριάρχου</em></span> <span class='ocrx_word' id='word_1_120' title='bbox 1353 1083 1405 1136; x_wconf 87' lang='grc' dir='ltr'><em>τῇ</em></span> <span class='ocrx_word' id='word_1_121' title='bbox 1427 1079 1619 1140; x_wconf 70' lang='grc' dir='ltr'><em>ἐκκλησίᾳ</em></span> 
     </span>
     <span class='ocr_line' id='line_1_15' title="bbox 155 1147 1620 1205; baseline -0.002 -12"><span class='ocrx_word' id='word_1_122' title='bbox 155 1150 209 1193; x_wconf 83' lang='grc' dir='ltr'><em>τὰ</em></span> <span class='ocrx_word' id='word_1_123' title='bbox 226 1150 324 1193; x_wconf 83' lang='grc' dir='ltr'><em>κατ’</em></span> <span class='ocrx_word' id='word_1_124' title='bbox 358 1149 508 1199; x_wconf 70' lang='grc' dir='ltr'><em>αὐτοὺς</em></span> <span class='ocrx_word' id='word_1_125' title='bbox 530 1147 898 1203; x_wconf 76' lang='grc' dir='ltr'><em>ἓξετασθήσονται,</em></span> <span class='ocrx_word' id='word_1_126' title='bbox 936 1149 1003 1190; x_wconf 85' lang='grc' dir='ltr'><strong>καὶ</strong></span> <span class='ocrx_word' id='word_1_127' title='bbox 1026 1152 1185 1201; x_wconf 82' lang='grc' dir='ltr'><em>μᾶλλον</em></span> <span class='ocrx_word' id='word_1_128' title='bbox 1211 1148 1263 1190; x_wconf 83' lang='grc' dir='ltr'><em>τὰ</em></span> <span class='ocrx_word' id='word_1_129' title='bbox 1283 1147 1388 1190; x_wconf 76' lang='grc' dir='ltr'><em>κατὰ</em></span> <span class='ocrx_word' id='word_1_130' title='bbox 1413 1148 1484 1190; x_wconf 81' lang='grc' dir='ltr'><strong>τὸν</strong></span> <span class='ocrx_word' id='word_1_131' title='bbox 1501 1147 1620 1205; x_wconf 80' lang='grc' dir='ltr'><em>Ἑφέ-</em></span> 
     </span>
     <span class='ocr_line' id='line_1_16' title="bbox 102 1214 1670 1274; baseline -0.001 -12"><span class='ocrx_word' id='word_1_132' title='bbox 102 1226 146 1262; x_wconf 84' lang='grc'><strong>15</strong></span> <span class='ocrx_word' id='word_1_133' title='bbox 158 1235 255 1271; x_wconf 82' lang='grc' dir='ltr'><em>σου,</em></span> <span class='ocrx_word' id='word_1_134' title='bbox 292 1220 379 1261; x_wconf 73' lang='grc' dir='ltr'><em>ἐπεί</em></span> <span class='ocrx_word' id='word_1_135' title='bbox 401 1235 444 1274; x_wconf 82' lang='grc' dir='ltr'><em>γε</em></span> <span class='ocrx_word' id='word_1_136' title='bbox 475 1219 541 1260; x_wconf 80' lang='grc' dir='ltr'><strong>καὶ</strong></span> <span class='ocrx_word' id='word_1_137' title='bbox 571 1217 732 1274; x_wconf 64' lang='grc' dir='ltr'><em>ἔφθασε</em></span> <span class='ocrx_word' id='word_1_138' title='bbox 760 1214 926 1272; x_wconf 77' lang='grc' dir='ltr'><em>γράψας</em></span> <span class='ocrx_word' id='word_1_139' title='bbox 947 1216 1149 1266; x_wconf 82' lang='grc' dir='ltr'><em>Ἀσιανοῖς</em></span> <span class='ocrx_word' id='word_1_140' title='bbox 1172 1216 1278 1258; x_wconf 82' lang='grc' dir='ltr'><em>κατὰ</em></span> <span class='ocrx_word' id='word_1_141' title='bbox 1308 1219 1348 1257; x_wconf 94' lang='grc' dir='ltr'>Γ</span> <span class='ocrx_word' id='word_1_142' title='bbox 1346 1218 1537 1271; x_wconf 80' lang='grc' dir='ltr'><em>ρηγοριόυ</em></span> <span class='ocrx_word' id='word_1_143' title='bbox 1561 1216 1612 1260; x_wconf 80' lang='grc' dir='ltr'><em>τὰ</em></span> <span class='ocrx_word' id='word_1_144' title='bbox 1636 1228 1670 1263; x_wconf 80' lang='lat' dir='ltr'>E</span> 
     </span>
     <span class='ocr_line' id='line_1_17' title="bbox 150 1282 1617 1342; baseline -0.001 -12"><span class='ocrx_word' id='word_1_145' title='bbox 150 1288 348 1342; x_wconf 81' lang='grc' dir='ltr'><em>χείριστα.</em></span> <span class='ocrx_word' id='word_1_146' title='bbox 418 1288 486 1328; x_wconf 86' lang='grc' dir='ltr'><strong>καὶ</strong></span> <span class='ocrx_word' id='word_1_147' title='bbox 504 1285 601 1335; x_wconf 71' lang='grc' dir='ltr'><em>τοὺς</em></span> <span class='ocrx_word' id='word_1_148' title='bbox 622 1286 695 1339; x_wconf 78' lang='grc' dir='ltr'><strong>μὲν</strong></span> <span class='ocrx_word' id='word_1_149' title='bbox 724 1284 855 1334; x_wconf 74' lang='grc' dir='ltr'><em>οὕτως</em></span> <span class='ocrx_word' id='word_1_150' title='bbox 873 1282 1222 1338; x_wconf 78' lang='grc' dir='ltr'><em>ἀποπεμψάμενος</em></span> <span class='ocrx_word' id='word_1_151' title='bbox 1251 1283 1272 1327; x_wconf 83' lang='grc' dir='ltr'>ὅ</span> <span class='ocrx_word' id='word_1_152' title='bbox 1304 1289 1492 1340; x_wconf 80' lang='grc' dir='ltr'><em>κρατῶν,</em></span> <span class='ocrx_word' id='word_1_153' title='bbox 1529 1292 1617 1336; x_wconf 81' lang='grc' dir='ltr'><em>τοῖς</em></span> 
     </span>
     <span class='ocr_line' id='line_1_18' title="bbox 154 1350 1616 1410; baseline -0.001 -13"><span class='ocrx_word' id='word_1_154' title='bbox 154 1355 231 1398; x_wconf 75' lang='grc' dir='ltr'><strong>σὺν</strong></span> <span class='ocrx_word' id='word_1_155' title='bbox 252 1355 410 1404; x_wconf 69' lang='grc' dir='ltr'><em>ἐκείνοις</em></span> <span class='ocrx_word' id='word_1_156' title='bbox 428 1359 676 1409; x_wconf 84' lang='grc' dir='ltr'><em>μονωθεῒσιν</em></span> <span class='ocrx_word' id='word_1_157' title='bbox 691 1353 1009 1410; x_wconf 71' lang='grc' dir='ltr'><em>ἐμβριθέστερον</em></span> <span class='ocrx_word' id='word_1_158' title='bbox 1030 1350 1360 1410; x_wconf 74' lang='grc' dir='ltr'><em>προσφερόμενος</em></span> <span class='ocrx_word' id='word_1_159' title='bbox 1379 1354 1616 1409; x_wconf 77' lang='grc' dir='ltr'><em>πειθηνίους</em></span> 
     </span>
     <span class='ocr_line' id='line_1_19' title="bbox 153 1421 1613 1481; baseline 0 -16"><span class='ocrx_word' id='word_1_160' title='bbox 153 1440 198 1467; x_wconf 84' lang='grc' dir='ltr'><strong>τε</strong></span> <span class='ocrx_word' id='word_1_161' title='bbox 218 1424 449 1481; x_wconf 87' lang='grc' dir='ltr'><em>παραυτίκα</em></span> <span class='ocrx_word' id='word_1_162' title='bbox 471 1424 645 1466; x_wconf 82' lang='grc' dir='ltr'><em>δείκνυσι</em></span> <span class='ocrx_word' id='word_1_163' title='bbox 665 1424 731 1464; x_wconf 77' lang='grc' dir='ltr'><strong>καὶ</strong></span> <span class='ocrx_word' id='word_1_164' title='bbox 756 1428 917 1465; x_wconf 87' lang='grc' dir='ltr'><em>συνενοῖ</em></span> <span class='ocrx_word' id='word_1_165' title='bbox 943 1428 1027 1471; x_wconf 83' lang='grc' dir='ltr'><em>τοῖς</em></span> <span class='ocrx_word' id='word_1_166' title='bbox 1048 1425 1217 1472; x_wconf 83' lang='grc' dir='ltr'><em>λοιποῖς.</em></span> <span class='ocrx_word' id='word_1_167' title='bbox 1288 1421 1334 1464; x_wconf 77' lang='grc' dir='ltr'><strong>οἳ</strong></span> <span class='ocrx_word' id='word_1_168' title='bbox 1346 1421 1397 1477; x_wconf 84' lang='grc' dir='ltr'><strong>δὴ</strong></span> <span class='ocrx_word' id='word_1_169' title='bbox 1420 1423 1487 1464; x_wconf 82' lang='grc' dir='ltr'><strong>καὶ</strong></span> <span class='ocrx_word' id='word_1_170' title='bbox 1508 1421 1613 1465; x_wconf 77' lang='grc' dir='ltr'><em>κατὰ</em></span> 
     </span>
    </p>
   </div>
   <div class='ocr_carea' id='block_1_3' title="bbox 146 1596 1615 2880">
    <p class='ocr_par' dir='ltr' id='par_1_3' title="bbox 146 1596 1615 2880">
     <span class='ocr_line' id='line_1_20' title="bbox 151 1596 1615 1646; baseline -0.001 -13"><span class='ocrx_word' id='word_1_171' title='bbox 151 1600 247 1642; x_wconf 88' lang='lat' dir='ltr'><strong>bant,</strong></span> <span class='ocrx_word' id='word_1_172' title='bbox 268 1598 396 1645; x_wconf 90' lang='lat' dir='ltr'><strong>qnippe</strong></span> <span class='ocrx_word' id='word_1_173' title='bbox 419 1611 439 1634; x_wconf 92' lang='lat' dir='ltr'><strong>a</strong></span> <span class='ocrx_word' id='word_1_174' title='bbox 461 1611 529 1646; x_wconf 91' lang='lat' dir='ltr'><strong>qua</strong></span> <span class='ocrx_word' id='word_1_175' title='bbox 552 1599 582 1634; x_wconf 88' lang='lat' dir='ltr'><strong>si</strong></span> <span class='ocrx_word' id='word_1_176' title='bbox 602 1599 736 1634; x_wconf 88' lang='lat' dir='ltr'><strong>resilire</strong></span> <span class='ocrx_word' id='word_1_177' title='bbox 758 1601 877 1644; x_wconf 85' lang='lat' dir='ltr'><strong>postea</strong></span> <span class='ocrx_word' id='word_1_178' title='bbox 900 1598 1091 1643; x_wconf 82' lang='lat' dir='ltr'>Gregorius</span> <span class='ocrx_word' id='word_1_179' title='bbox 1114 1600 1276 1640; x_wconf 84' lang='lat' dir='ltr'><strong>tentaret,</strong></span> <span class='ocrx_word' id='word_1_180' title='bbox 1300 1596 1439 1641; x_wconf 83' lang='lat' dir='ltr'><strong>statim,</strong></span> <span class='ocrx_word' id='word_1_181' title='bbox 1460 1597 1511 1631; x_wconf 85' lang='lat' dir='ltr'><strong>nti</strong></span> <span class='ocrx_word' id='word_1_182' title='bbox 1534 1610 1615 1643; x_wconf 91' lang='lat' dir='ltr'><strong>per-</strong></span> 
     </span>
     <span class='ocr_line' id='line_1_21' title="bbox 151 1643 1615 1690; baseline 0 -11"><span class='ocrx_word' id='word_1_183' title='bbox 151 1645 233 1679; x_wconf 86' lang='lat' dir='ltr'><strong>iurii</strong></span> <span class='ocrx_word' id='word_1_184' title='bbox 256 1649 468 1690; x_wconf 86' lang='lat' dir='ltr'><strong>compertus,</strong></span> <span class='ocrx_word' id='word_1_185' title='bbox 499 1646 647 1690; x_wconf 86' lang='lat' dir='ltr'><strong>legitime</strong></span> <span class='ocrx_word' id='word_1_186' title='bbox 678 1645 780 1679; x_wconf 85' lang='lat' dir='ltr'><strong>deiici</strong></span> <span class='ocrx_word' id='word_1_187' title='bbox 807 1644 1038 1689; x_wconf 76' lang='lat' dir='ltr'>patriarchatu</span> <span class='ocrx_word' id='word_1_188' title='bbox 1069 1650 1106 1678; x_wconf 88' lang='lat' dir='ltr'><strong>et</strong></span> <span class='ocrx_word' id='word_1_189' title='bbox 1139 1643 1301 1678; x_wconf 84' lang='lat' dir='ltr'><strong>canonice</strong></span> <span class='ocrx_word' id='word_1_190' title='bbox 1333 1643 1454 1688; x_wconf 86' lang='lat' dir='ltr'>deponi</span> <span class='ocrx_word' id='word_1_191' title='bbox 1486 1648 1615 1689; x_wconf 87' lang='lat' dir='ltr'><strong>posset.</strong></span> 
     </span>
     <span class='ocr_line' id='line_1_22' title="bbox 152 1689 1613 1736; baseline 0 -12"><span class='ocrx_word' id='word_1_192' title='bbox 152 1691 353 1736; x_wconf 78' lang='lat' dir='ltr'><strong>perstabant</strong></span> <span class='ocrx_word' id='word_1_193' title='bbox 374 1691 583 1725; x_wconf 83' lang='lat' dir='ltr'><strong>nibilominus</strong></span> <span class='ocrx_word' id='word_1_194' title='bbox 605 1691 796 1736; x_wconf 79' lang='lat' dir='ltr'><strong>Ephesinus</strong></span> <span class='ocrx_word' id='word_1_195' title='bbox 818 1696 854 1724; x_wconf 87' lang='lat' dir='ltr'><strong>et</strong></span> <span class='ocrx_word' id='word_1_196' title='bbox 871 1691 1061 1734; x_wconf 71' lang='lat' dir='ltr'>Cyzicenus</span> <span class='ocrx_word' id='word_1_197' title='bbox 1078 1690 1111 1724; x_wconf 88' lang='lat' dir='ltr'><strong>in</strong></span> <span class='ocrx_word' id='word_1_198' title='bbox 1136 1690 1306 1723; x_wconf 85' lang='lat' dir='ltr'><strong>contraria</strong></span> <span class='ocrx_word' id='word_1_199' title='bbox 1329 1689 1506 1728; x_wconf 72' lang='lat' dir='ltr'><strong>sententia,</strong></span> <span class='ocrx_word' id='word_1_200' title='bbox 1531 1702 1613 1724; x_wconf 89' lang='lat' dir='ltr'><strong>con-</strong></span> 
     </span>
     <span class='ocr_line' id='line_1_23' title="bbox 150 1735 1615 1780; baseline -0.001 -10"><span class='ocrx_word' id='word_1_201' title='bbox 150 1737 329 1770; x_wconf 78' lang='lat' dir='ltr'><strong>tendentes</strong></span> <span class='ocrx_word' id='word_1_202' title='bbox 351 1737 441 1771; x_wconf 89' lang='lat' dir='ltr'><strong>nulla</strong></span> <span class='ocrx_word' id='word_1_203' title='bbox 471 1738 602 1771; x_wconf 86' lang='lat' dir='ltr'><strong>ratione</strong></span> <span class='ocrx_word' id='word_1_204' title='bbox 631 1743 700 1770; x_wconf 89' lang='lat' dir='ltr'><strong>tam</strong></span> <span class='ocrx_word' id='word_1_205' title='bbox 724 1736 842 1770; x_wconf 87' lang='lat' dir='ltr'><strong>merito</strong></span> <span class='ocrx_word' id='word_1_206' title='bbox 875 1736 1054 1770; x_wconf 86' lang='lat' dir='ltr'><strong>haereseos</strong></span> <span class='ocrx_word' id='word_1_207' title='bbox 1076 1740 1268 1780; x_wconf 87' lang='lat' dir='ltr'><strong>suspectum</strong></span> <span class='ocrx_word' id='word_1_208' title='bbox 1291 1735 1455 1768; x_wconf 87' lang='lat' dir='ltr'><strong>hominem</strong></span> <span class='ocrx_word' id='word_1_209' title='bbox 1477 1735 1615 1769; x_wconf 87' lang='lat' dir='ltr'><strong>crimine</strong></span> 
     </span>
     <span class='ocr_line' id='line_1_24' title="bbox 150 1781 1614 1828; baseline -0.001 -12"><span class='ocrx_word' id='word_1_210' title='bbox 150 1783 295 1816; x_wconf 89' lang='lat' dir='ltr'><strong>nondum</strong></span> <span class='ocrx_word' id='word_1_211' title='bbox 318 1788 465 1828; x_wconf 84' lang='lat' dir='ltr'><strong>purgato</strong></span> <span class='ocrx_word' id='word_1_212' title='bbox 488 1783 522 1817; x_wconf 92' lang='lat' dir='ltr'><strong>in</strong></span> <span class='ocrx_word' id='word_1_213' title='bbox 546 1782 822 1828; x_wconf 81' lang='lat' dir='ltr'><strong>qualemcumque</strong></span> <span class='ocrx_word' id='word_1_214' title='bbox 844 1782 1103 1816; x_wconf 81' lang='lat' dir='ltr'><strong>communionem</strong></span> <span class='ocrx_word' id='word_1_215' title='bbox 1127 1783 1253 1816; x_wconf 85' lang='lat' dir='ltr'><strong>debere</strong></span> <span class='ocrx_word' id='word_1_216' title='bbox 1274 1781 1425 1821; x_wconf 78' lang='lat' dir='ltr'><strong>admitti,</strong></span> <span class='ocrx_word' id='word_1_217' title='bbox 1453 1792 1614 1814; x_wconf 86' lang='lat' dir='ltr'><strong>necessa-</strong></span> 
     </span>
     <span class='ocr_line' id='line_1_25' title="bbox 149 1826 1614 1874; baseline -0.001 -13"><span class='ocrx_word' id='word_1_218' title='bbox 149 1827 307 1873; x_wconf 82' lang='lat' dir='ltr'><strong>riumque</strong></span> <span class='ocrx_word' id='word_1_219' title='bbox 329 1829 458 1862; x_wconf 88' lang='lat' dir='ltr'><strong>omnino</strong></span> <span class='ocrx_word' id='word_1_220' title='bbox 481 1829 722 1874; x_wconf 80' lang='lat' dir='ltr'><strong>pertendentes</strong></span> <span class='ocrx_word' id='word_1_221' title='bbox 744 1839 880 1861; x_wconf 84' lang='lat' dir='ltr'><strong>causam</strong></span> <span class='ocrx_word' id='word_1_222' title='bbox 903 1827 976 1861; x_wconf 88' lang='lat' dir='ltr'><strong>eius</strong></span> <span class='ocrx_word' id='word_1_223' title='bbox 1000 1828 1174 1872; x_wconf 83' lang='lat' dir='ltr'><strong>cognosci,</strong></span> <span class='ocrx_word' id='word_1_224' title='bbox 1206 1838 1248 1862; x_wconf 90' lang='lat' dir='ltr'><strong>ac</strong></span> <span class='ocrx_word' id='word_1_225' title='bbox 1279 1826 1359 1859; x_wconf 88' lang='lat' dir='ltr'><strong>nihil</strong></span> <span class='ocrx_word' id='word_1_226' title='bbox 1382 1838 1418 1859; x_wconf 88' lang='lat' dir='ltr'><strong>se</strong></span> <span class='ocrx_word' id='word_1_227' title='bbox 1441 1826 1614 1870; x_wconf 79' lang='lat' dir='ltr'><strong>praeverti</strong></span> 
     </span>
     <span class='ocr_line' id='line_1_26' title="bbox 151 1871 1612 1919; baseline -0.001 -13"><span class='ocrx_word' id='word_1_228' title='bbox 151 1875 311 1918; x_wconf 84' lang='lat' dir='ltr'><strong>passuros</strong></span> <span class='ocrx_word' id='word_1_229' title='bbox 333 1874 476 1915; x_wconf 89' lang='lat' dir='ltr'><strong>iudicio,</strong></span> <span class='ocrx_word' id='word_1_230' title='bbox 507 1886 574 1919; x_wconf 88' lang='lat' dir='ltr'><strong>quo</strong></span> <span class='ocrx_word' id='word_1_231' title='bbox 605 1880 734 1908; x_wconf 82' lang='lat' dir='ltr'><strong>certum</strong></span> <span class='ocrx_word' id='word_1_232' title='bbox 769 1874 836 1906; x_wconf 89' lang='lat' dir='ltr'><strong>iam</strong></span> <span class='ocrx_word' id='word_1_233' title='bbox 866 1874 1030 1907; x_wconf 85' lang='lat' dir='ltr'><strong>haberent</strong></span> <span class='ocrx_word' id='word_1_234' title='bbox 1059 1885 1134 1907; x_wconf 86' lang='lat' dir='ltr'><strong>eum</strong></span> <span class='ocrx_word' id='word_1_235' title='bbox 1157 1884 1284 1918; x_wconf 83' lang='lat' dir='ltr'><strong>pravae</strong></span> <span class='ocrx_word' id='word_1_236' title='bbox 1307 1873 1480 1905; x_wconf 87' lang='lat' dir='ltr'><strong>doctrinae</strong></span> <span class='ocrx_word' id='word_1_237' title='bbox 1502 1871 1612 1905; x_wconf 88' lang='lat' dir='ltr'><strong>mani-</strong></span> 
     </span>
     <span class='ocr_line' id='line_1_27' title="bbox 151 1919 1610 1964; baseline -0.002 -12"><span class='ocrx_word' id='word_1_238' title='bbox 151 1920 242 1952; x_wconf 77' lang='lat' dir='ltr'><strong>feste</strong></span> <span class='ocrx_word' id='word_1_239' title='bbox 263 1919 536 1953; x_wconf 83' lang='lat' dir='ltr'><strong>convincendum.</strong></span> <span class='ocrx_word' id='word_1_240' title='bbox 584 1921 658 1963; x_wconf 85' lang='lat' dir='ltr'><strong>egit</strong></span> <span class='ocrx_word' id='word_1_241' title='bbox 680 1931 753 1953; x_wconf 90' lang='lat' dir='ltr'><strong>cum</strong></span> <span class='ocrx_word' id='word_1_242' title='bbox 778 1919 829 1952; x_wconf 91' lang='lat' dir='ltr'><strong>his</strong></span> <span class='ocrx_word' id='word_1_243' title='bbox 851 1919 1048 1964; x_wconf 80' lang='lat' dir='ltr'><strong>imperator,</strong></span> <span class='ocrx_word' id='word_1_244' title='bbox 1065 1924 1099 1952; x_wconf 89' lang='lat' dir='ltr'><strong>et</strong></span> <span class='ocrx_word' id='word_1_245' title='bbox 1114 1929 1267 1952; x_wconf 78' lang='lat' dir='ltr'><strong>sermone</strong></span> <span class='ocrx_word' id='word_1_246' title='bbox 1290 1922 1451 1951; x_wconf 87' lang='lat' dir='ltr'><strong>accurato</strong></span> <span class='ocrx_word' id='word_1_247' title='bbox 1475 1922 1529 1950; x_wconf 88' lang='lat' dir='ltr'><strong>est</strong></span> <span class='ocrx_word' id='word_1_248' title='bbox 1551 1929 1610 1950; x_wconf 89' lang='lat' dir='ltr'><strong>co-</strong></span> 
     </span>
     <span class='ocr_line' id='line_1_28' title="bbox 151 1963 1611 2010; baseline 0 -13"><span class='ocrx_word' id='word_1_249' title='bbox 151 1970 252 1998; x_wconf 81' lang='lat' dir='ltr'><strong>natus</strong></span> <span class='ocrx_word' id='word_1_250' title='bbox 274 1964 349 1998; x_wconf 88' lang='lat' dir='ltr'><strong>illos</strong></span> <span class='ocrx_word' id='word_1_251' title='bbox 371 1966 414 1998; x_wconf 86' lang='lat' dir='ltr'><strong>ab</strong></span> <span class='ocrx_word' id='word_1_252' title='bbox 438 1966 503 1999; x_wconf 84' lang='lat' dir='ltr'><strong>bac</strong></span> <span class='ocrx_word' id='word_1_253' title='bbox 524 1965 712 2010; x_wconf 79' lang='lat' dir='ltr'><strong>pertinacia</strong></span> <span class='ocrx_word' id='word_1_254' title='bbox 734 1965 921 2002; x_wconf 81' lang='lat' dir='ltr'><strong>deducere:</strong></span> <span class='ocrx_word' id='word_1_255' title='bbox 944 1965 1004 1998; x_wconf 89' lang='lat' dir='ltr'><strong>sed</strong></span> <span class='ocrx_word' id='word_1_256' title='bbox 1028 1965 1172 2009; x_wconf 81' lang='lat' dir='ltr'><strong>profecit</strong></span> <span class='ocrx_word' id='word_1_257' title='bbox 1194 1963 1287 1996; x_wconf 84' lang='lat' dir='ltr'><strong>nibil.</strong></span> <span class='ocrx_word' id='word_1_258' title='bbox 1310 1963 1399 1996; x_wconf 87' lang='lat' dir='ltr'><strong>unde</strong></span> <span class='ocrx_word' id='word_1_259' title='bbox 1420 1963 1611 2006; x_wconf 80' lang='lat' dir='ltr'><strong>angebatur</strong></span> 
     </span>
     <span class='ocr_line' id='line_1_29' title="bbox 151 2008 1610 2054; baseline 0.001 -12"><span class='ocrx_word' id='word_1_260' title='bbox 151 2009 279 2050; x_wconf 90' lang='lat' dir='ltr'><strong>animo,</strong></span> <span class='ocrx_word' id='word_1_261' title='bbox 314 2011 421 2043; x_wconf 86' lang='lat' dir='ltr'><strong>feram</strong></span> <span class='ocrx_word' id='word_1_262' title='bbox 442 2010 475 2043; x_wconf 91' lang='lat' dir='ltr'><strong>in</strong></span> <span class='ocrx_word' id='word_1_263' title='bbox 506 2021 622 2044; x_wconf 86' lang='lat' dir='ltr'><strong>casses</strong></span> <span class='ocrx_word' id='word_1_264' title='bbox 651 2021 727 2044; x_wconf 82' lang='lat' dir='ltr'><strong>mox</strong></span> <span class='ocrx_word' id='word_1_265' title='bbox 749 2010 949 2044; x_wconf 84' lang='lat' dir='ltr'><strong>induendam</strong></span> <span class='ocrx_word' id='word_1_266' title='bbox 972 2010 1214 2054; x_wconf 81' lang='lat' dir='ltr'><strong>intempestivis</strong></span> <span class='ocrx_word' id='word_1_267' title='bbox 1243 2008 1331 2042; x_wconf 87' lang='lat' dir='ltr'><strong>male</strong></span> <span class='ocrx_word' id='word_1_268' title='bbox 1352 2012 1525 2043; x_wconf 82' lang='lat' dir='ltr'><strong>cautorum</strong></span> <span class='ocrx_word' id='word_1_269' title='bbox 1548 2021 1610 2043; x_wconf 86' lang='lat' dir='ltr'><strong>ve-</strong></span> 
     </span>
     <span class='ocr_line' id='line_1_30' title="bbox 150 2053 1609 2099; baseline 0.001 -12"><span class='ocrx_word' id='word_1_270' title='bbox 150 2061 305 2088; x_wconf 82' lang='lat' dir='ltr'><strong>natorum</strong></span> <span class='ocrx_word' id='word_1_271' title='bbox 337 2055 429 2099; x_wconf 84' lang='lat' dir='ltr'><strong>abigi</strong></span> <span class='ocrx_word' id='word_1_272' title='bbox 460 2055 662 2089; x_wconf 83' lang='lat' dir='ltr'><strong>clamoribus</strong></span> <span class='ocrx_word' id='word_1_273' title='bbox 693 2055 827 2097; x_wconf 85' lang='lat' dir='ltr'><strong>dolens,</strong></span> <span class='ocrx_word' id='word_1_274' title='bbox 861 2056 1094 2099; x_wconf 87' lang='lat' dir='ltr'><strong>infinitumque</strong></span> <span class='ocrx_word' id='word_1_275' title='bbox 1126 2054 1203 2087; x_wconf 90' lang='lat' dir='ltr'><strong>duci</strong></span> <span class='ocrx_word' id='word_1_276' title='bbox 1236 2053 1609 2089; x_wconf 83' lang='lat' dir='ltr'><strong>tmnultuosissimarum</strong></span> 
     </span>
     <span class='ocr_line' id='line_1_31' title="bbox 150 2099 1608 2144; baseline 0.001 -11"><span class='ocrx_word' id='word_1_277' title='bbox 150 2100 299 2134; x_wconf 84' lang='lat' dir='ltr'><strong>rixarum</strong></span> <span class='ocrx_word' id='word_1_278' title='bbox 322 2101 433 2133; x_wconf 84' lang='lat' dir='ltr'><strong>funem</strong></span> <span class='ocrx_word' id='word_1_279' title='bbox 455 2101 567 2134; x_wconf 83' lang='lat' dir='ltr'><strong>ferens</strong></span> <span class='ocrx_word' id='word_1_280' title='bbox 582 2101 778 2144; x_wconf 86' lang='lat' dir='ltr'><strong>aegerrime.</strong></span> <span class='ocrx_word' id='word_1_281' title='bbox 823 2102 889 2135; x_wconf 88' lang='lat' dir='ltr'><strong>hac</strong></span> <span class='ocrx_word' id='word_1_282' title='bbox 910 2101 1090 2135; x_wconf 78' lang='lat' dir='ltr'><strong>instinctus</strong></span> <span class='ocrx_word' id='word_1_283' title='bbox 1106 2099 1320 2133; x_wconf 89' lang='lat' dir='ltr'><strong>solicitudine</strong></span> <span class='ocrx_word' id='word_1_284' title='bbox 1342 2099 1385 2133; x_wconf 89' lang='lat' dir='ltr'><strong>ad</strong></span> <span class='ocrx_word' id='word_1_285' title='bbox 1407 2101 1523 2134; x_wconf 88' lang='lat' dir='ltr'><strong>ambos</strong></span> <span class='ocrx_word' id='word_1_286' title='bbox 1545 2100 1608 2134; x_wconf 84' lang='lat' dir='ltr'><strong>hos</strong></span> 
     </span>
     <span class='ocr_line' id='line_1_32' title="bbox 150 2144 1610 2191; baseline 0.001 -12"><span class='ocrx_word' id='word_1_287' title='bbox 150 2145 324 2191; x_wconf 79' lang='lat' dir='ltr'><strong>praesules</strong></span> <span class='ocrx_word' id='word_1_288' title='bbox 346 2150 445 2179; x_wconf 81' lang='lat' dir='ltr'><strong>nocte</strong></span> <span class='ocrx_word' id='word_1_289' title='bbox 475 2146 620 2190; x_wconf 81' lang='lat' dir='ltr'><strong>quadarn</strong></span> <span class='ocrx_word' id='word_1_290' title='bbox 643 2151 781 2180; x_wconf 77' lang='lat' dir='ltr'><strong>vocatos</strong></span> <span class='ocrx_word' id='word_1_291' title='bbox 810 2146 1034 2191; x_wconf 81' lang='lat' dir='ltr'><strong>copiosissime</strong></span> <span class='ocrx_word' id='word_1_292' title='bbox 1055 2144 1361 2190; x_wconf 81' lang='lat' dir='ltr'><strong>instantissimeque</strong></span> <span class='ocrx_word' id='word_1_293' title='bbox 1382 2145 1427 2179; x_wconf 90' lang='lat' dir='ltr'><strong>de</strong></span> <span class='ocrx_word' id='word_1_294' title='bbox 1447 2150 1523 2180; x_wconf 76' lang='lat' dir='ltr'><strong>toto</strong></span> <span class='ocrx_word' id='word_1_295' title='bbox 1546 2158 1610 2180; x_wconf 87' lang='lat' dir='ltr'><strong>ne-</strong></span> 
     </span>
     <span class='ocr_line' id='line_1_33' title="bbox 149 2191 1607 2236; baseline 0.001 -12"><span class='ocrx_word' id='word_1_296' title='bbox 149 2191 243 2236; x_wconf 83' lang='lat' dir='ltr'><strong>gotio</strong></span> <span class='ocrx_word' id='word_1_297' title='bbox 268 2191 446 2233; x_wconf 84' lang='lat' dir='ltr'><strong>disseruit,</strong></span> <span class='ocrx_word' id='word_1_298' title='bbox 470 2191 651 2225; x_wconf 87' lang='lat' dir='ltr'><strong>ostendens</strong></span> <span class='ocrx_word' id='word_1_299' title='bbox 673 2203 772 2236; x_wconf 89' lang='lat' dir='ltr'><strong>quam</strong></span> <span class='ocrx_word' id='word_1_300' title='bbox 796 2192 989 2225; x_wconf 85' lang='lat' dir='ltr'><strong>conveniret</strong></span> <span class='ocrx_word' id='word_1_301' title='bbox 1010 2192 1141 2225; x_wconf 89' lang='lat' dir='ltr'><strong>unicam</strong></span> <span class='ocrx_word' id='word_1_302' title='bbox 1162 2191 1262 2224; x_wconf 88' lang='lat' dir='ltr'><strong>istam</strong></span> <span class='ocrx_word' id='word_1_303' title='bbox 1285 2191 1433 2225; x_wconf 88' lang='lat' dir='ltr'><strong>oblatam</strong></span> <span class='ocrx_word' id='word_1_304' title='bbox 1453 2192 1607 2236; x_wconf 82' lang='lat' dir='ltr'><strong>arripere</strong></span> 
     </span>
     <span class='ocr_line' id='line_1_34' title="bbox 148 2237 1608 2281; baseline 0.001 -11"><span class='ocrx_word' id='word_1_305' title='bbox 148 2237 383 2271; x_wconf 84' lang='lat' dir='ltr'><strong>conventionis</strong></span> <span class='ocrx_word' id='word_1_306' title='bbox 407 2248 532 2271; x_wconf 81' lang='lat' dir='ltr'><strong>ansam.</strong></span> <span class='ocrx_word' id='word_1_307' title='bbox 579 2248 621 2270; x_wconf 91' lang='lat' dir='ltr'><strong>ac</strong></span> <span class='ocrx_word' id='word_1_308' title='bbox 643 2248 717 2270; x_wconf 87' lang='lat' dir='ltr'><strong>cum</strong></span> <span class='ocrx_word' id='word_1_309' title='bbox 741 2237 821 2270; x_wconf 88' lang='lat' dir='ltr'><strong>nihil</strong></span> <span class='ocrx_word' id='word_1_310' title='bbox 852 2238 895 2271; x_wconf 88' lang='lat' dir='ltr'><strong>ab</strong></span> <span class='ocrx_word' id='word_1_311' title='bbox 927 2237 992 2271; x_wconf 90' lang='lat' dir='ltr'><strong>illis</strong></span> <span class='ocrx_word' id='word_1_312' title='bbox 1011 2237 1230 2281; x_wconf 87' lang='lat' dir='ltr'><strong>impetraret,</strong></span> <span class='ocrx_word' id='word_1_313' title='bbox 1264 2237 1512 2271; x_wconf 85' lang='lat' dir='ltr'><strong>excandescens</strong></span> <span class='ocrx_word' id='word_1_314' title='bbox 1545 2249 1608 2271; x_wconf 85' lang='lat' dir='ltr'><strong>ex-</strong></span> 
     </span>
     <span class='ocr_line' id='line_1_35' title="bbox 146 2282 1605 2328; baseline 0.001 -12"><span class='ocrx_word' id='word_1_315' title='bbox 146 2282 322 2327; x_wconf 84' lang='lat' dir='ltr'><strong>probravit</strong></span> <span class='ocrx_word' id='word_1_316' title='bbox 343 2283 551 2316; x_wconf 84' lang='lat' dir='ltr'><strong>durissimam</strong></span> <span class='ocrx_word' id='word_1_317' title='bbox 576 2283 714 2327; x_wconf 86' lang='lat' dir='ltr'><strong>utrique</strong></span> <span class='ocrx_word' id='word_1_318' title='bbox 734 2282 969 2326; x_wconf 84' lang='lat' dir='ltr'><strong>pervicaciam,</strong></span> <span class='ocrx_word' id='word_1_319' title='bbox 991 2283 1169 2327; x_wconf 87' lang='lat' dir='ltr'><strong>increpans</strong></span> <span class='ocrx_word' id='word_1_320' title='bbox 1192 2293 1268 2316; x_wconf 89' lang='lat' dir='ltr'><strong>esse</strong></span> <span class='ocrx_word' id='word_1_321' title='bbox 1287 2282 1364 2317; x_wconf 92' lang='lat' dir='ltr'><strong>illos</strong></span> <span class='ocrx_word' id='word_1_322' title='bbox 1388 2283 1605 2328; x_wconf 87' lang='lat' dir='ltr'><strong>compositio-</strong></span> 
     </span>
     <span class='ocr_line' id='line_1_36' title="bbox 148 2327 1605 2374; baseline 0.001 -13"><span class='ocrx_word' id='word_1_323' title='bbox 148 2328 200 2361; x_wconf 89' lang='lat' dir='ltr'><strong>nis</strong></span> <span class='ocrx_word' id='word_1_324' title='bbox 222 2327 386 2369; x_wconf 75' lang='lat' dir='ltr'><strong>inimicos,</strong></span> <span class='ocrx_word' id='word_1_325' title='bbox 407 2328 501 2374; x_wconf 88' lang='lat' dir='ltr'><strong>pacis</strong></span> <span class='ocrx_word' id='word_1_326' title='bbox 523 2329 648 2369; x_wconf 85' lang='lat' dir='ltr'><strong>hostes,</strong></span> <span class='ocrx_word' id='word_1_327' title='bbox 667 2339 790 2372; x_wconf 88' lang='lat' dir='ltr'><strong>cupere</strong></span> <span class='ocrx_word' id='word_1_328' title='bbox 810 2327 934 2362; x_wconf 84' lang='lat' dir='ltr'><strong>iactari</strong></span> <span class='ocrx_word' id='word_1_329' title='bbox 955 2329 1102 2362; x_wconf 85' lang='lat' dir='ltr'><strong>aeternis</strong></span> <span class='ocrx_word' id='word_1_330' title='bbox 1124 2328 1392 2362; x_wconf 81' lang='lat' dir='ltr'><strong>contentionibus</strong></span> <span class='ocrx_word' id='word_1_331' title='bbox 1414 2330 1605 2371; x_wconf 84' lang='lat' dir='ltr'><strong>ecclesiam,</strong></span> 
     </span>
     <span class='ocr_line' id='line_1_37' title="bbox 148 2373 1607 2419; baseline 0.002 -13"><span class='ocrx_word' id='word_1_332' title='bbox 148 2384 321 2419; x_wconf 79' lang='lat' dir='ltr'><strong>novasque</strong></span> <span class='ocrx_word' id='word_1_333' title='bbox 341 2374 431 2407; x_wconf 85' lang='lat' dir='ltr'><strong>ciere</strong></span> <span class='ocrx_word' id='word_1_334' title='bbox 463 2378 684 2418; x_wconf 87' lang='lat' dir='ltr'><strong>tempestates</strong></span> <span class='ocrx_word' id='word_1_335' title='bbox 713 2373 888 2407; x_wconf 83' lang='lat' dir='ltr'><strong>veteribus</strong></span> <span class='ocrx_word' id='word_1_336' title='bbox 914 2375 1058 2407; x_wconf 88' lang='lat' dir='ltr'><strong>nondum</strong></span> <span class='ocrx_word' id='word_1_337' title='bbox 1092 2374 1192 2419; x_wconf 89' lang='lat' dir='ltr'><strong>plane</strong></span> <span class='ocrx_word' id='word_1_338' title='bbox 1213 2375 1417 2419; x_wconf 87' lang='lat' dir='ltr'><strong>compositis.</strong></span> <span class='ocrx_word' id='word_1_339' title='bbox 1463 2375 1512 2409; x_wconf 87' lang='lat' dir='ltr'><strong>sic</strong></span> <span class='ocrx_word' id='word_1_340' title='bbox 1534 2375 1607 2409; x_wconf 90' lang='lat' dir='ltr'><strong>ira-</strong></span> 
     </span>
     <span class='ocr_line' id='line_1_38' title="bbox 150 2419 1605 2463; baseline 0.001 -12"><span class='ocrx_word' id='word_1_341' title='bbox 150 2419 259 2452; x_wconf 84' lang='lat' dir='ltr'><strong>cunde</strong></span> <span class='ocrx_word' id='word_1_342' title='bbox 279 2419 476 2462; x_wconf 77' lang='lat' dir='ltr'><strong>obiurgatus</strong></span> <span class='ocrx_word' id='word_1_343' title='bbox 498 2421 668 2454; x_wconf 85' lang='lat' dir='ltr'><strong>facessere</strong></span> <span class='ocrx_word' id='word_1_344' title='bbox 697 2431 718 2453; x_wconf 81' lang='lat' dir='ltr'><strong>a</strong></span> <span class='ocrx_word' id='word_1_345' title='bbox 751 2423 934 2463; x_wconf 86' lang='lat' dir='ltr'><strong>conspectu</strong></span> <span class='ocrx_word' id='word_1_346' title='bbox 968 2431 1028 2453; x_wconf 86' lang='lat' dir='ltr'><strong>suo</strong></span> <span class='ocrx_word' id='word_1_347' title='bbox 1051 2419 1170 2462; x_wconf 86' lang='lat' dir='ltr'><strong>iussit,</strong></span> <span class='ocrx_word' id='word_1_348' title='bbox 1202 2420 1424 2455; x_wconf 86' lang='lat' dir='ltr'><strong>minacissime</strong></span> <span class='ocrx_word' id='word_1_349' title='bbox 1445 2420 1516 2455; x_wconf 88' lang='lat' dir='ltr'><strong>suis</strong></span> <span class='ocrx_word' id='word_1_350' title='bbox 1538 2421 1605 2454; x_wconf 89' lang='lat' dir='ltr'><strong>im-</strong></span> 
     </span>
     <span class='ocr_line' id='line_1_39' title="bbox 146 2464 1604 2510; baseline 0.002 -13"><span class='ocrx_word' id='word_1_351' title='bbox 146 2474 294 2508; x_wconf 86' lang='lat' dir='ltr'><strong>perans,</strong></span> <span class='ocrx_word' id='word_1_352' title='bbox 316 2464 424 2508; x_wconf 85' lang='lat' dir='ltr'><strong>irent,</strong></span> <span class='ocrx_word' id='word_1_353' title='bbox 448 2465 658 2499; x_wconf 87' lang='lat' dir='ltr'><strong>abducerent</strong></span> <span class='ocrx_word' id='word_1_354' title='bbox 678 2469 909 2505; x_wconf 84' lang='lat' dir='ltr'><strong>contumaces,</strong></span> <span class='ocrx_word' id='word_1_355' title='bbox 942 2466 1173 2510; x_wconf 86' lang='lat' dir='ltr'><strong>abderentque</strong></span> <span class='ocrx_word' id='word_1_356' title='bbox 1195 2466 1382 2500; x_wconf 82' lang='lat' dir='ltr'><strong>disiunctos</strong></span> <span class='ocrx_word' id='word_1_357' title='bbox 1403 2467 1544 2500; x_wconf 86' lang='lat' dir='ltr'><strong>invicem</strong></span> <span class='ocrx_word' id='word_1_358' title='bbox 1566 2466 1604 2500; x_wconf 89' lang='lat' dir='ltr'><strong>in</strong></span> 
     </span>
     <span class='ocr_line' id='line_1_40' title="bbox 147 2511 1603 2557; baseline 0.003 -15"><span class='ocrx_word' id='word_1_359' title='bbox 147 2515 325 2554; x_wconf 80' lang='lat' dir='ltr'><strong>separatas</strong></span> <span class='ocrx_word' id='word_1_360' title='bbox 356 2511 544 2553; x_wconf 84' lang='lat' dir='ltr'><strong>custodias,</strong></span> <span class='ocrx_word' id='word_1_361' title='bbox 573 2511 743 2556; x_wconf 83' lang='lat' dir='ltr'><strong>prohibito</strong></span> <span class='ocrx_word' id='word_1_362' title='bbox 773 2511 966 2555; x_wconf 85' lang='lat' dir='ltr'><strong>quorumvis</strong></span> <span class='ocrx_word' id='word_1_363' title='bbox 998 2511 1042 2545; x_wconf 86' lang='lat' dir='ltr'><strong>ad</strong></span> <span class='ocrx_word' id='word_1_364' title='bbox 1073 2522 1132 2545; x_wconf 89' lang='lat' dir='ltr'><strong>eos</strong></span> <span class='ocrx_word' id='word_1_365' title='bbox 1155 2522 1304 2546; x_wconf 86' lang='lat' dir='ltr'><strong>accessu.</strong></span> <span class='ocrx_word' id='word_1_366' title='bbox 1350 2513 1399 2546; x_wconf 87' lang='lat' dir='ltr'><strong>ita</strong></span> <span class='ocrx_word' id='word_1_367' title='bbox 1422 2517 1603 2557; x_wconf 87' lang='lat' dir='ltr'><strong>utrumque</strong></span> 
     </span>
     <span class='ocr_line' id='line_1_41' title="bbox 148 2556 1603 2602; baseline 0.002 -15"><span class='ocrx_word' id='word_1_368' title='bbox 148 2561 326 2588; x_wconf 83' lang='lat' dir='ltr'><strong>servarent</strong></span> <span class='ocrx_word' id='word_1_369' title='bbox 347 2557 456 2601; x_wconf 88' lang='lat' dir='ltr'><strong>quoad</strong></span> <span class='ocrx_word' id='word_1_370' title='bbox 481 2557 674 2602; x_wconf 84' lang='lat' dir='ltr'><strong>praeposito</strong></span> <span class='ocrx_word' id='word_1_371' title='bbox 697 2556 861 2590; x_wconf 80' lang='lat' dir='ltr'><strong>ecclesiae</strong></span> <span class='ocrx_word' id='word_1_372' title='bbox 884 2557 1076 2601; x_wconf 82' lang='lat' dir='ltr'><strong>patriarcha</strong></span> <span class='ocrx_word' id='word_1_373' title='bbox 1093 2568 1179 2591; x_wconf 81' lang='lat' dir='ltr'><strong>novo</strong></span> <span class='ocrx_word' id='word_1_374' title='bbox 1202 2568 1325 2592; x_wconf 80' lang='lat' dir='ltr'><strong>causae</strong></span> <span class='ocrx_word' id='word_1_375' title='bbox 1344 2557 1491 2602; x_wconf 89' lang='lat' dir='ltr'><strong>ipsorum</strong></span> <span class='ocrx_word' id='word_1_376' title='bbox 1515 2557 1603 2600; x_wconf 84' lang='lat' dir='ltr'><strong>legi-</strong></span> 
     </span>
     <span class='ocr_line' id='line_1_42' title="bbox 147 2599 1603 2648; baseline 0.003 -16"><span class='ocrx_word' id='word_1_377' title='bbox 147 2599 228 2633; x_wconf 84' lang='lat' dir='ltr'><strong>timo</strong></span> <span class='ocrx_word' id='word_1_378' title='bbox 250 2600 372 2635; x_wconf 86' lang='lat' dir='ltr'><strong>iudicio</strong></span> <span class='ocrx_word' id='word_1_379' title='bbox 395 2602 662 2644; x_wconf 87' lang='lat' dir='ltr'><strong>subiicerentur‚</strong></span> <span class='ocrx_word' id='word_1_380' title='bbox 695 2602 838 2636; x_wconf 84' lang='lat' dir='ltr'><strong>maxime</strong></span> <span class='ocrx_word' id='word_1_381' title='bbox 861 2608 971 2636; x_wconf 86' lang='lat' dir='ltr'><strong>autem</strong></span> <span class='ocrx_word' id='word_1_382' title='bbox 995 2602 1183 2648; x_wconf 65' lang='lat' dir='ltr'><strong>Epheshi,</strong></span> <span class='ocrx_word' id='word_1_383' title='bbox 1217 2604 1277 2648; x_wconf 89' lang='lat' dir='ltr'><strong>qui</strong></span> <span class='ocrx_word' id='word_1_384' title='bbox 1299 2603 1364 2637; x_wconf 89' lang='lat' dir='ltr'><strong>iam</strong></span> <span class='ocrx_word' id='word_1_385' title='bbox 1386 2604 1503 2637; x_wconf 86' lang='lat' dir='ltr'><strong>literas</strong></span> <span class='ocrx_word' id='word_1_386' title='bbox 1526 2604 1603 2637; x_wconf 79' lang='lat' dir='ltr'><strong>foe-</strong></span> 
     </span>
     <span class='ocr_line' id='line_1_43' title="bbox 147 2643 1601 2694; baseline 0.003 -17"><span class='ocrx_word' id='word_1_387' title='bbox 147 2643 303 2679; x_wconf 82' lang='lat' dir='ltr'><strong>dissimae</strong></span> <span class='ocrx_word' id='word_1_388' title='bbox 334 2647 590 2682; x_wconf 82' lang='lat' dir='ltr'><strong>obtrectationis</strong></span> <span class='ocrx_word' id='word_1_389' title='bbox 621 2648 656 2682; x_wconf 88' lang='lat' dir='ltr'><strong>in</strong></span> <span class='ocrx_word' id='word_1_390' title='bbox 681 2648 883 2692; x_wconf 83' lang='lat' dir='ltr'><strong>Gregorium</strong></span> <span class='ocrx_word' id='word_1_391' title='bbox 915 2649 1033 2693; x_wconf 83' lang='lat' dir='ltr'><strong>plenas</strong></span> <span class='ocrx_word' id='word_1_392' title='bbox 1055 2648 1190 2683; x_wconf 81' lang='lat' dir='ltr'><strong>Asianis</strong></span> <span class='ocrx_word' id='word_1_393' title='bbox 1220 2649 1402 2694; x_wconf 86' lang='lat' dir='ltr'><strong>inscriptas</strong></span> <span class='ocrx_word' id='word_1_394' title='bbox 1425 2648 1601 2683; x_wconf 84' lang='lat' dir='ltr'><strong>edidisset.</strong></span> 
     </span>
     <span class='ocr_line' id='line_1_44' title="bbox 147 2688 1604 2740; baseline 0.004 -18"><span class='ocrx_word' id='word_1_395' title='bbox 147 2688 201 2722; x_wconf 83' lang='lat' dir='ltr'><strong>his</strong></span> <span class='ocrx_word' id='word_1_396' title='bbox 219 2691 365 2726; x_wconf 55' lang='lat' dir='ltr'><strong>iaham:</strong></span> <span class='ocrx_word' id='word_1_397' title='bbox 386 2693 518 2727; x_wconf 87' lang='lat' dir='ltr'><strong>modum</strong></span> <span class='ocrx_word' id='word_1_398' title='bbox 541 2705 564 2727; x_wconf 83' lang='lat' dir='ltr'><strong>a</strong></span> <span class='ocrx_word' id='word_1_399' title='bbox 584 2704 622 2727; x_wconf 90' lang='lat' dir='ltr'><strong>se</strong></span> <span class='ocrx_word' id='word_1_400' title='bbox 645 2693 791 2727; x_wconf 87' lang='lat' dir='ltr'><strong>dimissis</strong></span> <span class='ocrx_word' id='word_1_401' title='bbox 823 2694 1024 2738; x_wconf 83' lang='lat' dir='ltr'><strong>imperator,</strong></span> <span class='ocrx_word' id='word_1_402' title='bbox 1056 2705 1220 2739; x_wconf 80' lang='lat' dir='ltr'><strong>sequaces</strong></span> <span class='ocrx_word' id='word_1_403' title='bbox 1241 2695 1390 2740; x_wconf 87' lang='lat' dir='ltr'><strong>ipsorum</strong></span> <span class='ocrx_word' id='word_1_404' title='bbox 1413 2695 1604 2728; x_wconf 85' lang='lat' dir='ltr'><strong>vehementi</strong></span> 
     </span>
     <span class='ocr_line' id='line_1_45' title="bbox 146 2733 1603 2784; baseline 0.004 -17"><span class='ocrx_word' id='word_1_405' title='bbox 146 2733 286 2769; x_wconf 77' lang='lat' dir='ltr'><strong>adortus</strong></span> <span class='ocrx_word' id='word_1_406' title='bbox 307 2736 454 2782; x_wconf 75' lang='lat' dir='ltr'><strong>impetu,</strong></span> <span class='ocrx_word' id='word_1_407' title='bbox 487 2739 644 2773; x_wconf 81' lang='lat' dir='ltr'><strong>absentia</strong></span> <span class='ocrx_word' id='word_1_408' title='bbox 664 2739 730 2772; x_wconf 88' lang='lat' dir='ltr'><strong>iam</strong></span> <span class='ocrx_word' id='word_1_409' title='bbox 760 2739 880 2773; x_wconf 89' lang='lat' dir='ltr'><strong>ducum</strong></span> <span class='ocrx_word' id='word_1_410' title='bbox 902 2740 1102 2774; x_wconf 81' lang='lat' dir='ltr'><strong>infirmiores</strong></span> <span class='ocrx_word' id='word_1_411' title='bbox 1125 2741 1225 2775; x_wconf 83' lang='lat' dir='ltr'><strong>facile</strong></span> <span class='ocrx_word' id='word_1_412' title='bbox 1247 2740 1430 2782; x_wconf 88' lang='lat' dir='ltr'><strong>deterruit,</strong></span> <span class='ocrx_word' id='word_1_413' title='bbox 1466 2744 1603 2784; x_wconf 88' lang='lat' dir='ltr'><strong>pertra-</strong></span> 
     </span>
     <span class='ocr_line' id='line_1_46' title="bbox 146 2780 1603 2832; baseline 0.005 -20"><span class='ocrx_word' id='word_1_414' title='bbox 146 2782 287 2824; x_wconf 82' lang='lat' dir='ltr'><strong>ctosque</strong></span> <span class='ocrx_word' id='word_1_415' title='bbox 307 2780 343 2814; x_wconf 86' lang='lat' dir='ltr'><strong>in</strong></span> <span class='ocrx_word' id='word_1_416' title='bbox 363 2784 563 2818; x_wconf 78' lang='lat' dir='ltr'><strong>sententiam</strong></span> <span class='ocrx_word' id='word_1_417' title='bbox 586 2784 732 2819; x_wconf 82' lang='lat' dir='ltr'><strong>caeteris</strong></span> <span class='ocrx_word' id='word_1_418' title='bbox 754 2785 926 2827; x_wconf 81' lang='lat' dir='ltr'><strong>adiunxit3</strong></span> <span class='ocrx_word' id='word_1_419' title='bbox 948 2785 1070 2831; x_wconf 82' lang='lat' dir='ltr'><strong>quibus</strong></span> <span class='ocrx_word' id='word_1_420' title='bbox 1097 2786 1188 2832; x_wconf 88' lang='lat' dir='ltr'><strong>apud</strong></span> <span class='ocrx_word' id='word_1_421' title='bbox 1210 2797 1366 2830; x_wconf 87' lang='lat' dir='ltr'><strong>magnum</strong></span> <span class='ocrx_word' id='word_1_422' title='bbox 1388 2785 1517 2820; x_wconf 83' lang='lat' dir='ltr'><strong>coactis</strong></span> <span class='ocrx_word' id='word_1_423' title='bbox 1538 2796 1603 2831; x_wconf 85' lang='lat' dir='ltr'><strong>pa-</strong></span> 
     </span>
     <span class='ocr_line' id='line_1_47' title="bbox 202 2831 1323 2880; baseline 0.008 -14"><span class='ocrx_word' id='word_1_424' title='bbox 202 2831 376 2878; x_wconf 75' lang='lat' dir='ltr'><strong>Georgt&#39;us</strong></span> <span class='ocrx_word' id='word_1_425' title='bbox 402 2835 627 2880; x_wconf 68' lang='lat' dir='ltr'><strong>Pachymereu</strong></span> <span class='ocrx_word' id='word_1_426' title='bbox 655 2837 705 2870; x_wconf 83' lang='lat'><strong>11.</strong></span> <span class='ocrx_word' id='word_1_427' title='bbox 1297 2836 1323 2875; x_wconf 90' lang='grc'><strong>9</strong></span> 
     </span>
    </p>
   </div>
  </div>
 </body>
</html>
