1858 3126
238 187 334 231 332
659 180 898 227 GEORGII
930 180 1284 228 PACHYMERIS

240 299 289 343 τὸ
308 294 526 354 μεσόγαιον
537 330 550 350 ,
591 298 625 339 εἲ
648 298 714 340 καὶ
732 292 1079 353 ἎλῆςἈμοῦριος
1103 294 1264 355 εῗρῆνην
1286 299 1354 341 καὶ
1375 299 1414 349 ἔς
1431 296 1525 343 τόδε
1545 316 1707 355 σχημα·

237 366 443 422 τιζόμενος
463 362 692 423 ἔφησῦχαζε
717 365 830 416 τέως.
904 365 1009 409 ἀλλὰ
1033 366 1085 409 τὰ
1107 371 1164 426 τῷ
1182 367 1335 422 Ἀτμᾶν
1355 367 1408 411 τὰ
1427 370 1516 426 περὶ
1535 369 1610 423 τὴν
1627 371 1708 412 Nl-

240 454 359 479 καιαν
388 435 680 492 κατατρέχοντι
709 432 926 492 ἐσύστερον
952 435 1334 493 ἇριστουργηθέντα
1353 437 1419 479 καὶ
1439 441 1586 480 τοῦτον
1607 439 1707 496 ἐπῇ-

241 523 333 562 ρεν,
383 503 524 558 ἱκανὴν
562 502 872 561 φιλοφροσύνην
900 502 1080 555 δόξαντα
1114 502 1413 561 καταπράττειν
1443 509 1502 566 τῷ
1531 509 1703 559 βασιλεῖ,

241 574 349 629 εἴπερ
383 570 580 630 εἲρηνεύοι
610 573 668 628 μὴ
697 570 999 628 εἰσβαλλόντων
1030 573 1190 617 ἄλλων·
1235 576 1269 618 εῗ
1295 573 1338 616 δ’
1373 568 1473 627 οὖν,
1510 573 1616 618 ἀλλὰ
1641 577 1740 622 κἀὶ5

191 654 222 688 D
247 642 373 692 αὐτὸς
394 639 568 699 ἁρπάζοι
591 642 644 684 τὰ
669 649 755 692 τοῖς
781 646 948 693 πολλοῖς
971 641 1220 699 ἀπαγόμενα.
1285 642 1438 698 Ἀτμᾶν
1465 644 1600 687 τοίνυν
1627 647 1710 687 τῶν

241 711 350 768 ἀμφὶ
382 711 456 766 τὴν
477 713 656 754 Νίκαιαν
682 709 820 754 τόπων
853 710 1017 769 ἀπάρας
1043 711 1117 770 (τὸ
1139 712 1217 769 γὰρ
1237 713 1404 766 συμβὰν
1425 710 1624 769 πρότερον
1649 716 1709 771 τῷ

240 777 496 832 Μουζάλωνι
530 770 704 837 σφάλμα
736 782 803 823 καὶ
835 780 957 824 πλέον
989 780 1150 837 ὤγκωσε
1180 780 1382 840 τοῦτον),
1415 781 1512 831 τοὺς
1529 780 1709 837 ὀρεινοὺς

243 848 420 892 διελθὼν
451 850 635 905 σι’φωνας
662 849 824 903 ἕτοιμος
852 845 904 905 ἦν
934 850 1153 893 καταθέειν
1177 848 1414 902 Ἁλιζώνων.
1485 843 1591 893 ἀλλὰ
1614 852 1710 907 πρὶν

239 918 367 962 αὐτὸν
386 919 586 973 εἰσβαλεῖν
598 951 611 971 ,
639 922 804 973 πλῆθος
824 920 987 975 ἐχθρῶν
1006 919 1212 974 συναχθέν
1224 952 1237 972 ,
1275 922 1331 970 εἷς
1353 918 1498 962 ἑκατὸν
1516 921 1708 963 noum-⁹221
1722 927 1764 961 10

237 989 303 1029 καὶ
322 984 500 1042 μόνους,
536 987 632 1044 περί
651 1005 730 1030 που
751 989 826 1044 τὴν
850 989 1079 1043 Τελεμαίαν
1102 990 1403 1044 καταδαρθεΐσι
1424 994 1510 1038 τοῖς
1527 990 1616 1046 περὶ
1637 989 1709 1033 τὸν

185 1064 216 1098 Ε
242 1054 508 1108 ΠἸουζάλωνα
538 1056 706 1099 ἐπιστὰν
734 1058 776 1107 ἐξ
804 1055 1066 1114 ἀπροόπτου,
1101 1058 1261 1107 ἐκείνοις
1281 1057 1355 1110 μὲν
1374 1055 1430 1108 ὥς
1453 1057 1556 1108 εῗκός
1578 1074 1709 1113 ταρα-

235 1125 312 1181 χὴν
344 1122 597 1180 ἐμβάλλουσι
627 1125 703 1180 τὴν
726 1126 940 1182 μεγίστην,
979 1125 1112 1170 πολλὰ
1137 1127 1182 1169 δέ
1202 1124 1423 1180 λαβόντες,
1461 1128 1528 1168 καὶ
1557 1125 1710 1177 αὗτοῦς

237 1196 279 1237 ἐν
300 1198 588 1253 σαυρωτῆρσιν
609 1192 786 1247 ὑσσούς,
816 1193 1161 1253 ὑποστρέφουσιν.
1233 1193 1288 1245 ὥς
1306 1195 1350 1237 δὲ
1369 1192 1591 1244 συστάντες
1608 1193 1709 1239 Ῥω-

238 1270 353 1318 μαΐοι
374 1263 471 1313 τοὺς
491 1260 679 1314 ἐπιόντας
698 1264 888 1318 ἐδίωκον,
926 1265 1064 1308 ἐκεῖνοι
1087 1264 1140 1307 τοὶ
1169 1263 1304 1320 ὀρεινὰ
1324 1261 1707 1319 προκαταλαβόντες
1721 1269 1763 1305 15

240 1334 306 1375 καὶ
339 1332 387 1375 τὸ
417 1332 601 1390 ἀσφαλὲς
628 1331 819 1376 ἐντεῦθεν
851 1333 1032 1388 ἔχοντες,
1069 1330 1240 1383 στάντες
1269 1332 1443 1387 ἔβαλλον
1468 1331 1621 1383 ὀϊστοῖς
1641 1335 1710 1376 καὶ

243 1399 523 1451 κυκλεύσαντες
541 1400 779 1454 ἓτοξάζοντο
792 1434 805 1455 ‚
841 1404 907 1445 καὶ
928 1407 1012 1446 τῶν
1030 1399 1259 1445 διωκόντων
1281 1405 1481 1445 τοσοῦτον
1505 1400 1709 1459 περιγεγό-

242 1487 378 1513 νεισαν
412 1468 518 1513 ὥστε
549 1472 616 1513 καὶ
649 1470 776 1514 αὐτὸν
807 1478 1024 1526 κατασχεῖν
1049 1471 1120 1514 τὸν
1151 1474 1268 1528 σφῶν
1299 1468 1584 1527 ἐξηγούμενον·
1633 1469 1708 1514 κᾶν

100 1545 127 1578 Ρ
152 1545 219 1579 229
245 1537 471 1595 ἀπήγαγον,
509 1537 560 1594 ἢν
579 1536 637 1594 μή
657 1557 719 1590 τις
741 1543 824 1582 τῶν
843 1539 1156 1595 τῆςῬωμαϊκῆς
1174 1537 1381 1596 φάλαγγος
1398 1543 1508 1594 λῆμα
1528 1546 1708 1595 γενναῖον

245 1607 405 1664 φέρων,
453 1612 633 1664 στερρῶς
667 1608 851 1662 ἐμπεσών
880 1610 948 1651 καὶ
981 1608 1243 1664 περιγεγονώς
1271 1612 1353 1650 τῶν
1383 1605 1585 1663 ἀγόντων,
1631 1612 1707 1651 τοῦ
1719 1615 1765 1649 20

240 1679 367 1720 ἵππου
401 1674 531 1731 μόνου
559 1677 794 1734 τρωθέντος
827 1677 976 1720 ἐκεῖνον
999 1679 1182 1728 ἐξείλετο.
1253 1681 1377 1719 τοῦτο
1399 1674 1559 1733 γεγονός
1578 1693 1621 1720 τε
1641 1679 1709 1720 καὶ

240 1833 416 1868 nuntiatur
449 1833 550 1879 plena
581 1843 656 1868 esse
688 1833 937 1868 mediterranea
959 1832 1120 1868 hostium.
1167 1843 1244 1867 nam
1268 1836 1451 1878 utcumque
1472 1833 1580 1868 Hales
1602 1833 1707 1868 Amu-

239 1882 311 1914 rius
333 1880 368 1914 in
391 1879 604 1914 simulatione
627 1879 771 1926 quadam
794 1880 890 1925 pacis
913 1891 951 1914 se
973 1880 1138 1914 hactenus
1163 1879 1340 1913 continens
1362 1879 1570 1924 quiescebat,
1594 1883 1708 1914 tamen

240 1926 357 1961 efferri
381 1925 479 1960 brevi
503 1926 616 1971 coepit
639 1926 863 1960 aemulatione
886 1927 988 1972 paulo
1023 1933 1102 1971 post
1132 1931 1322 1960 secutorum
1352 1936 1566 1960 successuum
1588 1929 1709 1964 Atma-

240 1972 311 2014 nis‚
347 1971 504 2006 viciniam
536 1973 691 2007 Nicaeae
721 1984 885 2018 prospere
916 1972 1141 2016 incursantis,
1175 1984 1241 2006 non
1274 1983 1417 2016 parvum
1443 1982 1481 2006 se
1510 1971 1709 2017 imperatori

239 2018 439 2052 beneficium
465 2018 648 2053 contulisse
671 2023 845 2064 reputans,
869 2018 897 2054 si
920 2031 958 2054 se
980 2018 1017 2053 in
1043 2018 1138 2062 pacis
1162 2017 1382 2052 observantia
1404 2022 1540 2051 teneret
1562 2017 1708 2063 quandiu

239 2064 297 2097 alii
319 2063 355 2097 in
378 2068 490 2098 terras
515 2064 645 2110 imperii
668 2076 734 2099 non
756 2065 994 2111 irrumperent.
1040 2064 1123 2099 illud
1141 2076 1222 2099 vero
1246 2063 1334 2108 exigi
1357 2075 1378 2097 a
1395 2075 1433 2098 se
1453 2063 1543 2097 haud
1565 2075 1708 2109 aequum

240 2120 336 2151 esse,
369 2114 408 2143 ut
441 2111 592 2155 praedae
626 2111 805 2145 multorum
835 2111 970 2157 impune
1001 2110 1142 2145 aliorum
1166 2110 1291 2156 rapinis
1315 2110 1459 2144 abactae
1480 2113 1611 2155 partem
1634 2109 1726 2155 ipse'

241 2155 308 2189 sibi
338 2166 404 2189 non
438 2157 608 2201 arriperet
639 2156 798 2201 aliquam.
844 2158 966 2192 Atman
990 2157 1095 2202 igitur
1118 2169 1138 2191 e
1161 2157 1246 2191 locis
1270 2156 1363 2191 circa
1387 2155 1550 2190 Nicaeam
1572 2164 1708 2190 movens

243 2201 339 2245 (nam
365 2213 451 2246 quae
475 2203 567 2247 prius
591 2203 763 2238 Muzaloni
787 2204 979 2249 contigerat
1002 2203 1144 2237 offensio
1169 2202 1299 2245 animos¹
1319 2201 1368 2235 illi
1392 2202 1571 2245 augebat),
1594 2203 1709 2234 trans-

243 2257 380 2292 gressus
412 2251 586 2282 montanos
618 2249 808 2294 Siphones,
839 2255 981 2295 paratus
1004 2254 1080 2284 erat
1104 2249 1146 2283 ad
1169 2248 1386 2282 incursandos
1410 2247 1600 2280 Halizones.
1646 2244 1708 2279 sed

245 2291 443 2338 priusquam
466 2293 500 2326 in
522 2295 600 2328 illos
622 2294 782 2337 irrueret,
806 2296 948 2331 collecta
971 2307 1088 2330 manus
1108 2295 1264 2334 hostium,
1289 2298 1421 2327 centum
1443 2292 1586 2325 solorum
1614 2291 1710 2335 capi-

246 2343 317 2372 tum
341 2349 406 2372 non
431 2339 596 2373 excedens
619 2351 803 2384 numerum,
828 2341 921 2376 circa
939 2342 1154 2376 Telemaeam
1179 2339 1298 2385 sopitis
1321 2350 1362 2372 ex
1385 2337 1563 2382 improviso
1587 2347 1709 2381 super-

250 2383 386 2418 veniens
409 2384 581 2419 Muzaloni
605 2397 680 2419 cum
703 2386 795 2429 suis,
820 2386 874 2420 his
897 2388 1053 2432 quidem,
1078 2391 1204 2431 utpar
1230 2385 1298 2419 fuit
1319 2383 1382 2417 tali
1404 2386 1496 2417 statu
1519 2382 1709 2427 deprehen-

248 2429 320 2472 sis,
350 2430 639 2475 perturbationem
662 2430 778 2466 iniecit
798 2432 995 2475 maximam,
1028 2444 1095 2477 qua
1125 2430 1263 2465 barbari
1292 2428 1399 2463 adiuti
1418 2440 1491 2462 cum
1515 2428 1582 2462 alia
1604 2428 1709 2462 multa

249 2480 320 2510 tum
353 2475 469 2510 hastas
499 2476 592 2522 ipsas
622 2476 810 2511 decussatis
834 2477 1009 2522 impositas
1031 2478 1066 2512 in
1087 2476 1168 2512 valli
1191 2478 1320 2509 cratem
1341 2474 1513 2519 stipitibus
1538 2475 1709 2508 auferunt,

249 2525 289 2556 ut
312 2524 424 2555 autem
448 2523 596 2567 receptis
621 2534 640 2555 e
663 2523 778 2556 subita
812 2524 1086 2558 consternatione
1116 2521 1232 2556 animis
1254 2521 1396 2554 Romani
1420 2531 1518 2554 manu
1540 2520 1632 2554 facta
1654 2520 1710 2554 in-

251 2567 361 2602 secuti
385 2567 555 2612 fugientes
578 2571 676 2610 sunt,
699 2568 749 2601 illi
772 2572 855 2602 nota
876 2569 957 2613 ipsis
981 2569 1139 2603 montium
1162 2567 1240 2610 iuga
1262 2570 1463 2607 tenuerunt,
1487 2565 1631 2611 indeque
1654 2576 1711 2599 se-

252 2624 334 2648 curo
361 2612 429 2648 iam
451 2613 489 2647 in
512 2613 585 2647 loco
609 2613 751 2648 stabiliti
778 2613 915 2657 sagittis
939 2618 1075 2649 nostros
1106 2613 1331 2657 impetebant,
1367 2611 1517 2657 undique
1549 2623 1611 2657 per
1641 2611 1709 2645 cir-

250 2659 379 2694 cuitum
401 2670 546 2705 superne
568 2659 774 2701 iaculantes-3
803 2663 1004 2705 tantumque
1026 2658 1262 2693 circumventis
1284 2657 1326 2691 iis
1349 2658 1406 2702 qui
1428 2669 1466 2691 se
1484 2657 1710 2703 insequeban-

248 2709 305 2740 tur
324 2705 596 2751 praevaluerunt,
619 2709 658 2740 ut
681 2710 717 2739 et
739 2705 849 2751 ipsum
872 2706 990 2740 borum
1013 2706 1133 2739 ducem
1155 2704 1478 2749 comprehenderent
1497 2703 1710 2747 abegissent-

247 2763 327 2796 que,
350 2751 418 2786 nisi
440 2751 605 2798 quispiam
628 2763 649 2785 e
671 2752 825 2786 Romana
848 2752 1016 2797 phalange
1038 2761 1202 2796 generoso
1227 2753 1366 2784 evectus
1384 2749 1512 2795 impetu
1529 2750 1710 2783 vehemen-

249 2803 316 2830 tem
338 2797 479 2832 fecisset
501 2797 754 2843 impressionem
777 2797 811 2832 in
833 2798 1021 2838 barbaros,
1052 2802 1121 2832 tam
1144 2796 1281 2830 fortiter
1303 2806 1375 2830 rem
1397 2806 1519 2839 gerens
1541 2797 1580 2829 ut
1602 2793 1711 2828 disie-

250 2843 315 2877 ctis
345 2843 403 2886 iis,
438 2855 499 2879 suo
529 2847 659 2879 tantum
683 2855 770 2890 equo
794 2844 965 2890 sauciato,
996 2843 1071 2890 ipse
1102 2841 1277 2878 incolumis
1296 2841 1437 2876 liberum
1465 2840 1635 2888 captivum
1655 2850 1711 2873 re-
