1858 3126
291 143 388 191 622
424 123 426 125 ’
717 142 950 188 GEORGII
981 145 1327 191 PACHYfflms

289 260 554 308 κονταμναΐαι
577 254 658 311 γὰρ
679 255 731 298 τὰ
754 255 884 299 πολλὰ
907 254 1095 310 ἔπιπτον,
1132 258 1167 301 εἰ
1193 259 1259 301 καὶ
1287 259 1356 302 διὰ
1370 261 1419 304 τὸ
1440 261 1640 318 ὀλίγιστον
1657 267 1731 306 rofa

288 324 487 381 φρουρίου
509 323 552 365 αἶ
571 327 753 367 πλεῖσται
771 322 971 379 ἢστόχουν
992 327 1059 367 καὶ
1078 325 1158 376 ἔξω
1175 326 1394 382 ἐπέρρητον
1411 328 1464 371 τὰ
1483 328 1730 384 πεμπόμενα.

286 391 335 435 οὖ
356 391 440 446 μὴν
461 392 506 434 δέ
523 393 590 434 καὶ
610 391 830 446 ἀζημίωτοι
844 391 996 447 ἒῖιιενον,
1027 393 1131 436 ἀλλὰ
1149 393 1341 445 πολλάκις
1359 394 1460 451 ὑπὲρ
1479 398 1732 451 τριακοσίους

144 470 174 503 Ρ
195 467 263 506 434
286 460 326 503 οἳ
352 459 464 509 ἐντὸς
496 458 609 509 ὅντες
637 460 855 516 εὐθαρσῶς
875 459 1151 512 ἐξελαύνοντες
1174 463 1312 519 σφίσιν
1329 463 1572 520 ἐπίρραττον
1589 466 1656 506 καὶ
1677 465 1732 507 τὰ

264 527 418 595 ,πολλὰ
459 529 671 583 ἐζημίουν,
723 528 798 578 ἕως
825 523 874 572 οὗ
906 530 1215 584 κατισχυθέντες
1237 533 1304 573 καὶ
1333 525 1446 574 οὗτοι
1483 538 1764 587 προσχωρεΐνὸ

283 595 388 639 καθ’
414 593 630 651 ὁμολογίαν
651 595 836 640 {uhtvon
908 596 1003 639 ἀλλ’
1034 597 1106 640 οὐκ
1137 598 1318 641 ἔπειθον·
1355 597 1565 652 ἐπώμοτος
1583 599 1662 655 γὰρ
1682 594 1732 653 ἦν

279 662 576 721 Ῥομοφόρτος,
614 665 697 706 ἐπεὶ
722 664 899 714 πολλοὺς
928 665 1106 719 ἀπέβαλε
1133 670 1216 709 τῶν
1246 667 1359 709 ἰδίων
1367 699 1381 720 ,
1416 663 1547 722 ἧμῆν
1567 669 1634 710 καὶ
1654 667 1733 710 θέ-

283 737 431 781 λοντας
462 739 712 788 προσχωρεῖν
738 733 795 787 μὴ
825 731 1040 787 δέχεσθαι,
1084 736 1150 775 καὶ
1182 739 1340 787 μᾶλλον
1365 740 1438 777 τοῦ
1470 733 1624 790 πύργου
1652 751 1731 778 σα-

281 799 525 857 θρωθέντος
550 807 638 850 ταῖς
667 801 846 854 συνεχέσι
866 806 948 844 τῶν
965 803 1096 844 λίθων
1115 807 1259 855 βολαῖς
1279 802 1407 845 αὐτοῦ
1427 800 1730 858 μηχανήματος.

283 869 330 912 τὸ
361 868 439 924 γὰρ
469 872 544 911 τοῦ
570 866 684 925 ἇγιόυ
712 868 852 911 Ἠλίου
881 868 1077 926 φρούριον
1103 868 1401 925 χειρωσάμενος
1425 868 1784 927 φιλανθρώπωςω

234 945 265 980 Β
285 936 584 994 προσηνέγκατο
625 943 712 986 τοῖς
751 934 980 992 οἰκήτορσι,
1023 940 1088 980 καὶ
1117 939 1324 994 φρουροὺς
1351 938 1541 992 ἐμβαλὼν
1571 939 1732 988 ἐκείνοις

283 1003 622 1061 πρὸςῬαιδεστόν
633 1006 795 1059 γίνεται,
821 1006 962 1055 ἐξελεῖν
976 1005 1262 1059 διανοούμενος
1279 1009 1346 1049 καὶ
1364 1006 1516 1049 ἀνοικτὶ
1534 1004 1726 1063 φονεύειν.

284 1074 324 1118 οἶ
343 1074 388 1116 δέ
405 1070 727 1129 προσελιπάρουν
746 1071 1018 1130 θερμότερον,
1049 1076 1114 1116 καὶ
1133 1073 1303 1124 ἑαυτοὺς
1325 1077 1597 1130 παρεδίδοσαν
1618 1073 1725 1116 καθ’

283 1141 500 1197 ὁμολογίας
517 1144 591 1184 τοῦ
613 1145 824 1196 σωθῆναι,
859 1142 902 1184 ἐκ
923 1142 1056 1199 χειρὸς
1073 1142 1154 1197 ἤδη
1177 1146 1251 1198 τῆς
1267 1140 1402 1198 μάχης
1421 1141 1546 1197 οὔσης
1564 1143 1632 1185 καὶ
1651 1145 1725 1184 τοῦ

283 1207 470 1252 κινδύνου
503 1210 794 1265 ἐπηρτημένου.
863 1209 938 1252 κᾶν
969 1209 1242 1262 ἐκινδύνευον,
1275 1209 1326 1265 ἢν
1355 1207 1414 1265 μή
1443 1227 1504 1260 τις
1531 1213 1613 1253 τῶν
1637 1210 1725 1252 ἐπι·
1737 1213 1779 1250 16

281 1275 443 1321 σκόπων
473 1277 699 1333 συμπαρών
725 1278 840 1333 σφίσι
865 1279 931 1320 καὶ
960 1278 1035 1322 σὺν
1053 1278 1165 1337 αὐτῷ
1182 1277 1298 1321 ἄλλοι
1319 1278 1390 1322 τὸν
1409 1275 1623 1334 βάρβαρον
1643 1277 1726 1320 ἷκε-

280 1344 442 1389 τεύουσι
460 1346 517 1400 μὴ
537 1344 587 1388 ἂν
607 1343 727 1388 τόσον
748 1344 1002 1402 ἐργάσασθαι
1021 1345 1159 1403 φόνον.
1227 1345 1314 1401 ἅμα
1331 1347 1380 1389 δέ
1396 1363 1439 1401 γε
1455 1347 1520 1388 καὶ
1537 1349 1724 1399 συμβου-

230 1420 262 1455 C
286 1412 498 1466 λεύουσιν,
534 1412 591 1463 ὥς
615 1413 791 1470 ἐλέγετο,
821 1414 918 1464 τοὺς
943 1418 1017 1457 τοῦ
1043 1411 1259 1471 βαρβάρου
1290 1413 1453 1469 θυμοὺς
1485 1410 1723 1458 κολακεύον-

366 1510 400 1545 2.
422 1507 642 1554 ἔπέρρητον]
667 1507 941 1556 ὑπερίπταντοΐ
1075 1511 1108 1544 9.
1133 1508 1275 1555 αὐτοῦ]
1299 1508 1374 1545 vimi
1399 1508 1496 1546 1015?

276 1586 470 1633 gravitatis,
493 1586 618 1632 quippe
639 1599 727 1632 quae
750 1587 992 1641 quinquaginta
1015 1587 1174 1622 minarum
1197 1587 1328 1632 singula
1351 1589 1423 1621 fere
1447 1585 1577 1632 pondus
1594 1595 1722 1638 aequa-

275 1639 362 1675 rent.
408 1633 467 1667 sed
501 1634 605 1666 turris
639 1633 808 1677 exiguitas
839 1633 1004 1666 interdum
1039 1644 1100 1677 per
1132 1634 1289 1667 tenebras
1313 1632 1452 1666 fallebat
1475 1631 1721 1665 collineantlum

277 1679 407 1719 aciem3
438 1681 528 1711 unde
560 1679 603 1711 ab
634 1683 775 1722 utroque
809 1679 915 1712 latere
946 1678 1051 1711 multa
1082 1677 1210 1711 intacto
1242 1678 1346 1711 castri
1378 1686 1519 1721 corpore
1541 1676 1720 1710 cadebant.

276 1736 341 1758 nec
363 1723 524 1757 indemnis
540 1723 672 1757 Latinis
695 1724 823 1757 obsidio
850 1727 942 1757 eratz
965 1734 1039 1757 nam
1063 1723 1273 1768 praesidiarii
1295 1722 1401 1756 turris
1421 1721 1584 1756 trecentis
1605 1721 1720 1766 plnres

277 1770 438 1804 audacter
459 1769 622 1803 interdurn
643 1768 676 1802 in
701 1781 758 1802 eos
781 1769 999 1814 erumpebant
1021 1769 1173 1813 maleque
1194 1769 1402 1809 multabant,
1433 1767 1543 1812 quoad
1571 1765 1720 1812 denique

277 1814 442 1849 debilitati
465 1814 634 1859 diffisique
654 1814 780 1848 viribus
803 1818 838 1848 et
861 1814 894 1848 bi
917 1818 995 1847 sunt
1017 1814 1177 1858 compulsi
1200 1814 1402 1847 descendere
1423 1813 1467 1846 ad
1489 1814 1610 1856 pacta,
1639 1821 1722 1845 ora-

277 1872 384 1906 reque
407 1861 635 1894 Romofortum
661 1863 700 1893 ut
721 1861 823 1894 certis
846 1859 1088 1894 conditionibus
1121 1859 1217 1894 abire
1238 1871 1276 1893 se
1298 1859 1426 1893 sineret
1445 1858 1639 1891 incolumes.
1680 1855 1720 1890 id

277 1907 334 1940 ille
366 1907 526 1940 ferociter
552 1905 683 1939 renuit:
717 1905 892 1949 indignans
924 1905 1010 1939 enim
1041 1903 1130 1950 quod
1160 1917 1201 1939 ea
1231 1905 1404 1938 obsidione
1430 1904 1551 1937 multos
1582 1911 1719 1936 suornm

280 1951 465 1992 amisisset,
500 1951 672 1985 iuraverat
693 1962 731 1986 se
753 1953 928 1994 obsessos,
962 1950 1177 1995 quantumvis
1198 1950 1322 1984 vellent
1342 1953 1519 1993 rogarent,
1541 1957 1719 1992 numquam

277 1997 322 2031 ad
352 1997 620 2041 compositionem
651 1997 878 2031 admissurum.
924 1997 959 2030 in
990 2007 1056 2041 qua
1087 2007 1159 2029 eum
1189 1996 1329 2029 maxime
1357 1994 1526 2028 sententia
1547 1993 1717 2035 firmabat,

278 2042 368 2086 quod
390 2042 498 2076 latera
520 2043 657 2076 videbat
679 2043 834 2076 obsessae
855 2042 958 2076 turris
979 2041 1091 2075 multis
1113 2041 1177 2075 iam
1201 2041 1282 2075 locis
1306 2040 1430 2074 hiantia
1452 2039 1496 2072 ob
1518 2038 1612 2072 labes
1630 2046 1721 2082 quas

277 2092 398 2131 petrae
420 2088 521 2120 muris
545 2099 604 2133 per
630 2089 781 2122 balistam
805 2088 970 2132 impactae
999 2087 1198 2129 intulerant3
1231 2086 1319 2120 unde
1347 2083 1444 2119 brevi
1473 2095 1511 2119 se
1532 2083 1567 2118 vi
1590 2082 1718 2128 potitu-

274 2143 349 2165 rum
383 2139 494 2166 castro
518 2134 687 2177 sperabat.
732 2134 886 2178 quoniam
910 2138 1020 2166 autem
1043 2132 1198 2177 pactione
1225 2131 1427 2165 constrictus
1450 2136 1587 2164 coactus
1603 2129 1715 2162 fuerat

274 2188 349 2210 cum
372 2178 596 2221 praesidiariis
622 2179 711 2212 arcis
733 2179 848 2213 Sancti
874 2179 990 2212 Heliae
1013 2189 1120 2222 nuper
1142 2180 1262 2222 captae
1287 2175 1473 2210 humaniter
1494 2177 1630 2218 praeter
1650 2182 1716 2215 ge-

274 2222 364 2255 nium
387 2234 424 2255 se
447 2235 565 2266 gerere
579 2248 588 2264 ‚
614 2230 810 2268 prosecutus
832 2225 932 2258 etiam
957 2223 1125 2268 praesidio
1149 2224 1332 2262 abeuntes,
1360 2232 1426 2266 quo
1448 2229 1566 2253 secure
1587 2216 1630 2251 ad
1646 2217 1714 2250 de-

273 2266 432 2301 stinatum
456 2269 711 2310 deducerentur,
735 2270 767 2303 in
788 2269 1035 2310 Rhaedestinis,
1062 2279 1145 2313 quos
1168 2271 1392 2312 oppugnatum
1415 2265 1493 2298 iude
1515 2261 1628 2296 statim
1650 2272 1713 2294 ve-

271 2316 369 2345 nerat
384 2337 393 2352 2
426 2314 629 2348 constituere
660 2315 793 2348 volebat
827 2315 1010 2360 exemplum
1032 2314 1161 2347 illustre
1185 2313 1237 2346 sui
1260 2313 1421 2346 adversus
1443 2309 1608 2341 Romanos
1630 2306 1711 2348 odii,

272 2357 401 2390 cunctis
423 2357 465 2391 iis
488 2358 790 2394 immisericorditer
805 2361 971 2394 necandis.
1016 2360 1177 2392 adversus
1200 2359 1261 2391 hoc
1282 2355 1409 2390 obsessi
1430 2354 1495 2388 iam
1517 2352 1644 2386 redacti
1665 2351 1712 2385 ad

272 2408 422 2435 extrema
443 2403 565 2436 infimis
590 2405 746 2448 precibus
769 2407 963 2446 certabant,
983 2405 1085 2438 vitam
1107 2405 1223 2436 saltem
1247 2413 1287 2435 ac
1310 2401 1461 2434 miserum
1483 2397 1635 2443 spiritum
1657 2396 1715 2430 in-

271 2447 399 2492 dulgeri
431 2448 514 2488 sibi,
548 2454 665 2492 portas
691 2450 824 2493 statim,
857 2451 885 2483 si
909 2451 971 2483 hoc
993 2449 1260 2494 promitteretur,
1293 2443 1481 2490 aperturis,
1514 2442 1712 2488 suppliciter

273 2496 419 2528 orantes.
465 2493 520 2526 diu
543 2494 653 2526 surdis
677 2495 720 2527 ad
744 2495 826 2528 baec
848 2495 927 2528 irati
953 2494 1089 2527 victoris
1112 2493 1268 2533 auribus,
1292 2489 1570 2534 periclitabantur
1594 2487 1719 2532 Rhene-0

270 2538 392 2572 destini
422 2539 576 2582 repulsae
609 2539 692 2583 ipsis
723 2540 849 2572 exitiali
871 2540 1065 2579 subiacere,
1104 2537 1168 2570 nisi
1193 2536 1327 2580 quidam
1349 2546 1446 2579 quem
1469 2544 1581 2567 secum
1602 2533 1712 2566 habe·-

270 2584 355 2618 bant
377 2583 572 2628 episcopus,
598 2589 633 2618 et
655 2595 727 2617 cum
750 2585 813 2617 hoc
835 2585 915 2625 alii,
940 2595 1000 2628 pro
1024 2584 1073 2617 eis
1096 2582 1183 2626 apud
1204 2582 1382 2614 barbarum
1398 2580 1631 2624 deprecatores
1652 2577 1710 2610 in-

269 2630 503 2663 tervenissent.
549 2629 581 2662 hi
615 2640 677 2672 pro
708 2629 955 2663 ecclesiasticae
987 2628 1133 2662 lenitatis
1166 2626 1279 2660 officio
1315 2626 1492 2659 monebant
1521 2623 1610 2658 haud
1641 2621 1708 2656 deo

270 2675 446 2719 probatum
469 2674 512 2708 iri
537 2674 799 2708 Christianorum
823 2686 883 2719 per
907 2673 1116 2707 Christianos
1141 2672 1276 2705 caedem
1305 2671 1378 2704 fieri
1402 2675 1542 2704 tantam.
1586 2667 1707 2702 adinn-

271 2721 396 2763 gebant
417 2721 580 2754 interesse
601 2731 662 2755 sua
684 2720 807 2765 ipsius,
831 2719 1090 2753 mansuetudinis
1111 2717 1199 2762 apud
1223 2727 1331 2751 arcem
1357 2716 1477 2750 Heliae
1497 2718 1630 2759 partam
1651 2713 1706 2745 fa·

272 2775 356 2799 mam
381 2765 432 2799 hic
455 2777 589 2812 quoque
611 2765 709 2800 tueri.
755 2765 814 2800 ubi
843 2765 928 2800 enim
958 2775 1023 2799 non
1055 2774 1120 2798 ano
1154 2763 1220 2798 iam
1251 2761 1477 2808 experimento
1502 2760 1711 2804 compostum
