1858 3126
214 163 216 165 ’
282 168 380 216 778
678 166 988 211 OBSERVAT.
1021 168 1330 214 PAGHYMER.

279 280 397 333 βρίου
408 309 420 327 ,
449 274 579 331 ἡμέρᾳ
596 271 735 332 πρώτῃ
753 279 824 328 τῆς
842 273 1076 330 ἑβδομάδος.
1131 279 1294 316 tertium
1311 285 1348 316 et
1367 278 1724 332 quadragesimum

280 348 433 373 annum
456 340 635 384 agentem
659 334 829 382 aetatis,
861 335 960 372 anni
973 335 1069 371 noni
1086 340 1123 371 et
1143 336 1322 374 vicesimi
1341 348 1468 386 supra
1487 338 1723 388 octingente-

278 394 425 428 simum
442 397 479 427 et
498 391 621 427 sexies
635 390 915 439 millesimum,
945 388 1185 428 duodecima
1211 394 1357 429 mensio
1390 391 1589 442 Octobris,
1606 393 1723 443 seria

274 450 411 498 prima
439 445 712 484 hebdomadis.
768 452 816 484 ut
830 447 923 485 anni
943 460 1056 485 aerae
1075 446 1315 486 Graecorum
1332 447 1384 485 ad
1400 461 1529 486 aeram
1548 454 1722 490 nostram

278 504 483 553 vulgarem
511 503 774 551 reducantur,
815 509 1008 555 perpetua
1038 503 1224 542 methodo
1255 517 1306 542 ex
1331 503 1412 543 illis
1436 503 1605 542 tollendi
1631 510 1724 543 eunt

277 561 371 598 anni
397 558 515 597 solidi
546 558 668 601 5508.
726 558 795 597 tali
820 560 1088 598 subtractione
1107 561 1210 598 facta
1229 561 1450 612 reperietur
1466 573 1616 609 annus,
1645 573 1723 611 quo

277 622 337 654 est
362 622 543 654 mortuus
565 615 755 664 michael,
787 615 933 654 Christi
955 619 1075 658 1321.
1132 616 1202 654 sed
1221 618 1264 655 in
1283 615 1344 658 his
1364 616 1573 667 diligenter
1589 617 1723 656 obser-

275 685 369 712 vare
387 678 546 725 oportet
561 671 844 723 discrepantias
862 671 964 710 initii
982 685 1188 711 annorum.
1222 685 1313 711 nam
1331 673 1470 714 Graeci
1489 686 1613 712 annos
1630 687 1723 718 suos

275 742 389 767 aerae
422 728 559 767 mundi
590 742 611 765 a
643 728 884 780 Septembri,
915 728 1018 766 sicut
1036 734 1076 766 et
1097 728 1374 779 indictionem,
1407 729 1619 780 inchoant,
1647 743 1721 770 uos

273 798 369 824 vero
397 799 420 822 a
445 784 624 823 kalendis
652 784 839 823 Ianuarii.
895 784 1028 835 itaque
1053 785 1211 835 quando
1242 799 1317 837 per
1346 785 1573 826 methodum
1601 786 1720 828 modo

273 841 489 879 iudicatam
519 840 780 892 comperimus
806 853 951 878 annum
975 840 1214 880 Graecorum
1235 844 1345 885 6829
1359 842 1598 895 respondere
1615 855 1720 880 anno

274 897 423 936 Christi
452 899 583 946 1321,
613 896 915 947 intelligendum
945 896 988 934 id
1016 910 1064 935 ex
1091 897 1231 936 maiori
1257 898 1461 937 dumtaxat
1480 904 1609 950 parte,
1637 912 1719 937 non

273 959 405 992 autem
436 961 480 992 ut
506 953 608 991 alter
631 953 797 991 alterum
824 954 998 1005 perfecte
1028 953 1230 1005 adaequet.
1289 960 1538 993 concurrunt
1555 955 1658 992 enim
1675 955 1720 993 in.

274 1016 366 1048 octo
390 1009 595 1048 dumtaxat
613 1010 834 1058 mensibus,
863 1022 1035 1060 quorum
1055 1010 1205 1061 primus
1230 1010 1434 1049 Ianuarius
1451 1011 1514 1049 sit.
1569 1011 1617 1049 ab
1642 1009 1717 1050 hoc

273 1066 378 1105 enim
406 1067 543 1104 ineunt
561 1064 706 1103 Christi
733 1065 848 1115 anni,
879 1066 1034 1116 quando
1053 1066 1132 1104 iam
1152 1080 1175 1103 a
1193 1066 1374 1104 kalendis
1393 1066 1633 1118 Septembris
1651 1075 1719 1105 sui·

272 1122 441 1176 periuris
459 1134 587 1161 annus
603 1134 712 1160 aerae
732 1122 985 1171 Graecorum,
1015 1121 1083 1172 qui
1101 1122 1338 1173 respondere
1355 1122 1427 1162 tali
1445 1121 1592 1163 Christi
1612 1135 1716 1162 anno

272 1178 468 1228 creditur,
493 1177 759 1217 inchoaverat.
816 1177 859 1215 id
883 1178 961 1216 nisi
991 1178 1077 1229 quis
1102 1178 1441 1229 animadverterit,
1470 1179 1514 1216 in
1531 1177 1609 1216 hoc
1626 1178 1715 1232 ipso

274 1235 382 1286 quod
407 1241 622 1273 tractamus
648 1235 827 1286 exemplo
848 1248 889 1272 se
910 1235 1064 1286 lapsum
1094 1234 1244 1273 sentiet.
1300 1248 1392 1273 ecce
1409 1234 1513 1273 enim
1533 1234 1588 1272 ait
1605 1235 1718 1272 Can-

272 1297 488 1329 tacuzenus
511 1291 614 1329 diem
634 1290 911 1340 duodecimum
935 1290 1136 1340 Octobris,
1166 1304 1245 1342 quo
1264 1297 1323 1329 est
1342 1297 1517 1329 mortuus
1535 1289 1717 1340 ΜὶοἰιειὲἑΙ,Ι

271 1346 344 1385 ἰΙΙο
374 1362 477 1387 anno
506 1360 617 1385 aerae
650 1347 788 1385 mundi
818 1350 926 1389 6829
951 1346 1069 1385 fuisse
1097 1347 1352 1388 dominicum.
1414 1347 1459 1385 id
1484 1359 1580 1386 vero
1610 1361 1717 1386 anno

271 1403 420 1442 Ch1isti
444 1405 546 1446 1821
569 1403 729 1442 minime
753 1403 950 1441 convenit.
1006 1409 1064 1441 est
1091 1403 1195 1441 enim
1225 1403 1324 1442 hic
1312 1417 1354 1441 iu
1378 1402 1547 1455 periodo
1562 1403 1716 1445 Iuliana

268 1459 393 1510 6034,
424 1460 492 1510 qui
512 1472 698 1497 numerus
720 1473 794 1511 per
814 1462 868 1501 28
889 1458 1038 1497 divisus
1058 1458 1125 1498 dat
1145 1460 1301 1511 cyclum
1319 1459 1414 1498 solis
1437 1458 1488 1500 14
1510 1459 1545 1498 ei
1567 1458 1715 1498 Christi

269 1528 373 1552 mmo
404 1518 506 1557 1321
538 1516 758 1568 proprium.
818 1515 932 1567 cyclo
954 1529 1075 1567 porro
1104 1516 1197 1554 solis
1219 1517 1291 1566 14,
1321 1516 1384 1554 cui
1399 1515 1518 1554 litera
1537 1515 1714 1554 domini-

126 1574 153 1606 P
178 1573 245 1608 563
270 1570 366 1608 calis
390 1571 424 1607 D
449 1572 661 1621 competit,
691 1571 947 1609 duodecimus
976 1571 1160 1610 Octobris
1188 1573 1270 1610 dies
1301 1572 1416 1610 lunae
1446 1572 1535 1610 fuit.
1590 1571 1714 1610 nimi-

264 1640 355 1665 rum
394 1625 560 1664 Octobri
598 1627 867 1678 praecedentis
902 1626 1049 1664 Christi
1085 1627 1180 1666 anni
1210 1631 1317 1670 1320
1349 1627 1515 1666 ΜίεῙιεόῙ
1548 1627 1711 1668 obierat.

264 1696 359 1721 nam
384 1683 417 1720 is
447 1695 572 1720 annus
599 1683 712 1734 cyclo
741 1683 836 1720 solis
866 1686 915 1723 13
947 1689 985 1720 et
1010 1683 1125 1721 litera
1162 1682 1391 1722 dominicali
1423 1683 1574 1734 gemina
1605 1683 1638 1720 F
1664 1683 1711 1733 E,

265 1739 359 1790 quia
382 1738 596 1777 bissextilis
627 1738 725 1788 suit,
755 1738 961 1788 insignitus
993 1751 1013 1775 a
1042 1751 1172 1777 mense
1192 1738 1332 1776 Martio
1351 1738 1504 1776 literam
1527 1738 1560 1776 E
1589 1739 1710 1777 seriae

263 1795 416 1848 primae
434 1795 603 1833 indicem
619 1794 768 1833 habuit.
826 1793 924 1832 haec
946 1800 1073 1832 autem
1092 1795 1206 1833 litera
1225 1795 1501 1833 duodecimum
1521 1794 1709 1834 Octobris

266 1851 370 1890 diem
401 1851 539 1902 signat.
597 1850 703 1889 unde
733 1850 956 1888 charactere
986 1850 1265 1901 chronologico
1288 1857 1394 1889 certa
1411 1849 1593 1889 redditur
1611 1865 1709 1902 epo-

268 1908 344 1945 cha
366 1908 494 1945 obitus
514 1907 762 1959 imperatoris
779 1907 978 1945 Michaelis
997 1907 1162 1946 iunioris
1184 1907 1226 1945 in
1247 1907 1456 1945 Octobrem
1481 1906 1574 1949 anni
1593 1906 1709 1957 Chri„

266 1964 319 2002 sti
348 1967 454 2005 1320
482 1969 620 2002 exacte
648 1963 837 2001 incidens.
895 1976 944 2001 ex
971 1977 1048 2014 quo
1069 1963 1206 2002 limine
1227 1977 1315 2001 cum
1335 1962 1525 2015 procedat
1541 1961 1708 2005 historia

267 2020 550 2070 Cantacuzeni,
593 2026 713 2072 caput
739 2020 821 2058 eius
849 2033 871 2056 a
902 2019 981 2057 fine
1012 2019 1359 2071 Pachymerianae,
1394 2019 1629 2070 desinentis,
1660 2025 1707 2058 ut

267 2082 327 2114 est
353 2075 528 2126 dictum,
556 2077 631 2114 sub
654 2076 803 2115 exitum
829 2076 923 2113 anni
953 2075 1098 2114 Christi
1121 2078 1248 2125 1807,
1279 2075 1400 2114 distat
1426 2075 1553 2127 spatio
1576 2089 1707 2114 anno-

263 2145 356 2170 rum
383 2132 595 2182 tredecim,
627 2132 733 2184 quod
760 2146 843 2170 non
870 2132 1037 2183 impedit
1055 2145 1133 2183 quo
1156 2132 1285 2170 minus
1308 2130 1490 2183 populari
1513 2136 1551 2169 et
1575 2131 1705 2175 minus

264 2188 500 2239 scrupuloso
527 2189 761 2228 numerandi
784 2202 892 2226 more
918 2188 996 2226 dici
1019 2188 1142 2240 possit
1161 2188 1293 2240 excipi
1314 2187 1655 2239 Pachymerianam
1680 2201 1704 2224 a

266 2244 600 2283 Cantacuzeniana
611 2275 622 2294 ‚
653 2251 692 2284 et
707 2244 811 2283 hanc
830 2245 892 2282 illi
917 2243 1140 2283 continuari
1159 2243 1388 2293 historiam,
1418 2243 1520 2281 sicut
1540 2241 1703 2294 Thucy-

265 2298 422 2337 dideam
451 2300 739 2339 Herodotianae
770 2301 978 2342 succedere
1007 2300 1122 2338 multi
1149 2296 1358 2349 dixerunt]
1388 2300 1483 2337 licet
1506 2298 1576 2336 illa
1601 2296 1701 2349 pro-

260 2355 349 2407 prie
363 2356 486 2393 ducat
502 2357 660 2395 initium
680 2357 728 2394 ab
749 2357 922 2395 exordiis
941 2357 1035 2395 belli
1058 2355 1398 2408 Peloponnesiaci,
1420 2367 1517 2406 quae
1536 2366 1701 2405 compe-

259 2416 356 2449 tunt
371 2425 475 2448 anno
495 2413 650 2463 periodi
668 2413 842 2451 Iulianae
859 2415 991 2462 4288,
1020 2412 1117 2450 haec
1133 2412 1177 2450 in
1197 2411 1408 2450 Plataeensi
1428 2409 1538 2447 clade
1558 2410 1700 2448 Persa-2

259 2480 347 2505 rum
365 2467 568 2506 mardonio
586 2468 687 2506 duce
705 2475 744 2507 et
762 2470 842 2507 fine
859 2470 952 2507 belli
969 2468 1110 2508 Medici
1129 2468 1305 2518 deficiat,
1333 2479 1438 2504 anno
1454 2465 1608 2516 periodi
1627 2465 1699 2503 Iu-

257 2523 387 2564 lianae
419 2523 551 2575 4235,
592 2524 802 2567 intervallo
827 2525 957 2565 medio
983 2525 1088 2565 inter
1116 2497 1307 2578 epochaui
1334 2528 1539 2574 utramque
1567 2534 1699 2562 anno-

258 2591 348 2619 rum
371 2582 438 2623 58
