1858 3126
619 153 723 197 LIB.
750 151 805 196 11.
869 147 1071 193 NOTAE.
1466 138 1566 188 729

116 273 160 313 in
178 275 292 325 patre
307 282 355 308 ac
372 266 456 307 filio
475 265 649 306 existens
676 276 759 302 non
789 261 917 300 sinere
935 272 1000 298 eos
1019 257 1100 296 dici
1120 255 1201 294 duo
1219 252 1417 307 principia
1440 251 1570 304 Spiri-

117 335 185 368 tus
205 325 353 366 Sancti.
411 323 572 362 eandem
605 332 760 372 quoque
788 318 902 356 istam
931 316 1123 355 unitatem
1146 310 1375 364 spirationis
1404 309 1569 358 activae,

117 386 163 424 in
183 390 298 437 patre
313 382 408 420 licet
426 379 588 430 filioque
605 375 803 416 distinctis
818 371 1036 419 existentis,
1065 370 1134 407 illa
1151 368 1369 420 respiciunt
1387 379 1487 417 quae
1504 379 1572 405 re·-

117 442 249 480 fertur
276 453 298 476 a
326 443 463 476 nostro
491 434 683 474 historico
706 431 855 473 dixisse
877 443 918 482 p.
939 431 995 470 32
1014 427 1086 465 sub
1106 425 1223 464 finem
1237 453 1250 474 ,
1279 424 1315 462 si
1336 423 1423 475 quis
1444 423 1574 460 inesse

119 494 371 536 contenderit
397 490 680 545 praepositioni
705 485 772 530 διά
788 501 860 539 per
879 485 1082 524 notionem
1103 494 1262 530 causae,
1293 494 1384 519 eum
1403 479 1490 517 iure
1511 484 1575 518 ter-

120 551 311 592 meritatis
338 548 616 588 accusandum.
672 546 763 584 vult
789 543 912 591 enim,
943 540 1104 591 quando
1124 544 1258 590 patres
1277 535 1418 575 Graeci
1437 535 1580 573 dicunt

120 611 165 648 S.
191 607 384 661 Spiritum
416 619 439 642 a
470 611 581 656 patre
616 600 682 644 aaa·
712 601 807 642 υῖοῦ
833 613 908 652 per
929 598 1074 649 filium
1105 594 1343 646 procedere,
1384 605 1475 630 cum
1510 591 1580 628 illa

122 663 416 718 praepositione
442 657 510 702 διά
533 674 608 712 per
632 658 809 697 indicent
836 652 1237 694 communicationem
1258 664 1279 687 a
1297 655 1411 701 patre
1432 650 1579 687 factam

121 721 210 760 filio
228 717 456 772 spirationis
474 718 627 755 activae
646 714 765 753 unius
783 711 1048 762 eiusdemque,
1078 708 1240 746 omnino
1261 705 1478 757 negandam
1499 717 1583 742 esse

119 775 457 830 praepositionem
486 774 597 812 illam
633 767 699 812 διά
727 784 798 822 per
827 767 1004 806 indicare
1027 765 1150 804 ullam
1181 763 1374 802 rationem
1394 760 1583 813 principii

123 833 261 872 Sancti
288 830 483 883 Spiritus,
513 841 612 881 quae
639 827 722 866 filio
750 830 971 877 competat,
1001 821 1189 861 distincta
1217 819 1265 858 ab
1294 832 1336 857 ea
1364 831 1465 869 quae
1481 817 1584 854 inest

125 889 232 942 patri
252 899 447 940 quamque
463 886 524 924 illi
545 891 658 938 pater
673 881 955 924 communicat.
1011 878 1075 917 his
1089 878 1144 915 ita
1159 877 1199 915 iu
1217 876 1448 914 universum
1468 885 1585 925 prae-

125 945 291 984 structis
316 943 368 982 ad
393 942 654 981 amoliendam
681 954 703 978 a
728 939 858 978 Vecco
887 935 1150 988 suspicionem
1179 945 1336 972 omnem
1361 931 1583 978 haereseos,

128 1001 317 1054 quaedam
337 999 413 1037 alia
429 999 472 1037 in
492 1013 526 1037 c.
545 1002 571 1040 9
593 1002 744 1036 restant
761 994 994 1046 explicanda
1017 991 1145 1030 nobis.

239 1093 282 1131 p.
300 1080 355 1120 30
378 1090 416 1118 v.
438 1081 478 1120 1.
536 1073 610 1127 τὴν
642 1073 685 1115 δὲ
714 1069 961 1123 κατασκευήν
978 1072 1049 1121 τῆς
1069 1063 1308 1121 προτάσεως.
1362 1063 1583 1116 respiciunt

126 1135 225 1175 haec
251 1135 385 1172 locum
417 1131 671 1183 Hermogenis
694 1131 722 1169 l.
749 1133 765 1172 1
797 1129 846 1168 de
871 1127 1128 1174 Inventione,
1162 1123 1231 1162 ubi
1258 1118 1480 1172 κατασκευή
1511 1122 1585 1171 τῆς

129 1187 357 1245 προτάσεως
374 1189 521 1228 dicitur
540 1189 647 1228 αἰτία
659 1218 670 1237 ,
701 1200 828 1224 causa
853 1185 937 1223 sive
955 1183 1056 1223 ratio
1075 1195 1149 1220 cur
1168 1179 1395 1218 enuntietur
1410 1184 1450 1216 et
1469 1177 1585 1215 affir-

130 1254 264 1287 metur
283 1245 444 1298 aliquid.
501 1251 559 1284 est
586 1244 689 1282 enim
714 1239 904 1295 πρότασις
920 1240 1143 1292 propositio
1156 1266 1169 1284 ‚
1201 1235 1441 1282 enuntiatio,
1472 1233 1586 1271 affir-

131 1303 280 1352 matio;
311 1315 411 1354 quae
431 1315 520 1341 cum
541 1301 687 1339 habere
709 1298 1008 1338 fundamentum
1028 1293 1189 1346 aliquod
1206 1292 1365 1342 debeat,
1389 1290 1493 1329 illud
1511 1305 1586 1330 κα-

130 1354 301 1412 τασκευή
322 1359 481 1400 dicitur.

130 1475 134 1479 .
246 1451 287 1479 V.
313 1440 353 1480 3.
413 1434 699 1492 παρῃρημὲνην
729 1431 947 1485 opponitur
976 1431 1031 1484 τῷ
1054 1426 1254 1480 κειμένην.
1310 1422 1474 1477 κειμένη
1497 1436 1589 1462 cum

133 1494 189 1534 sit
211 1493 433 1547 propositio
454 1505 662 1544 expresse,
692 1490 819 1537 clare,
848 1486 1150 1537 intelligibiliter
1173 1491 1213 1524 et
1232 1483 1330 1521 citra
1348 1484 1592 1533 iuterpreta-

135 1552 287 1590 tionem
306 1550 396 1588 visu
417 1550 547 1602 primo
571 1546 868 1598 agnoscibiliter
894 1545 1022 1596 posita
1053 1540 1169 1592 (nam
1192 1538 1236 1580 τὸ
1257 1540 1440 1591 κείμενον
1456 1542 1593 1574 textus

136 1607 287 1646 dicitur
313 1606 544 1657 glossemata
574 1598 840 1654 excludens),
877 1599 1055 1652 sequitur
1086 1611 1107 1636 e
1133 1597 1289 1635 ratione
1323 1592 1513 1633 contrarii
1546 1598 1594 1630 ut

132 1662 398 1719 παρῃρημένη
424 1662 475 1700 sit
503 1661 664 1712 oblique
691 1659 911 1706 insinuata,
940 1657 1108 1695 latenter
1124 1653 1367 1692 adumbrata.
1423 1663 1498 1688 nec
1519 1662 1595 1701 pe·-

136 1719 248 1761 nitus
271 1719 314 1757 id
341 1718 527 1757 abhorret
554 1731 577 1755 a
606 1716 768 1756 notione
798 1714 942 1752 usitata
970 1714 1043 1753 τοῦ
1067 1713 1374 1762 παραιρεῖσθαι,
1405 1718 1504 1756 quae
1535 1710 1596 1742 est

139 1776 335 1825 adimere,
364 1774 577 1821 suffurari,
606 1774 786 1821 auferre,
815 1770 998 1823 publicae
1027 1767 1213 1806 videlicet
1245 1761 1463 1813 cognitioni
1495 1759 1596 1801 sub-

139 1831 321 1878 trahere,
352 1830 431 1869 hoc
459 1837 519 1870 est
544 1829 785 1868 abscondere
803 1841 875 1865 nec
894 1826 970 1864 nisi
994 1837 1066 1876 per
1090 1823 1267 1871 ambages
1288 1827 1327 1859 et
1346 1817 1596 1868 coniecturas

140 1887 339 1933 indicare,
372 1893 442 1924 aut
477 1886 592 1923 etiam
624 1885 781 1936 penitus
808 1883 960 1920 tollere.
1019 1879 1124 1918 unde
1157 1874 1436 1914 disiunctivam
1465 1870 1597 1924 posui,

144 1950 220 1985 ‚aut
250 1943 441 1979 omissam
472 1949 547 1979 aut
574 1941 732 1991 oblique
759 1941 1015 1976 insinuatam
1043 1936 1333 1983 interpretans,
1362 1943 1413 1967 ne
1435 1942 1512 1980 qua
1533 1941 1596 1981 me

143 1997 272 2050 fugiat
294 1999 394 2045 νοῦς
414 1999 617 2037 σκοτεινοῦ
640 1993 897 2048 συγγραφέως
915 1992 1109 2030 sententia
1132 1989 1342 2039 lucifugae
1362 1986 1595 2036 scriptoris:

145 2068 230 2098 eam
269 2053 395 2102 enim,
435 2066 484 2092 ne
515 2053 804 2103 aliquaversum
834 2049 1031 2096 elabatur,
1069 2045 1196 2097 sepire
1222 2043 1395 2094 undique
1424 2040 1595 2079 consul-

144 2117 229 2150 tum
253 2115 324 2152 est.

258 2189 298 2214 v.
330 2178 395 2218 20.
451 2172 611 2212 Inducit
645 2171 857 2210 historicus
889 2169 1060 2207 Veccum
1094 2172 1325 2219 purgantem
1355 2177 1438 2203 sese
1465 2177 1487 2202 a
1521 2175 1595 2200 su-

146 2231 325 2285 spicione
351 2230 540 2282 culpandi
563 2230 734 2268 Graecos
764 2234 833 2265 aut
863 2225 1024 2264 favendi
1052 2223 1209 2261 Latinis.
1262 2222 1306 2260 in
1325 2234 1406 2272 quo
1423 2219 1460 2258 ei
1477 2218 1596 2258 affin-

150 2291 208 2341 git
227 2287 395 2338 aliquid,
425 2300 473 2324 ex
494 2300 565 2324 suo
586 2286 751 2323 sortasse
772 2295 905 2330 sensu,
936 2279 1128 2319 eiusmodi
1148 2278 1254 2329 quod
1275 2291 1355 2316 non
1374 2277 1473 2317 eitra
1494 2275 1597 2314 iniu-

150 2346 252 2390 riam
287 2344 516 2382 Latinorum
543 2342 616 2388 sit,
646 2341 714 2392 qui
746 2346 782 2377 et
807 2340 848 2377 in
870 2338 1107 2376 tractatione
1126 2334 1270 2387 prioris
1289 2333 1404 2372 istius
1427 2345 1599 2370 concor-

151 2402 241 2440 diae
266 2413 365 2452 quae
398 2406 575 2451 tempore
602 2395 803 2436 Michaelis
835 2392 1052 2443 Palaeologi
1078 2392 1121 2429 in
1149 2390 1320 2429 concilio
1349 2387 1602 2439 Lugdunensi

153 2457 322 2506 coaluit,
352 2461 392 2494 et
418 2456 459 2494 in
488 2459 681 2507 apparatu
701 2451 894 2491 secundae
912 2450 953 2488 in
973 2448 1143 2488 concilio
1162 2447 1392 2485 Florentino
1411 2445 1603 2491 firmatae,

153 2526 310 2565 semper
329 2512 590 2550 defenderunt
611 2523 652 2548 se
673 2509 776 2548 iuste
795 2521 844 2546 ac
864 2506 948 2545 sine
970 2506 1089 2556 culpa
1106 2504 1272 2542 verbum
1283 2503 1457 2554 filioque
1485 2513 1605 2551 sym-

154 2569 249 2608 bolo
271 2569 440 2607 Nicaeno
461 2569 568 2606 dicto
589 2565 804 2613 addidisse,
837 2576 928 2603 cum
947 2568 1078 2601 tamen
1103 2559 1168 2598 hic
1189 2559 1342 2598 Veccus
1370 2556 1543 2608 graviter
1560 2554 1606 2592 in

157 2637 204 2662 eo
227 2637 410 2676 peccasse
431 2624 546 2673 illos,
576 2622 687 2674 quasi
719 2621 826 2659 ultro
855 2617 1150 2671 praevaricans,
1177 2615 1424 2668 profiteatur.
1479 2611 1603 2650 verba
1625 2616 1655 2651 P
1677 2614 1745 2650 520

157 2679 338 2718 historici
361 2680 439 2718 tale
466 2680 595 2718 Vecco
628 2679 779 2717 dictum
801 2675 1012 2714 tribuentis
1035 2672 1136 2710 haec
1162 2678 1275 2710 sunt:
1303 2665 1444 2716 deducis·
1465 2666 1509 2709 δὲ
1530 2661 1605 2707 αὖ-

157 2739 230 2782 θις
254 2754 313 2765 --
339 2739 502 2776 κεῖσθαι
519 2732 564 2775 τὸ
582 2733 774 2787 μέγιστον.
832 2746 881 2770 en
902 2737 948 2769 ut
966 2730 1144 2777 Veccus,
1171 2729 1204 2769 si
1223 2724 1457 2777 Pachymeri
1482 2722 1608 2762 credi.-

159 2803 268 2839 mus,
293 2791 413 2832 etiam
438 2790 612 2840 iuratus,
639 2789 808 2828 nimium
833 2801 927 2827 sane
953 2785 1192 2834 liberaliter,
1221 2789 1266 2826 ut
1284 2795 1367 2824 non
1387 2779 1518 2824 dicam
1536 2779 1609 2818 in·-
