1858 3126
284 173 360 216 DE
388 173 727 217 ANDRONICO
758 174 1131 219 PALAEOLOGO
1161 176 1207 218 L.
1238 175 1292 218 V.
1437 176 1533 221 373

67 285 134 330 ἔπ’
156 279 307 337 αῗτὶαις
330 283 611 342 σκληρότητος
645 288 714 329 καὶ
733 290 808 330 τοῦ
827 286 1005 337 πολλοῦς
1025 287 1256 339 αῗκίζεσθαί
1270 303 1314 330 τε
1336 288 1403 330 καὶ
1417 280 1534 331 ’ἄπο-

67 357 207 398 κλείειν
233 356 368 404 αἶτίας
395 353 710 410 ἄνακυπτοῦσης
733 357 801 398 καὶ
821 359 896 410 τῆς
913 353 1117 409 τυχοῦσης
1127 387 1141 407 ,
1176 349 1234 398 ὧν
1253 356 1370 398 ἕνεκα
1386 350 1436 410 ἦν
1448 389 1462 408 ,
1498 359 1536 399 εἰ

66 424 126 479 μὴ
153 422 479 478 μεταβάλλοιτο,
524 425 591 466 καὶ
623 422 729 466 κατὰ
756 421 932 473 κανόνας
969 422 1245 475 εὐθύνεσθαι,
1291 425 1546 466 συνι’σταταί“

66 509 130 540 τις
153 493 196 534 ἓν
214 490 379 541 τούτοις
397 493 463 534 καὶ
481 493 598 548 τρίτη
614 498 740 547 μοῖρα
753 524 768 544 ‚
806 493 853 534 οἳ
865 491 915 547 δὴ
938 491 1014 546 τὴν
1034 493 1111 543 μὲν
1130 496 1203 546 τῆς
1223 489 1385 547 γνώμης
1402 491 1531 545 μετά-

34 568 55 602 5
69 565 185 603 &ww
205 558 503 614 αἳσχυνόμενοι,
531 557 795 615 εὐπρόσωπον
812 562 837 602 δ
844 551 864 576 ’“
880 562 943 603 ἐπὶ
961 557 1092 617 ταύτῃ
1111 558 1317 616 πρόφασιν
1336 559 1533 616 προϊσχό-

7 651 11 655 ·
64 646 179 683 μενοι
209 629 396 683 ἐδέχοντο
425 628 523 682 μέν,
571 626 627 677 ὥς
657 630 724 671 καὶ
753 630 873 683 πρίν,
912 629 985 672 τὸν
1016 627 1149 683 ἄνδρα
1170 629 1237 670 καὶ
1257 627 1526 684 πατριάρχην,
1552 639 1582 671 Β

64 697 172 751 πλὴν
199 696 268 738 ln'
310 696 514 756 ἀσφαλείᾳ
539 697 709 754 μεγίστῃ
734 701 810 740 τοῦ
839 693 899 750 μή
929 714 968 740 τι
997 701 1185 739 τοιοῦτον
1218 695 1264 738 τὸ
1298 695 1379 740 ἀπὸ
1408 701 1530 740 τοῦδε

64 764 172 820 παρ’
192 764 322 808 αὐτοῦ
343 766 528 820 γίνεσθαι
538 797 552 817 ,
589 762 645 814 ὦς
666 766 823 807 ἐκείνων
841 765 1042 822 ὀλεθρίων
1061 764 1190 807 ὄντων
1208 766 1275 807 καὶ
1294 766 1529 818 δυναμένων

66 834 262 889 ἇρχιερεΐς
292 837 530 886 καθαιρεῖν,
574 832 627 888 ἦν
663 850 726 882 τις
762 833 843 888 ἄρα
883 836 950 876 καὶ
984 840 1072 883 τοῖς
1109 831 1251 876 κανόσι
1290 831 1527 877 πιστεύσειε.

12 909 57 942 10
67 907 201 945 ταῦτα
219 902 401 957 λέγοντες
420 902 731 958 διεφιλονείκουν
750 899 906 957 ἡμέρας
927 901 1026 951 ὅλας
1040 936 1051 955 ,
1079 904 1144 944 καὶ
1173 900 1247 951 τὰς
1266 900 1431 956 γνώμας
1456 902 1530 945 03<-

64 987 215 1024 μενουν
237 969 287 1013 οὗ
305 971 552 1022 ξυνέβαινον.
620 970 814 1022 βασιλεὺς
831 972 876 1012 δέ
895 971 1017 1026 γνοῦς
1036 968 1093 1019 ὥς
1115 970 1165 1012 τὸ
1184 969 1338 1025 ἀτηρὸν
1359 975 1434 1013 τοῦ
1455 970 1529 1012 ἅν-

66 1038 167 1095 δρός
187 1039 254 1081 καὶ
273 1035 512 1091 ἀμάλακτον
532 1038 598 1080 καὶ
619 1040 682 1080 ἐπὶ
703 1045 789 1088 τοῖς
810 1043 1003 1092 τυχοῦσιν
1026 1035 1370 1092 ἅσυγκατάβατον
1381 1071 1395 1091 ,
1433 1037 1455 1080 ὃ
1476 1039 1526 1094 δὴ

64 1109 131 1150 καὶ
150 1107 228 1150 ἀπ’
247 1106 395 1162 ἀρετῆς
422 1106 547 1158 ἴσως,
586 1106 634 1149 τὸ
659 1108 705 1149 δὲ
734 1108 800 1149 καὶ
830 1108 953 1150 πλέον
980 1108 1047 1149 καὶ
1079 1107 1160 1149 ἀπὸ
1180 1104 1346 1161 γνώμης
1362 1104 1527 1159 εἰκάζειν

63 1171 143 1230 ἦν,
178 1179 253 1230 τῆς
280 1175 355 1229 μὲν
383 1175 430 1217 τὸ
457 1174 621 1230 ἀκριβές
646 1174 846 1231 ζητούσης
873 1175 940 1232 ἐφ’
975 1175 1130 1228 ἅπασι,
1173 1179 1249 1229 τῆς
1277 1176 1322 1217 δὲ
1342 1180 1525 1231 φυσικῶς
1549 1187 1578 1220 C

12 1246 55 1282 15
66 1241 289 1298 πειθούσης
310 1243 410 1297 ἔχειν
429 1245 495 1285 καὶ
518 1243 566 1285 τὸ
587 1242 646 1296 μὴ
661 1242 863 1299 χρήσιμον
879 1242 1104 1300 χρήσιμον,
1143 1242 1309 1285 ἀλλοῖον
1334 1243 1526 1298 γενέσθαι

65 1316 236 1364 τοῦτον,
274 1309 371 1355 ὅσον
393 1309 551 1354 εἰκάσαι
569 1313 635 1353 καὶ
660 1314 702 1354 ἐκ
724 1316 900 1366 πολλῶν,
933 1313 1155 1355 διετείνετο.
1225 1311 1425 1369 μηδὲγὰρ
1448 1311 1526 1354 αὗ-

159 1408 192 1443 7.
214 1403 318 1443 ²32²?
438 1407 493 1442 15.
517 1404 602 1442 ἄλλ’
626 1406 707 1445 οἷον
729 1408 769 1442 P.

64 1487 270 1523 intolerabili
292 1488 466 1532 regiminis
488 1488 562 1523 eius
583 1488 772 1524 acerbitate
792 1487 915 1524 ductas
933 1486 1100 1523 invidiose
1122 1487 1386 1533 praedicabant,
1421 1499 1527 1534 exag-

64 1538 225 1578 gerantes
245 1533 302 1568 illa
326 1534 494 1580 supplicia
514 1547 619 1570 saeve
642 1537 685 1569 ab
709 1547 751 1569 eo
774 1539 908 1580 sumpta
930 1535 974 1568 de
997 1535 1131 1575 multis,
1151 1535 1227 1569 illas
1250 1535 1458 1568 exclusiones
1482 1536 1526 1568 ab

64 1579 187 1614 officiis
209 1586 248 1614 et
269 1580 490 1622 sacerdotiis,
517 1579 696 1615 levissimis
722 1581 919 1626 plerumque
948 1580 992 1614 de
1026 1580 1139 1614 causis
1162 1580 1197 1614 in
1220 1579 1379 1626 plurimos
1409 1581 1527 1614 imma-

63 1625 199 1660 nissime
219 1625 398 1668 decretas,
420 1638 506 1671 quas
528 1627 572 1660 ob
595 1638 652 1661 res
675 1626 923 1660 ecclesiasticae
945 1626 1078 1660 lenitati
1101 1626 1288 1660 contrarias
1311 1625 1453 1661 maxime
1474 1626 1526 1659 iu·

63 1676 141 1706 stae
170 1671 262 1705 illum
291 1671 575 1706 animadversioni
603 1672 699 1706 iuxta
730 1683 847 1706 sacros
878 1683 1024 1706 oenones
1046 1671 1167 1706 subiici
1202 1672 1432 1717 oportuisset,
1462 1672 1526 1705 nisi

65 1721 221 1762 paratum
248 1716 407 1751 iudicium
438 1717 626 1752 abdicando
656 1722 878 1762 praevertens
908 1730 929 1751 a
953 1717 1109 1762 patribus
1130 1728 1260 1762 poenae
1282 1717 1355 1750 loco
1378 1716 1526 1761 qualem-

66 1773 208 1808 cumque
229 1762 340 1796 throni
361 1763 587 1807 privationem
612 1764 854 1808 imputantibus
875 1775 1002 1808 poenas
1022 1764 1111 1797 iuste
1137 1763 1268 1796 debitas
1290 1762 1442 1795 cessione
1466 1773 1527 1794 vo-

66 1807 215 1842 luntaria
235 1809 320 1842 lucri
345 1807 495 1842 fecisset.
550 1809 634 1843 talia
662 1810 714 1843 illi
735 1810 814 1843 dum
842 1814 1121 1850 commemorant,
1159 1808 1368 1841 refricabant
1395 1806 1527 1840 scilicet

67 1852 180 1886 multis
208 1853 413 1888 adstantium
441 1854 574 1888 tristem
607 1855 799 1893 memoriam
826 1854 1049 1898 grassationis
1078 1854 1158 1887 olim
1186 1852 1387 1886 inhumanae
1410 1863 1526 1885 mona-

68 1898 206 1932 chorum
226 1899 402 1932 Athanasii
430 1899 655 1933 ministrorum
686 1901 720 1934 in
754 1900 894 1934 clericos
919 1905 961 1934 ·et
986 1898 1234 1933 ecclesiasticos
1253 1898 1358 1931 omnis
1379 1896 1527 1940 generis.

67 1953 138 1987 qua
158 1954 234 1977 cum
256 1944 333 1977 hinc
353 1943 485 1988 quidem
510 1945 662 1979 similium
692 1946 727 1979 in
751 1952 920 1990 posterum
950 1945 1167 1978 atrocitatum
1190 1950 1281 1976 metu
1305 1949 1527 1976 concuteren-

67 1992 148 2030 tur,
179 1988 258 2022 inde
279 1995 391 2022 autem
413 1991 636 2023 retinerentur
668 1991 797 2034 pudore
825 1990 973 2023 levitatis
1003 1990 1036 2022 in
1060 1995 1128 2022 tam
1152 1988 1331 2022 manifeste
1351 1989 1526 2023 declarata

67 2033 257 2077 recipiendi
279 2034 458 2067 Athanasii
478 2035 671 2076 voluntate,
701 2036 836 2080 quidam
869 2035 1010 2068 mediam
1041 2034 1196 2067 ineuntes
1220 2033 1309 2066 viam
1330 2034 1421 2067 inter
1441 2045 1525 2067 con-

67 2078 216 2120 trarias,
247 2090 334 2124 quas
356 2080 453 2112 modo
474 2079 659 2122 retulimus,
683 2080 888 2120 sententias,
910 2080 1046 2112 tertiam
1071 2077 1261 2112 conflarunt
1283 2087 1410 2112 sectam
1432 2080 1526 2112 aien-

67 2125 152 2159 tium
181 2124 316 2158 admitti
347 2124 480 2169 quidem
507 2125 633 2158 debere
664 2125 881 2159 Athanasium
911 2125 961 2157 uti
991 2135 1106 2157 verum
1138 2124 1386 2168 patriarcham,
1425 2131 1527 2168 prout

68 2170 215 2216 professi
237 2169 341 2204 semel
361 2171 493 2211 forent,
525 2176 562 2204 et
584 2181 671 2204 nunc
692 2171 810 2215 utique
833 2181 992 2203 censere:
1021 2174 1191 2203 caeterum
1217 2176 1395 2213 antequam
1417 2169 1448 2203 is
1469 2182 1527 2204 re-

70 2219 220 2250 sumeret
250 2215 446 2250 exercitium
479 2215 605 2249 tamdin
636 2216 847 2249 intermissae
878 2215 1079 2259 potestatis,
1109 2215 1222 2248 caveri
1252 2215 1417 2250 ecclesiae
1449 2215 1527 2250 dira

69 2262 147 2296 olim
169 2271 291 2308 passae
313 2262 356 2294 ab
379 2261 452 2294 eius
474 2261 634 2294 ministris
655 2264 812 2306 oportere
835 2259 1055 2303 promissione
1083 2260 1276 2295 securitatis
1298 2273 1396 2305 qnam
1419 2261 1527 2294 maxi-

69 2318 145 2342 mae
165 2307 210 2341 ab
232 2320 271 2341 eo
294 2307 474 2350 exigenda,
495 2307 687 2351 neutiquam
711 2306 858 2351 patiendi
880 2305 998 2339 vexari
1021 2306 1152 2339 nomine
1174 2317 1217 2340 ac
1238 2307 1442 2340 auctoritate
1462 2317 1526 2341 sua

70 2360 141 2387 tam
163 2353 300 2386 iniustis
320 2352 537 2397 indignisque
559 2353 665 2386 modis
685 2352 837 2393 clericos,
860 2351 1017 2396 quoniam
1035 2350 1179 2385 iniuriae
1200 2351 1387 2386 istiusmodi
1409 2353 1526 2396 gravi·

71 2405 126 2432 ter
147 2403 278 2443 patrum
299 2397 531 2432 sanctionibus
553 2398 835 2437 adversarentur,
866 2403 902 2430 et
924 2397 967 2430 ab
989 2396 1032 2429 iis
1055 2396 1114 2440 qui
1135 2398 1316 2431 canonibus
1337 2397 1525 2437 crederent,

71 2454 135 2487 pro
155 2443 266 2484 iustis,
288 2450 325 2477 et
345 2443 502 2487 legitimis
525 2443 635 2477 causis
660 2442 879 2487 depositionis
901 2441 1089 2476 antistitum
1109 2443 1167 2487 qui
1189 2443 1223 2476 in
1246 2455 1286 2476 eo
1308 2443 1526 2476 conniverent

70 2488 310 2523 indicarentur.
354 2489 407 2523 his
429 2489 580 2534 episcopi
602 2489 670 2523 iam
692 2488 793 2522 divisi
815 2488 1002 2529 trifariam,
1024 2499 1087 2531 pro
1109 2498 1148 2521 se
1168 2489 1292 2534 quique
1321 2489 1526 2522 disserendis

70 2533 343 2579 inculcmdisque
364 2540 455 2568 totos
477 2536 699 2568 absumebant
720 2534 939 2568 altercatione
960 2532 1094 2567 infinita
1113 2533 1195 2569 dies.
1217 2534 1351 2578 quando
1376 2534 1526 2567 animad-

73 2589 171 2612 verso
193 2579 378 2624 imperator
406 2591 559 2624 magnam
581 2581 740 2614 inflictam
762 2579 898 2623 negotio
927 2578 1071 2612 securim
1100 2578 1262 2613 refricata
1293 2579 1453 2612 memoria
1474 2579 1523 2611 in-

74 2623 367 2659 vidiosissimorum
389 2626 579 2667 Athanasii,
604 2627 680 2660 dum
704 2625 963 2671 patriarchatum
985 2627 1140 2666 gereret,
1166 2631 1330 2667 actorum,
1353 2625 1439 2657 hanc
1461 2634 1526 2666 po-

75 2668 236 2703 tissimum
267 2682 403 2715 aegram
431 2682 555 2705 causae
597 2678 730 2717 partem
761 2670 916 2705 oratione
949 2669 1187 2704 sublevandam
1217 2676 1334 2711 ratus,
1367 2669 1529 2701 disseruit

74 2713 479 2796 {ffliffffiffzfffl
495 2717 615 2796 ³³:22⁸ss
635 2714 1527 2805 {¹31}ssssiffizitssff'itidffifflffigmpessff‘ffii

575 2775 594 2796 o
614 2775 633 2796 a
1290 2773 1299 2792 :

73 2803 163 2850 quod
186 2815 280 2840 nemo
299 2799 417 2849 'posset
436 2807 589 2850 diffiteri,
614 2808 739 2852 probos
760 2818 848 2843 esse.
893 2810 995 2852 atque
1017 2806 1126 2849 adeo,
1148 2803 1308 2852 quantum
1330 2804 1391 2839 niti
1415 2803 1528 2838 conie-
