1858 3126
324 117 400 161 DE
432 115 758 160 ANDRONICO
796 115 1166 160 PALAEOLOGO
1203 116 1248 160 L.
1272 116 1367 160 Vll.
1472 116 1566 163 631

123 232 172 275 τὸ
198 226 397 288 φρούριον
429 226 734 284 κατωχῦρωσεν.
802 227 824 271 ὃ
844 227 893 270 δέ
903 244 945 283 γε
967 225 1242 284 πατριάρχης,
1278 231 1344 272 καὶ
1372 229 1565 288 ἀρχιερεῖς
1586 240 1619 275 D

123 300 191 342 καὶ
212 298 309 348 τοὺς
327 299 484 352 τιμίους
503 302 577 340 τοῦ
600 295 750 353 κλήρου
777 295 957 338 ἐκποδὼν
981 295 1272 351 ποιησάμενος,
1309 300 1567 354 καθηγουμέ-

123 383 207 416 νοις
227 370 365 420 μονῶν
389 367 536 421 ε’χρᾶτο
558 365 765 421 συνέδροις
787 366 840 412 εἷς
859 363 1028 419 κρίσεις,
1065 366 1131 407 καὶ
1154 362 1314 415 τούτοις
1333 366 1406 419 μὲν
1428 367 1479 409 τὰ
1499 368 1565 410 ἔκ-

122 433 386 489 κλησιαστικὰ
403 433 669 488 συνδιέφερεν.
740 428 800 480 οἷς
820 427 872 484 δή
881 463 894 482 ,
930 433 995 472 καὶ
1014 439 1098 481 τοῖς
1115 430 1188 474 ὑπ’
1214 432 1352 483 αὐτοῖς
1373 442 1567 489 μοναχοῖς

91 500 211 555 ὄᾶμα
229 500 514 557 πρεσβυτέροις
531 501 598 541 καὶ
615 503 672 557 τῷ
688 502 788 557 λαῷ,
820 496 991 552 ἑκάστης
1010 497 1239 553 ἑβδομάδος
1258 500 1565 556 συνελιτάνευεν,

121 570 386 625 τετρεμαίνειν
401 567 523 617 ἀξιῶν
544 568 609 609 καὶ
631 567 721 620 περὶ
740 565 867 620 αὐτῆς
888 571 961 619 τῆς
979 564 1154 619 πόλεως,
1192 570 1259 610 καὶ
1289 567 1449 625 πρόσθε
1470 573 1566 613 παί-

121 639 205 679 δων
229 637 295 679 καὶ
320 639 516 690 γυναικῶν
541 635 743 677 ἵστασθαι
773 633 986 687 δεομένους
1005 639 1120 678 θεοῦ.
1190 635 1324 690 δέησις
1342 637 1480 688 μέντοι
1502 640 1565 680 δι-

119 703 244 747 καίων
262 705 329 746 καὶ
346 707 449 745 λαοῦ
478 700 659 757 ἇμαρτιά
681 699 1022 749 ἇντιταλαντεῦειν
1039 702 1090 744 τὰ
1108 700 1281 757 ἡμέτερα
1304 704 1447 754 ἔδοξαν
1458 738 1471 757 ,
1507 704 1561 755 ὥς
1586 710 1616 744 Ε

119 770 148 814 ἃ
174 772 248 824 μὲν
273 770 513 825 ἔζημίωντο,
548 770 590 820 ἐξ
608 767 810 825 ἁμαρτίας
830 770 894 811 καὶ
920 771 1190 823 ζημιοῦσθαι,
1232 771 1260 813 ἃ
1291 772 1335 814 δὲ
1359 766 1488 826 ἦσαν,
1520 774 1564 815 ἔκ

68 849 111 882 10
122 843 196 893 τῆς
222 843 305 882 τῶν
336 839 500 880 δικαίων
533 834 705 892 δεήσεως
730 834 1036 893 περισώζεσθαι.
1105 839 1170 880 καὶ
1191 837 1241 880 τὰ
1261 839 1334 891 μὲν
1353 844 1426 893 τῆς
1445 841 1563 890 θείας

120 907 243 962 ὀργῆς
269 908 374 960 δῆλα
395 901 499 959 ἦσαν
520 906 586 947 καὶ
609 903 813 960 ἑωρῶντο·
849 902 1002 947 ὁπόθεν
1024 906 1069 947 δέ
1086 907 1154 947 καὶ
1171 907 1250 948 τίσι
1269 913 1355 956 τοῖς
1376 912 1563 962 πλημμε-

121 972 296 1030 λήμασιν
315 974 525 1025 ἐξεκαίετο,
554 973 730 1022 ἐπιεικῶς
750 971 901 1028 ἄδηλον
922 967 985 1026 ἦν,
1022 972 1156 1016 ἄλλων
1177 972 1283 1016 ἄλλα
1300 975 1558 1029 αἰτιωμένων.

254 1074 335 1120 29.
405 1070 511 1116 Τότε
532 1074 598 1115 καὶ
612 1072 751 1114 Ἰσαὰκ
769 1070 930 1127 Μελήκ,
966 1066 999 1130 ᾧ
1019 1073 1068 1127 δὴ
1088 1074 1154 1116 καὶ
1173 1074 1278 1116 κατὰ
1295 1073 1454 1130 Πηγάς,
1483 1074 1559 1119 πό·
1583 1081 1611 1115 Ρ
1634 1080 1702 1117 440

118 1147 181 1185 λιν
199 1139 555 1195 παραθαλάσσιον,
573 1139 598 1199 ἦ
616 1143 879 1196 νυμφαγωγία
898 1139 1154 1194 ηὐτρέπιστο,
1173 1144 1426 1199 συγκείμενον
1444 1145 1561 1199 σφίσι

69 1209 216 1259 ΙΞτοῦς
230 1209 355 1267 πέραν
373 1208 540 1263 Πέρσας
556 1210 752 1264 διαπερᾶν
770 1209 836 1249 καὶ
858 1207 966 1250 οὕτω
984 1208 1080 1257 τοῦς
1097 1207 1251 1265 γάμους
1270 1212 1557 1264 διατελεῖσθαι,

117 1274 369 1332 παραλαβών
387 1293 500 1325 τινας
516 1280 599 1318 τῶν
613 1279 686 1329 τῆς
702 1274 828 1317 αὐτοῦ
847 1276 1085 1324 δυναστείας
1101 1276 1348 1329 αἱρετιστῶν,
1368 1278 1420 1320 τὰ
1438 1279 1557 1322 στενοὶ

116 1349 191 1387 τοῦ
210 1341 504 1398 Ἑλλησπόντου
521 1342 597 1386 ἔδει
618 1345 812 1398 διαπερᾶν
833 1343 898 1385 καὶ
923 1341 1253 1398 αὗτοπροσώπως
1271 1345 1437 1400 Πέρσας
1459 1348 1558 1388 δου-

117 1417 319 1468 λαγωγεΐν,
388 1411 525 1466 μέντοι
543 1427 585 1466 γε
603 1411 669 1453 καὶ
688 1411 915 1471 πορθμείου
943 1407 1075 1467 τυχών
1085 1442 1100 1464 ,
1137 1409 1301 1468 συνάμα
1315 1413 1396 1455 τισὶ
1417 1414 1557 1457 διαπε-

116 1563 200 1598 illud
233 1563 393 1610 oppidum
424 1562 575 1597 munivit.
621 1562 814 1607 patriarcha
843 1562 976 1596 interim
1009 1562 1173 1608 episcopis
1201 1566 1237 1598 et
1267 1564 1503 1600 illustrioribus
1533 1578 1554 1600 e

120 1612 211 1643 clero
241 1610 430 1654 quibusque
456 1620 519 1653 per
552 1611 643 1642 artes
666 1612 702 1652 et
723 1607 861 1641 iniurias
890 1608 1004 1642 varias
1027 1619 1094 1653 qua
1116 1608 1232 1643 eiectis
1253 1621 1322 1655 qua
1347 1611 1434 1644 ultro
1458 1610 1554 1645 abire

114 1654 295 1700 compulsis
326 1654 416 1688 solus
446 1654 512 1688 iam
544 1653 712 1731 religans,
745 1653 946 1698 praepositis
976 1653 1249 1688 monasteriorum
1271 1656 1495 1689 assessoribus
1517 1656 1553 1693 in

115 1700 335 1734 conventibus
358 1704 395 1733 et
415 1699 489 1732 iure
507 1698 607 1732 dicun
630 1710 650 1732 o
673 1699 844 1739 utebatur,
865 1703 1051 1744 paratoque
1072 1698 1202 1732 illorum
1224 1711 1362 1734 assensn
1384 1701 1427 1733 de
1448 1700 1552 1734 rebus

114 1745 245 1779 cunctis
276 1744 512 1779 ecclesiasticis
542 1755 604 1790 pro
639 1743 736 1777 libitu
765 1744 949 1778 statuebat.
993 1755 1066 1777 cum
1097 1744 1215 1777 iisdem
1244 1755 1366 1788 greges
1389 1756 1455 1778 una
1478 1750 1552 1778 tra-

114 1790 270 1824 hentibus
292 1789 515 1824 subiectorum
538 1789 660 1833 cuique
681 1789 933 1829 monachorum,
966 1788 1126 1822 adhibitis
1155 1789 1251 1822 simul
1283 1789 1491 1833 presbyteris
1513 1794 1551 1823 et

114 1836 256 1882 populo,
285 1835 426 1879 singulis
454 1834 668 1868 hebdomadis
698 1834 835 1868 litanias
864 1833 1079 1875 celebrabat,
1108 1833 1294 1867 adhortans
1322 1838 1361 1866 ut
1382 1845 1443 1877 pro
1466 1834 1551 1868 urbe

114 1879 182 1912 iam
210 1878 424 1921 periclitante
452 1879 574 1912 soliciti
604 1878 748 1912 divinam
780 1878 811 1912 ei
844 1890 940 1923 opem
972 1889 1112 1911 exorare
1139 1882 1358 1918 conarentur3
1392 1883 1550 1917 curarent

116 1923 217 1957 etism
243 1923 500 1968 patresfamilias
523 1923 710 1960 excitandis
731 1924 774 1957 ad
798 1923 884 1956 idem
905 1922 1113 1964 domesticis,
1147 1928 1187 1955 ut
1217 1922 1372 1956 mulieres
1401 1923 1548 1967 ipsorum

116 1973 154 2002 et
181 1967 278 2002 liberi
309 1979 370 2012 pro
400 1979 437 2000 se
467 1967 611 2012 quisque
632 1967 667 2001 in
689 1968 894 2001 orationibus
922 1971 1177 2011 perseverantes
1199 1966 1262 2000 deo
1284 1967 1412 2011 pariter
1433 1969 1549 2013 propi-

114 2013 229 2048 tiando
256 2012 476 2046 intenderent.
522 2017 692 2046 caeterum
726 2022 845 2056 preces
873 2012 1035 2046 iustorum
1066 2015 1102 2044 et
1131 2017 1273 2056 peccata
1291 2012 1416 2057 'populi
1449 2013 1547 2066 quasi

114 2058 255 2104 paribus
277 2062 313 2091 et
334 2062 452 2090 neutro
474 2062 624 2090 neutrum
648 2056 908 2100 exuperantibus
928 2055 1103 2090 momentis
1125 2055 1268 2100 quodam
1290 2057 1324 2090 in
1346 2057 1544 2103 aequilibrio

114 2114 171 2137 res
192 2107 325 2137 nostras
346 2101 604 2147 suspendebant,
628 2100 678 2136 ita
699 2108 738 2134 ut
760 2112 847 2145 quae
867 2101 987 2134 damna
1008 2100 1159 2145 quotidie
1178 2101 1383 2145 ingruerent,
1404 2109 1544 2148 propter

112 2153 255 2194 peccata
285 2148 509 2189 inferrentur,
542 2157 629 2191 quae
659 2146 767 2180 adhuc
794 2145 970 2178 incolumia
998 2145 1177 2186 durarent,
1206 2147 1361 2190 precibus
1381 2147 1543 2182 iustorum

113 2194 329 2228 crederentur
358 2192 497 2226 servari.
553 2203 593 2224 ac
622 2202 758 2234 gravem
791 2190 922 2234 quidem
950 2190 985 2223 in
1015 2201 1075 2224 nos
1103 2189 1249 2234 flagrare
1277 2191 1360 2226 iram
1389 2193 1543 2235 numinis,

113 2238 388 2274 manifestissimis
422 2241 458 2271 et
488 2236 568 2270 nulli
594 2247 658 2270 non
680 2235 862 2269 clarissime
890 2235 1076 2280 perspectis
1096 2235 1331 2280 experimentis
1356 2239 1541 2274 constabat.

111 2284 201 2318 unde
222 2289 334 2318 autem
356 2289 392 2316 et
413 2282 532 2330 quibus
553 2280 732 2322 sceleribus
751 2280 810 2315 illa
830 2279 1110 2324 inflammaretur,
1131 2280 1303 2323 admodum
1324 2287 1399 2323 erat
1419 2284 1541 2319 obscu-

112 2338 203 2373 rum,
228 2329 303 2364 aliis
322 2328 390 2366 alia
412 2327 632 2375 culpantibus.

202 2406 258 2440 29.
302 2406 400 2440 Tunc
427 2405 574 2440 isaacius
603 2404 777 2448 Mdecus,
810 2403 867 2438 cni
888 2403 931 2438 ad
953 2403 1062 2447 Pegas
1082 2404 1198 2439 urbem
1219 2405 1414 2440 maritimam
1436 2416 1538 2450 spon-

112 2462 171 2486 sae
193 2451 347 2485 deductio
368 2452 653 2497 praeparabatur,
671 2449 706 2483 in
728 2461 768 2483 eo
791 2453 865 2483 erat
885 2454 925 2483 ut
945 2449 1039 2483 iuxta
1060 2453 1220 2484 conventa
1239 2451 1360 2485 Persas
1375 2463 1417 2485 ex
1432 2451 1536 2485 Occi-

112 2495 179 2530 dua
205 2497 392 2531 continente
409 2497 443 2531 in
465 2496 575 2530 Asiam
597 2496 791 2537 reduceret,
815 2499 851 2528 et
871 2494 920 2528 sic
942 2493 1075 2538 nuptias
1094 2494 1158 2539 ipsi
1178 2496 1357 2540 promissas
1377 2497 1412 2530 in
1433 2507 1534 2542 prae-

111 2541 210 2574 mium
241 2543 438 2576 celebraret.
481 2542 612 2576 sincero
642 2540 747 2584 igitur
775 2539 886 2574 animo
907 2543 1008 2584 pacta
1029 2540 1232 2584 exequendi,
1260 2542 1401 2587 sumptis
1421 2551 1532 2575 secun

113 2585 310 2629 quibusdam
337 2598 477 2632 magnae
508 2586 597 2631 apud
627 2590 759 2631 gentem
791 2585 959 2620 Persicam
990 2583 1239 2620 existimationis
1258 2586 1360 2628 viris,
1390 2596 1532 2632 quorum

112 2631 294 2665 auctoritas
321 2631 467 2666 valitura
495 2635 672 2677 putaretur
702 2630 904 2665 abducendis
926 2641 947 2664 a
967 2629 1129 2664 societate
1148 2630 1342 2665 Latinorum
1364 2629 1531 2675 populari-

112 2674 176 2707 bus
205 2675 372 2720 ipsorum,
402 2689 475 2711 cum
504 2677 547 2712 iis
575 2676 780 2711 occasionem
811 2674 998 2710 traiiciendi
1027 2675 1226 2710 commodam
1246 2680 1365 2710 nactus
1385 2675 1419 2709 in
1439 2675 1532 2710 littus

114 2717 296 2755 Occiduum
327 2733 370 2757 ex
399 2722 480 2759 Asia
508 2721 750 2758 transfretavit.
792 2719 1061 2768 persuadereque
1078 2724 1257 2766 aggressus
1286 2720 1374 2766 quod
1398 2720 1533 2756 volebat
