1858 3126
476 178 579 222 ΠΒ.
609 178 680 221 111.
751 176 1232 231 CHRONOLOGICUS.
1480 180 1575 226 821

141 287 319 340 sequium
338 286 563 340 imperatori
581 287 753 338 Mogulio
772 300 976 335 recusans;
1008 286 1155 338 diuque
1179 293 1302 338 prout
1326 288 1461 327 multis
1477 289 1577 327 locis

140 343 397 395 Pachymeres
427 343 637 394 significat,
680 343 792 381 istam
824 342 1077 381 rebellionem
1111 342 1272 393 impune
1308 342 1423 391 tulit,
1461 343 1503 382 iu
1533 358 1577 384 ea

140 400 255 438 etiam
277 399 476 437 Michaelis
497 399 615 451 primi
632 399 848 450 Palaeologi
868 398 1028 450 Augusti
1049 398 1237 437 affinitate
1254 399 1444 447 firmatus,
1459 399 1578 438 ducta

139 455 264 507 ipsius
289 454 371 492 filia
386 455 659 506 Euphrosyne.
713 455 802 492 talis
822 454 869 492 ab
896 456 1056 504 Arguu-
1073 453 1203 492 Chane
1230 454 1402 505 suscepti
1423 455 1578 494 consilii

140 510 347 561 vestigium
369 509 411 548 in
438 511 516 548 fine
536 510 862 561 Abulpharagiani
892 509 1076 549 Chronici
1094 510 1270 561 reperio,
1298 510 1367 548 ubi
1383 511 1578 562 scriptum

139 566 298 617 legitur:
326 567 694 618 Argum-Clzanem
721 568 884 618 imperio
910 566 991 604 sila·
1015 566 1197 603 stabilito
1225 569 1443 618 unicuique
1455 568 1578 617 filio-

139 636 230 659 rum
260 625 558 673 praefecturam
596 623 775 661 alicuius
808 623 921 674 regni
954 624 1018 659 sui
1052 624 1292 660 exercituum
1323 625 1576 665 commisisse.

137 677 212 716 filii
233 676 548 728 Argun-Chanis
579 679 740 717 fuerunt
768 679 959 726 Cazanes,
992 678 1270 729 Carmpautas,
1299 678 1470 716 Tuctai's.
1526 692 1578 718 ex

136 731 200 771 his
222 734 390 772 Cazanes
405 734 565 772 videtur
586 733 777 772 exercitui
798 741 836 773 et
855 733 1081 786 provinciae
1107 733 1197 772 loco
1221 733 1287 772 ubi
1317 734 1478 784 degebat
1497 734 1577 772 im-

135 794 294 841 perator
323 789 567 841 propinquae
594 789 850 841 praepositus.
908 803 997 827 nam
1018 795 1209 841 occupato
1227 789 1500 841 postmodum,
1529 796 1576 829 ut

136 858 232 883 mox
248 845 424 894 dicetur,
454 860 476 883 a
502 846 626 883 Baidu
653 845 839 898 imperio,
869 846 1021 896 primus
1051 845 1118 895 qui
1140 845 1362 894 obsisteret,
1392 846 1574 896 viciniae,

135 906 258 952 prout
278 907 463 953 apparet,
492 901 701 950 beneficio,
738 901 880 940 extitit.
938 900 1005 937 alii
1026 900 1106 938 duo
1135 901 1296 938 Cazanis
1317 901 1456 941 fratres
1475 901 1575 945 lon-

135 956 224 1006 gius
239 970 261 993 a
278 963 391 1009 patre
408 957 594 1007 leguntur
612 957 829 1005 amandati,
857 956 1046 1006 siquidem
1065 956 1389 1007 Carmpantanem
1409 956 1574 1008 Pachy-

136 1025 261 1050 meres
300 1026 339 1064 p.
372 1012 455 1055 459
485 1026 524 1050 v·
552 1014 577 1054 5
607 1012 728 1064 partis
758 1011 987 1064 posterioris
1031 1011 1084 1048 ait
1131 1011 1346 1050 exercitum
1381 1012 1423 1051 in
1462 1013 1574 1051 india

136 1067 336 1106 ductasse:
365 1068 590 1106 Tuctainem
615 1068 719 1106 idem
739 1069 859 1106 refert
887 1067 1007 1119 partis
1030 1067 1200 1105 eiusdem
1222 1068 1249 1106 l.
1271 1071 1295 1109 3
1315 1080 1349 1108 c.
1371 1071 1426 1110 26
1446 1074 1486 1106 et
1504 1072 1572 1117 27,

134 1124 294 1174 longum
323 1123 482 1162 difficile
503 1130 620 1174 atque
650 1137 794 1175 anceps
822 1137 909 1161 cum
938 1124 1043 1173 Noga
1064 1123 1226 1173 gessisse
1242 1122 1412 1173 bellum,
1442 1124 1574 1175 quoad

136 1191 226 1217 eum
246 1179 321 1217 iam
345 1192 474 1218 senem
494 1180 575 1218 acie
594 1186 787 1231 postrema
809 1179 957 1217 victum
985 1179 1131 1217 occidit
1147 1179 1406 1230 funditusque
1428 1179 1572 1231 profli-

135 1235 242 1283 gavit
259 1234 470 1273 factionem
491 1236 593 1283 eius,
623 1236 815 1273 restitutis
843 1235 1008 1288 imperio
1039 1235 1328 1284 Mogulensium
1360 1235 1574 1286 praetentis

134 1289 291 1328 Euxino
320 1303 370 1328 ex
395 1298 509 1343 parte
543 1291 721 1342 Europae
745 1290 992 1340 regionibus,
1029 1304 1124 1340 quas
1143 1290 1236 1328 iude
1258 1289 1386 1340 Nogae
1405 1291 1572 1329 rebellio

134 1346 393 1394 alienaverat,
432 1352 471 1384 et
494 1347 541 1384 iis
573 1346 659 1397 ipse
691 1347 815 1397 patris
843 1345 1165 1396 Argun-Chanis
1192 1345 1387 1397 primum,
1431 1347 1574 1393 deinde

135 1401 271 1440 fratris
304 1401 464 1440 Cazanis
498 1402 731 1439 auctoritate
764 1402 941 1452 regendis
967 1407 1206 1453 praesentem
1226 1402 1456 1453 impendens
1473 1415 1574 1453 ope-

133 1471 233 1495 ram.
298 1458 408 1495 cuius
438 1463 517 1494 tam
549 1458 717 1506 potentis
740 1458 859 1497 vicini
884 1457 1135 1495 Andronicus
1171 1457 1408 1509 imperator,
1445 1457 1570 1508 patris

133 1512 335 1550 Michaelis
350 1513 579 1561 imitatione,
609 1513 768 1563 gratiam
788 1514 862 1551 sibi
882 1513 1036 1552 firmam
1054 1512 1241 1551 affinitate
1256 1513 1420 1561 studuit,
1450 1513 1570 1551 filiam

135 1569 170 1606 ei
189 1568 348 1606 Mariam
380 1568 528 1606 volenti
559 1569 859 1621 despondendo,
897 1569 1005 1620 quod
1032 1575 1167 1606 narrat
1190 1575 1322 1606 noster
1350 1581 1384 1608 c.
1403 1571 1458 1610 27
1479 1569 1508 1608 1.
1530 1570 1570 1612 3.

132 1623 229 1662 haec
246 1624 362 1674 longa
380 1624 580 1662 Tuctainis
598 1625 700 1662 bella
717 1625 904 1668 'videntur
921 1624 1089 1663 tenuisse
1108 1624 1155 1663 ab
1173 1638 1275 1666 auno
1299 1624 1458 1670 circiter
1477 1623 1570 1664 Chr.

135 1683 244 1722 1290
259 1679 309 1716 ad
332 1682 450 1723 1296.

243 1734 364 1777 XVII.
420 1735 581 1778 Sublato
600 1748 621 1773 e
645 1735 772 1779 medio
800 1735 963 1773 caichtu
984 1748 1207 1775 successore
1235 1732 1567 1783 Argun-Chanis,

133 1789 282 1836 Baidu,
312 1790 380 1840 qui
407 1804 494 1831 eum
513 1798 779 1842 oppresserat,
816 1792 857 1829 iu
880 1792 960 1830 eius
982 1804 1023 1829 se
1045 1791 1187 1830 solium
1211 1789 1384 1839 intrusit,
1442 1788 1509 1826 sed
1531 1789 1570 1834 ‚ei

133 1844 287 1883 obstitit
307 1845 476 1882 Cazanes
499 1846 819 1895 Argun-Chanis
846 1846 1031 1892 filiorum,
1060 1852 1104 1883 ut
1123 1846 1292 1894 videtur,
1323 1849 1419 1881 natu
1439 1844 1568 1882 maxi-

134 1912 244 1950 mus,
267 1899 419 1942 avitum
437 1906 722 1951 paternumque
736 1901 944 1952 imperium
964 1900 1037 1937 sibi
1057 1900 1174 1941 armis
1189 1899 1404 1938 vindicans.
1454 1912 1567 1944 com-

133 1955 252 1993 misso
281 1954 413 2004 itaque
442 1954 545 1992 inter
572 1956 683 2004 regni
711 1955 935 1993 candidatos
962 1955 1132 2006 praelio,
1181 1954 1308 1998 Baidu
1340 1954 1568 2005 proditione

134 2023 296 2048 suorum
322 2011 451 2047 victus
478 2017 518 2047 et
546 2010 699 2047 occisus
726 2010 890 2047 liberum
919 2010 1071 2047 aemulo
1101 2009 1240 2046 cazani
1259 2009 1418 2059 reliquit
1437 2010 1566 2060 impeff-

132 2064 258 2114 rium,
287 2071 493 2115 postquam
523 2064 623 2102 illud
642 2078 714 2116 per
742 2071 831 2109 octo
857 2064 1010 2102 circiter
1031 2077 1179 2107 menses
1197 2065 1415 2115 occupavit.
1472 2078 1567 2104 con-

133 2121 223 2170 tigit
248 2133 354 2158 mors
379 2120 507 2158 Baidu
533 2133 663 2157 mense
690 2119 926 2158 Dhul-Haia
951 2120 1119 2157 eiusdem
1147 2120 1239 2158 anni
1260 2120 1353 2170 Heg.
1373 2120 1467 2171 694,
1487 2120 1564 2158 hoc

134 2181 192 2213 est
221 2174 324 2212 circa
348 2174 465 2215 finem
498 2174 678 2216 Octobris
705 2182 772 2212 aut
794 2175 948 2212 initium
968 2175 1195 2216 Novembris
1215 2176 1308 2217 anni
1328 2175 1419 2222 Chr.
1443 2178 1562 2227 1296.

132 2231 227 2271 hinc
256 2230 434 2281 procedit
459 2230 666 2281 imperium
696 2230 874 2278 Cazanis,
904 2229 1016 2271 cuius
1042 2230 1151 2269 dotes
1177 2231 1418 2282 praeclaras,
1445 2230 1564 2269 insti-

134 2293 218 2324 tuta
235 2285 444 2323 laudabilia
456 2315 467 2334 ,
498 2292 583 2323 acta
601 2286 771 2326 illustria
790 2285 907 2325 effuse
921 2285 1085 2323 laudans
1099 2291 1289 2329 memorat
1303 2285 1560 2337 Pachymeres

134 2355 169 2379 c.
188 2345 209 2382 1
232 2341 259 2382 l.
281 2344 319 2382 6.
357 2354 420 2379 res
440 2347 567 2391 gestae
587 2341 644 2379 sic
661 2341 879 2381 summatim
899 2340 1212 2390 perstringuntur
1230 2341 1273 2380 in
1287 2342 1559 2392 supplemento

134 2395 319 2434 chronici
337 2395 628 2448 Abulpharagii.
656 2409 759 2433 auno
778 2395 869 2444 Heg.
892 2397 985 2441 697,
1004 2395 1072 2445 qui
1090 2396 1218 2447 coepit
1242 2410 1264 2434 a
1284 2397 1347 2434 die
1365 2399 1416 2438 19
1436 2397 1560 2437 Octo-

132 2451 213 2489 bris
227 2451 320 2490 anni
337 2451 429 2495 Chr·
450 2455 568 2499 1297,
585 2451 711 2493 occiso
731 2451 893 2499 Νἳνακο,
921 2450 1033 2492 euius
1050 2450 1272 2501 proditione
1288 2450 1413 2496 Baidu
1430 2453 1559 2490 suerat

134 2519 357 2558 oppressus,
386 2507 559 2558 Atabegi
574 2506 798 2556 dignitatem
820 2504 920 2557 (erat
936 2505 975 2542 id
993 2518 1132 2550 nomen
1150 2506 1347 2546 illustris
1335 2521 1378 2547 m
1393 2505 1556 2557 imperio

133 2561 350 2611 Mogulensi
366 2562 630 2616 magistratus)
651 2575 725 2612 qua
744 2562 906 2600 Niruzus
925 2561 1083 2599 functus
1113 2562 1262 2610 fuerat,
1290 2562 1524 2601 transtulit
1512 2576 1556 2599 m

137 2617 259 2654 Kotlu
277 2617 454 2663 Sakum;
482 2631 597 2667 quem
623 2618 786 2655 eundem
812 2629 893 2657 esse
920 2615 1096 2665 suspicor
1125 2630 1213 2658 cum
1244 2617 1554 2654 Clzutluclzaimo

135 2671 334 2710 nominato
365 2686 387 2709 a
414 2672 648 2723 Pachymere
674 2673 745 2710 sub
779 2672 894 2714 finem
934 2670 1051 2711 modo
1078 2671 1223 2717 laudati
1255 2685 1288 2714 c.
1309 2675 1327 2712 1
1354 2672 1381 2711 l.
1404 2675 1452 2720 6,
1484 2672 1554 2712 ubi

137 2738 177 2774 p.
199 2723 402 2768 459v.12
421 2734 535 2764 vocat
552 2725 822 2778 Χουτλουχάϊμ
839 2742 936 2768 κατα
953 2724 1019 2769 τὸν
1038 2723 1232 2774 Ευξεινρν
1255 2717 1422 2778 ἄρχοντα
1442 2741 1554 2778 prae-

139 2785 264 2818 torem
281 2782 570 2832 provinciarum
586 2782 740 2834 imperii
752 2782 934 2841 Mogulici
951 2781 1001 2820 ad
1015 2781 1212 2822 Euxinum
1226 2783 1400 2822 sitarum.
1427 2783 1555 2822 suerat
