1820 3112
236 170 299 214 30
656 163 893 210 GEORGII
925 163 1277 208 PACHYMERIS

236 284 363 327 ὃωσιν
378 280 479 332 ἴσως
502 277 523 324 ὅ
544 281 618 335 τῆς
636 278 836 336 ἀληθείας
852 274 1020 336 λόγος),
1064 277 1141 332 τὴν
1161 276 1207 320 δὲ
1224 275 1478 332 κατασκευὴν
1495 279 1572 333 τῆς
1589 293 1698 334 προ-

174 361 179 365 ’
234 349 417 403 τάσεως,
447 351 490 392 ἐν
507 353 678 398 πολλαῖς
697 349 772 403 μὲν
791 352 874 391 τῶν
893 349 1051 401 βίβλων
1072 345 1255 402 κειμένην
1275 347 1342 388 καὶ
1362 344 1543 402 ταύτην,
1579 345 1623 388 ἔν
1649 345 1700 388 δέ

233 420 277 476 γ’
306 420 428 468 ἐνίαις
458 417 750 475 παρῃρημένην
782 415 974 473 εὕρισκεν.
1045 413 1219 472 ἑτέρωθί
1247 413 1320 458 τὸν
1342 411 1517 470 Νύσσης
1533 417 1575 456 Γ
1571 411 1697 471 ρηγό-

183 496 216 532 Ι)
238 505 327 546 ριον
355 485 465 530 οὕτω
491 504 579 535 πως
599 488 837 541 διαιροῦντα
857 484 931 535 τὰς
951 486 1041 540 περὶ
1059 488 1164 527 θεοῦ
1183 480 1308 534 δόξας
1327 480 1383 533 ὥς
1401 482 1450 526 τὸ
1469 483 1546 537 μέν
1564 477 1697 526 αἴτιον

231 553 435 601 πιστεύειν
465 555 514 598 τὸ
546 555 591 597 δὲ
616 555 660 596 ἐκ
684 557 759 597 τοῦ
786 554 918 597 αἰτίου
933 585 946 606 ,
983 555 1050 596 καὶ
1071 554 1114 603 ἐξ
1133 553 1267 602 αῗτίας
1290 550 1410 601 ὄντος
1426 548 1550 594 πάλιν
1568 550 1730 606 ἅλληνό

230 623 440 680 διαφορὰν
471 625 712 677 ἐννοοῦμεν·
750 622 797 665 τὸ
826 623 901 677 μὲν
928 621 1006 677 γὰρ
1034 625 1243 679 προσεχοῦς
1263 621 1307 663 ἐκ
1328 623 1403 663 τοῦ
1420 617 1612 676 πρώτου,
1647 618 1697 663 τὸ

233 695 282 736 δὲ
299 692 369 735 διὰ
390 696 465 734 τοῦ
484 696 694 747 προσεχῶς
716 690 759 733 ἐκ
778 695 854 734 τοῦ
873 688 1051 745 πρώτου.
1123 691 1191 732 καὶ
1211 685 1337 739 αὖθις
1355 689 1399 730 ἓν
1418 692 1478 747 τῷ
1499 687 1602 731 τέλει
1622 691 1697 730 τοῦ

233 766 318 805 τῶν
338 760 648 816 Ἀντιρρητικῶν
676 757 842 816 πρώτου
885 754 1148 814 (6δευτερεύει
1174 759 1248 812 μὲν
1279 756 1300 801 ὃ
1332 756 1424 807 υἱὸς
1445 761 1521 799 τοῦ
1541 755 1699 812 πατρὸς

236 831 371 874 αἲτιόυ
381 862 394 881 ,
431 825 651 886 δευτερεύει
686 829 730 870 δὲ
761 829 828 870 καὶ
858 827 907 870 τὸ
935 831 1093 879 πνεῦμα
1112 831 1188 869 τοῦ
1209 827 1302 870 υἱοῦ
1323 826 1428 868 κατὰ
1449 825 1522 868 τὸν
1537 829 1613 880 τῆς
1631 826 1699 867 αἲ-

183 914 189 935 :
235 900 327 948 τιάς
357 896 527 954 λόγον.”
597 896 778 950 ἀλλαχοῦ
806 897 851 939 δὲ
876 895 948 939 τὸν
975 895 1102 951 μέγαν
1120 892 1327 952 Κύριλλον
1345 893 1514 950 λέγοντα
1550 892 1638 936 “ni
1655 893 1699 936 ἐκ
1710 899 1756 934 10

236 966 391 1023 ἀμφοῖν
413 965 620 1015 οὗσιωὸῶς
639 962 823 1021 ὑπάρχον
836 997 849 1017 ,
884 964 1093 1008 τουτέστιν
1114 964 1157 1006 ἐκ
1175 963 1331 1019 πατρὸς
1359 961 1416 1004 δι’
1437 963 1531 1006 υἱοῦ
1544 962 1592 1016 '',
1629 963 1699 1005 καὶ

238 1031 365 1084 αὖθις
396 1031 530 1089 στόμα
559 1034 633 1088 μὲν
660 1038 735 1076 τοῦ
756 1033 912 1089 πατρὸς
930 1033 1097 1088 λέγοντα
1115 1032 1187 1076 τὸν
1205 1029 1318 1085 υἱόν,
1352 1035 1631 1086 θεολογοῦντα
1653 1031 1699 1074 δὲ

186 1112 220 1147 Ε
243 1105 334 1159 περὶ
365 1107 438 1146 τοῦ
473 1101 704 1156 πνεύματος
743 1105 776 1127 “
784 1100 974 1158 καθάπερ
1016 1101 1084 1144 διὰ
1120 1098 1327 1156 στόματος
1351 1099 1426 1155 τὴν
1460 1100 1568 1142 ἰδίαν
1600 1097 1700 1155 ἧμῒν

238 1171 524 1226 ὖποσημαῖνον
542 1169 758 1228 ῦπαρξιν.”
807 1169 1044 1226 Ἐπιφάνιον
1063 1170 1108 1213 δὲ
1130 1171 1196 1213 καὶ
1218 1170 1260 1212 ἒν
1272 1172 1441 1218 πολλοῖς
1454 1170 1521 1211 καὶ
1540 1165 1698 1211 πολλά-

240 1258 302 1291 κις
321 1240 373 1283 τὰ
393 1239 499 1282 αὐτὰ
519 1240 686 1295 λέγοντα
707 1237 1025 1293 κατελάμβανεν.
1095 1237 1232 1290 ἔδοξεν
1249 1233 1323 1281 οῦν
1346 1237 1482 1295 ἐκείνῳ
1503 1234 1638 1280 ταῦτά
1654 1253 1698 1280 τε
1710 1241 1755 1276 15

240 1311 309 1352 καὶ
333 1309 456 1352 πλείω
481 1306 666 1364 συνάγειν
688 1309 755 1350 καὶ
776 1313 1042 1364 λογογραφεῖν
1063 1307 1137 1361 τὴν
1159 1312 1241 1350 τῶν
1262 1306 1448 1362 πατέρων
1465 1306 1699 1361 θεολογίαν,

238 1376 296 1428 ὥς
316 1376 432 1437 ᾤετο.
500 1378 566 1419 καὶ
585 1376 632 1419 τὸ
654 1375 807 1431 ἀτηρὸν
826 1378 900 1431 μὲν
919 1381 994 1431 τῆς
1011 1376 1255 1432 κατηγορίας
1274 1380 1357 1418 τῶν
1373 1375 1564 1428 Ἰταλῶν,
1601 1373 1624 1417 ὃ
1646 1375 1700 1430 δὴ

116 1455 147 1491 P
170 1457 214 1493 17
238 1448 308 1489 καὶ
339 1453 428 1496 τοῖς
457 1448 694 1488 κοινωνοῦσι
718 1445 786 1488 διὰ
815 1450 890 1501 τῆς
923 1445 1138 1502 ἀναφορᾶς
1162 1449 1236 1488 τοῦ
1260 1441 1464 1497 ὀνόματος
1484 1444 1705 1499 προσετρίις

235 1519 333 1570 βετο
347 1547 360 1567 ,
398 1516 589 1565 ἐξιᾶσθαι
607 1513 709 1564 τέως
726 1513 831 1557 κατὰ
852 1513 900 1557 τὸ
921 1514 1095 1557 δυνατὸν
1115 1516 1183 1556 καὶ
1206 1510 1448 1570 θεραπεύειν
1475 1508 1699 1567 ἠβούλετο·

237 1583 381 1633 δεδιὼς
400 1582 445 1625 δ’
469 1578 595 1632 αὖθις
617 1584 684 1625 καὶ
706 1583 781 1632 τὰς
802 1584 1047 1638 κατηγορίας
1067 1587 1141 1636 τῆς
1159 1580 1327 1636 τόλμης,
1365 1587 1456 1630 ταῖς
1484 1573 1756 1635 ἀληθέίάιςῖῦ

234 1651 385 1711 ὅρκους
414 1648 735 1709 προανετάττετο
765 1651 861 1702 τοὺς
883 1649 1099 1710 φρικώδεις
1119 1647 1145 1707 ἦ
1163 1651 1246 1706 μὴν
1261 1651 1322 1708 μὴ
1344 1648 1399 1702 ὥς
1419 1650 1551 1705 δῆθεν
1570 1665 1700 1693 κατα-

328 1784 362 1821 8,
387 1786 464 1830 post
486 1782 745 1831 παρῃρημένην
767 1784 796 1820 P
818 1783 943 1820 iterum
964 1783 1027 1820 καὶ
1050 1781 1201 1830 ταύτην.

238 1901 296 1934 cet
317 1909 400 1934 vera
422 1899 590 1935 doctrina.
602 1899 622 1917 '’
667 1901 836 1936 rationem
858 1911 960 1946 porro
983 1898 1222 1936 affirmationis
1243 1909 1312 1945 qua
1333 1898 1423 1934 filius
1443 1899 1564 1945 patre,
1587 1896 1702 1943 Spiri-

238 1950 296 1980 tus
319 1946 467 1980 Sanctus
488 1950 635 1992 utroque
656 1947 787 1993 origine
810 1947 978 1992 posterior
1000 1946 1146 1990 dicitur,
1169 1945 1203 1979 in
1226 1945 1424 1991 quibusdam
1446 1945 1580 1990 quidem
1605 1944 1703 1978 libris

237 1991 392 2026 disertim
426 2003 641 2037 expressam,
676 1994 711 2028 in
741 1993 817 2027 aliis
847 1994 1003 2027 omissam
1026 1997 1085 2026 aut
1106 1991 1242 2037 oblique
1264 1996 1396 2025 tantum
1418 1991 1622 2025 insinuatam
1643 2001 1703 2024 re-

237 2037 341 2117 gerit.
388 2037 467 2071 alibi
492 2038 684 2082 Nyssenum
710 2039 840 2074 invenit
862 2039 899 2073 in
921 2040 1010 2073 hunc
1032 2038 1164 2072 modum
1189 2037 1348 2071 distincte
1370 2038 1559 2071 tradentem
1579 2041 1701 2070 tenen·-

264 2093 301 2115 as
333 2082 376 2116 de
405 2082 469 2116 deo
502 2085 710 2126 sententias,
740 2088 779 2118 ut
813 2086 972 2119 credatur
1004 2084 1040 2118 in
1071 2096 1111 2118 eo
1136 2083 1226 2117 aliud
1250 2095 1374 2124 causa,
1405 2083 1496 2117 aliud
1520 2095 1562 2117 ex
1585 2093 1700 2117 cauam

240 2130 312 2162 tum
336 2127 408 2161 eius
430 2129 519 2172 quod
542 2142 585 2163 ex
609 2142 712 2165 causa
735 2131 864 2165 existat
885 2130 985 2165 aliam
1009 2129 1232 2164 differentiam
1261 2129 1501 2173 intelligimus,
1533 2134 1574 2163 ut
1605 2127 1701 2162 aliud

239 2173 288 2208 ait
309 2174 397 2208 citra
419 2174 561 2208 medium
586 2188 628 2210 ex
651 2177 770 2221 primo,
793 2177 883 2210 aliud
907 2188 970 2222 per
991 2176 1027 2210 id
1049 2175 1138 2221 quod
1162 2176 1250 2208 citra
1272 2175 1416 2208 medium
1440 2187 1483 2210 ex
1506 2175 1615 2220 primo
1635 2178 1701 2207 eat.

240 2223 279 2253 et
302 2230 419 2254 rursus
442 2219 476 2253 in
498 2220 567 2254 fine
588 2222 685 2267 primi
712 2222 1017 2257 Antirrheticorum
1037 2221 1236 2256 “secundus
1262 2233 1282 2255 a
1306 2227 1406 2266 patre
1429 2221 1518 2254 filius
1541 2219 1632 2265 quod
1655 2228 1700 2252 ex

240 2276 283 2300 eo
306 2269 345 2299 ut
367 2276 471 2299 causa
493 2265 547 2300 sit.
594 2267 760 2301 secundus
791 2269 872 2302 item
906 2279 927 2302 a
959 2268 1028 2302 filio
1054 2267 1193 2313 spiritus
1224 2267 1321 2301 iuxta
1348 2278 1470 2300 causae
1491 2259 1701 2300 rationem.”

239 2310 330 2345 alia·
362 2322 444 2344 vero
475 2322 630 2356 magnum
662 2313 825 2355 Cyrillum
851 2313 1016 2348 dicentem
1039 2313 1083 2348 de
1105 2313 1229 2358 spiritu
1258 2313 1408 2346 existere
1429 2311 1537 2356 ipsum
1561 2322 1604 2344 ex
1627 2322 1701 2344 ain-³

241 2356 352 2392 bobus
373 2357 663 2400 substantialiter,
690 2358 754 2392 hoc
777 2362 830 2391 est
851 2372 893 2393 ex
917 2363 1015 2404 patre
1038 2363 1074 2393 et
1095 2359 1177 2392 filio.
1225 2363 1261 2392 et
1281 2368 1398 2392 rursus
1419 2368 1458 2390 os
1481 2356 1613 2402 quidem
1637 2367 1701 2402 pa-

238 2402 306 2438 tria
328 2403 554 2447 appellantem
576 2403 702 2444 filium,
736 2403 944 2438 divinitatem
966 2417 1048 2438 vero
1071 2404 1220 2448 Spiritus
1242 2403 1291 2438 ita
1313 2403 1542 2436 declarantem
1569 2406 1608 2435 ut
1636 2412 1700 2447 per

238 2459 281 2483 os
301 2459 397 2483 auam
421 2448 572 2490 ianobia
593 2448 806 2483 existentiam
828 2449 966 2483 indicet.
1013 2449 1238 2495 Epiphaniam
1261 2459 1396 2494 quoque
1416 2447 1642 2494 deprehendit
1662 2451 1700 2482 et

239 2494 354 2529 multis
384 2493 419 2528 in
449 2493 546 2529 libris
577 2497 612 2528 et
641 2505 745 2539 saepe
766 2494 801 2528 in
824 2506 1026 2540 unoquoque
1047 2496 1166 2528 eadem
1188 2494 1423 2529 affirmantem.
1467 2494 1575 2528 visum
1595 2493 1701 2537 igitur

239 2540 355 2575 Vecco
378 2539 464 2574 haec
487 2543 522 2574 et
543 2540 643 2585 plura
665 2539 835 2585 colligere,
860 2541 1102 2586 complectique
1124 2551 1165 2573 ac
1188 2540 1355 2573 disserere
1377 2539 1514 2584 scriptis
1534 2550 1702 2574 commen-

239 2586 338 2621 tarii·
361 2585 564 2630 theologiam
586 2590 744 2632 patrum,
777 2589 816 2620 ut
838 2587 994 2632 putabat.
1040 2597 1107 2631 quo
1131 2587 1249 2619 duram
1271 2585 1424 2619 nimirum
1444 2585 1535 2619 illam
1558 2596 1702 2618 accusa-

238 2631 362 2667 tionem
394 2631 576 2674 Italorum,
609 2643 697 2678 quae
730 2635 767 2666 et
797 2632 831 2666 in
863 2634 1018 2666 Graecos
1051 2634 1190 2675 propter
1221 2642 1328 2675 nuper
1358 2630 1539 2666 admissam
1559 2631 1701 2665 nominis

236 2688 352 2724 papae
382 2676 474 2712 inter
504 2689 604 2712 sacra
634 2677 833 2712 mentionem
858 2689 931 2711 cum
954 2678 996 2712 iis
1019 2676 1301 2711 communicantes
1333 2676 1531 2720 contagione
1555 2677 1700 2721 quadam

239 2724 520 2771 propagabatur,
553 2724 717 2758 emolliret
739 2728 799 2758 aut
821 2727 985 2769 purgaret
1007 2727 1109 2768 prout
1132 2725 1280 2767 poterat.
1325 2733 1443 2756 rursus
1475 2726 1628 2756 metuens
1655 2734 1700 2756 ne

240 2769 406 2804 audaciae
428 2775 665 2812 accusaretur,
697 2769 766 2804 suis
787 2770 855 2805 illis
879 2772 922 2803 de
944 2781 1027 2804 vera
1050 2767 1206 2802 doctrina
1228 2767 1520 2803 dissertationibus
1553 2769 1701 2803 addebat

242 2814 410 2853 horrenda
430 2815 639 2860 iuramenta,
662 2816 784 2863 quibus
805 2816 965 2867 studebat
985 2813 1194 2862 persuadere
1214 2825 1253 2849 se
1274 2825 1487 2860 nequaquam
1508 2815 1601 2851 haec*
1615 2815 1704 2850 allv-
