<?xml version="1.0" encoding="UTF-8"?>
<!DOCTYPE html PUBLIC "-//W3C//DTD XHTML 1.0 Transitional//EN"
    "http://www.w3.org/TR/xhtml1/DTD/xhtml1-transitional.dtd">
<html xmlns="http://www.w3.org/1999/xhtml" xml:lang="en" lang="en">
 <head>
  <title>
</title>
<meta http-equiv="Content-Type" content="text/html;charset=utf-8" />
  <meta name='ocr-system' content='tesseract 3.04.00' />
  <meta name='ocr-capabilities' content='ocr_page ocr_carea ocr_par ocr_line ocrx_word'/>
</head>
<body>
  <div class='ocr_page' id='page_1' title='image "./corpusscriptorum18niebuoft_0188.png"; bbox 0 0 1820 3112; ppageno 0'>
   <div class='ocr_carea' id='block_1_1' title="bbox 214 140 1251 190">
    <p class='ocr_par' dir='ltr' id='par_1_1' title="bbox 214 140 1251 190">
     <span class='ocr_line' id='line_1_1' title="bbox 214 140 1251 190; baseline -0.006 0"><span class='ocrx_word' id='word_1_1' title='bbox 214 140 309 190; x_wconf 77' lang='lat'>172</span> <span class='ocrx_word' id='word_1_2' title='bbox 627 141 861 186; x_wconf 88' lang='lat' dir='ltr'>GEORGH</span> <span class='ocrx_word' id='word_1_3' title='bbox 896 141 1251 186; x_wconf 77' lang='lat' dir='ltr'><strong>PACHYMERIS</strong></span> 
     </span>
    </p>
   </div>
   <div class='ocr_carea' id='block_1_2' title="bbox 66 252 1732 1690">
    <p class='ocr_par' dir='ltr' id='par_1_2' title="bbox 66 252 1732 1690">
     <span class='ocr_line' id='line_1_2' title="bbox 210 252 1673 314; baseline -0.003 -14"><span class='ocrx_word' id='word_1_4' title='bbox 210 258 256 300; x_wconf 74' lang='grc' dir='ltr'>δὲ</span> <span class='ocrx_word' id='word_1_5' title='bbox 276 257 417 314; x_wconf 79' lang='grc' dir='ltr'><strong><em>ὀρθῶς</em></strong></span> <span class='ocrx_word' id='word_1_6' title='bbox 434 257 500 298; x_wconf 75' lang='grc' dir='ltr'>καὶ</span> <span class='ocrx_word' id='word_1_7' title='bbox 518 260 671 306; x_wconf 80' lang='grc' dir='ltr'><em>πιστῶς</em></span> <span class='ocrx_word' id='word_1_8' title='bbox 687 274 739 310; x_wconf 88' lang='grc' dir='ltr'>με</span> <span class='ocrx_word' id='word_1_9' title='bbox 759 252 1009 311; x_wconf 72' lang='grc' dir='ltr'><strong><em>λατρεύοντα</em></strong></span> <span class='ocrx_word' id='word_1_10' title='bbox 1029 257 1095 298; x_wconf 79' lang='grc' dir='ltr'>καὶ</span> <span class='ocrx_word' id='word_1_11' title='bbox 1117 258 1364 311; x_wconf 75' lang='grc' dir='ltr'><strong><em>φρονοῦντα,</em></strong></span> <span class='ocrx_word' id='word_1_12' title='bbox 1393 256 1460 298; x_wconf 77' lang='grc' dir='ltr'>καὶ</span> <span class='ocrx_word' id='word_1_13' title='bbox 1481 254 1673 309; x_wconf 83' lang='grc' dir='ltr'><strong><em>ἀποβαλ-</em></strong></span> 
     </span>
     <span class='ocr_line' id='line_1_3' title="bbox 209 323 1672 380; baseline -0.002 -11"><span class='ocrx_word' id='word_1_14' title='bbox 209 324 379 380; x_wconf 86' lang='grc' dir='ltr'><strong><em>λόμενον</em></strong></span> <span class='ocrx_word' id='word_1_15' title='bbox 403 326 447 367; x_wconf 86' lang='grc' dir='ltr'>ἐκ</span> <span class='ocrx_word' id='word_1_16' title='bbox 465 329 603 380; x_wconf 78' lang='grc' dir='ltr'><strong><em>ψυχῆς</em></strong></span> <span class='ocrx_word' id='word_1_17' title='bbox 627 324 648 368; x_wconf 77' lang='grc' dir='ltr'>ὃ</span> <span class='ocrx_word' id='word_1_18' title='bbox 668 325 725 380; x_wconf 82' lang='grc' dir='ltr'><strong><em>μὴ</em></strong></span> <span class='ocrx_word' id='word_1_19' title='bbox 751 323 907 377; x_wconf 78' lang='grc' dir='ltr'><strong><em>δοξάζει</em></strong></span> <span class='ocrx_word' id='word_1_20' title='bbox 931 323 956 380; x_wconf 82' lang='grc' dir='ltr'>ἡ</span> <span class='ocrx_word' id='word_1_21' title='bbox 981 326 1172 379; x_wconf 74' lang='grc' dir='ltr'><strong><em>ἐκκλησία</em></strong></span> <span class='ocrx_word' id='word_1_22' title='bbox 1201 325 1307 379; x_wconf 76' lang='grc' dir='ltr'><strong><em>μηδὲ</em></strong></span> <span class='ocrx_word' id='word_1_23' title='bbox 1331 324 1558 380; x_wconf 74' lang='grc' dir='ltr'><strong><em>παρέλαβε,</em></strong></span> <span class='ocrx_word' id='word_1_24' title='bbox 1595 339 1672 367; x_wconf 89' lang='grc' dir='ltr'><strong><em>συ-</em></strong></span> 
     </span>
     <span class='ocr_line' id='line_1_4' title="bbox 208 389 1671 451; baseline -0.002 -14"><span class='ocrx_word' id='word_1_25' title='bbox 208 397 466 451; x_wconf 79' lang='grc' dir='ltr'><strong><em>κοφαντῆσαι</em></strong></span> <span class='ocrx_word' id='word_1_26' title='bbox 491 393 564 436; x_wconf 77' lang='grc' dir='ltr'>οὐκ</span> <span class='ocrx_word' id='word_1_27' title='bbox 585 393 753 451; x_wconf 72' lang='grc' dir='ltr'><strong><em>ἴφριξαν</em></strong></span> <span class='ocrx_word' id='word_1_28' title='bbox 771 398 951 451; x_wconf 79' lang='grc' dir='ltr'><strong><em>γλῶσσαι</em></strong></span> <span class='ocrx_word' id='word_1_29' title='bbox 970 394 1092 448; x_wconf 84' lang='grc' dir='ltr'><strong><em>λέγειν</em></strong></span> <span class='ocrx_word' id='word_1_30' title='bbox 1109 397 1326 448; x_wconf 91' lang='grc' dir='ltr'><strong><em>μαθοῦσαι</em></strong></span> <span class='ocrx_word' id='word_1_31' title='bbox 1344 389 1462 445; x_wconf 78' lang='grc' dir='ltr'><strong><em>κακά,</em></strong></span> <span class='ocrx_word' id='word_1_32' title='bbox 1495 391 1584 435; x_wconf 80' lang='grc' dir='ltr'><strong><em>ὅσοι</em></strong></span> <span class='ocrx_word' id='word_1_33' title='bbox 1603 393 1671 435; x_wconf 77' lang='grc' dir='ltr'>καὶ</span> 
     </span>
     <span class='ocr_line' id='line_1_5' title="bbox 210 460 1672 517; baseline -0.001 -12"><span class='ocrx_word' id='word_1_34' title='bbox 210 464 353 512; x_wconf 75' lang='grc' dir='ltr'><strong><em>οἵτινες</em></strong></span> <span class='ocrx_word' id='word_1_35' title='bbox 382 460 458 504; x_wconf 78' lang='grc' dir='ltr'><strong><em>εἶεν</em></strong></span> <span class='ocrx_word' id='word_1_36' title='bbox 471 494 485 514; x_wconf 87' lang='grc'><strong><em>,</em></strong></span> <span class='ocrx_word' id='word_1_37' title='bbox 523 461 603 516; x_wconf 74' lang='grc' dir='ltr'>ἕχω</span> <span class='ocrx_word' id='word_1_38' title='bbox 625 463 776 512; x_wconf 77' lang='grc' dir='ltr'><strong><em>αὐτοὺς</em></strong></span> <span class='ocrx_word' id='word_1_39' title='bbox 795 462 909 505; x_wconf 77' lang='grc' dir='ltr'><strong><em>καθὰ</em></strong></span> <span class='ocrx_word' id='word_1_40' title='bbox 933 461 952 505; x_wconf 87' lang='grc' dir='ltr'><em>ὃ</em></span> <span class='ocrx_word' id='word_1_41' title='bbox 973 460 1129 515; x_wconf 81' lang='grc' dir='ltr'><strong><em>κανών,</em></strong></span> <span class='ocrx_word' id='word_1_42' title='bbox 1168 464 1234 504; x_wconf 81' lang='grc' dir='ltr'>καὶ</span> <span class='ocrx_word' id='word_1_43' title='bbox 1254 461 1335 504; x_wconf 83' lang='grc' dir='ltr'>ἀπὸ</span> <span class='ocrx_word' id='word_1_44' title='bbox 1357 466 1431 517; x_wconf 85' lang='grc' dir='ltr'>τῆς</span> <span class='ocrx_word' id='word_1_45' title='bbox 1449 463 1672 517; x_wconf 82' lang='grc' dir='ltr'><strong><em>ζωαρχικῆς</em></strong></span> 
     </span>
     <span class='ocr_line' id='line_1_6' title="bbox 208 527 1704 587; baseline 0.001 -14"><span class='ocrx_word' id='word_1_46' title='bbox 208 528 377 587; x_wconf 81' lang='grc' dir='ltr'><strong><em>τριάδος</em></strong></span> <span class='ocrx_word' id='word_1_47' title='bbox 396 530 720 587; x_wconf 83' lang='grc' dir='ltr'><strong><em>ἀφωρισμένους.</em></strong></span> <span class='ocrx_word' id='word_1_48' title='bbox 756 530 818 575; x_wconf 84' lang='grc' dir='ltr'>ὅτι</span> <span class='ocrx_word' id='word_1_49' title='bbox 842 532 887 574; x_wconf 77' lang='grc' dir='ltr'>δὲ</span> <span class='ocrx_word' id='word_1_50' title='bbox 905 531 1146 584; x_wconf 76' lang='grc' dir='ltr'><strong><em>βιασθέντες</em></strong></span> <span class='ocrx_word' id='word_1_51' title='bbox 1164 530 1259 573; x_wconf 68' lang='grc' dir='ltr'>ἀλλ’</span> <span class='ocrx_word' id='word_1_52' title='bbox 1283 530 1331 573; x_wconf 83' lang='grc' dir='ltr'><strong><em>οὗ</em></strong></span> <span class='ocrx_word' id='word_1_53' title='bbox 1350 527 1570 584; x_wconf 80' lang='grc' dir='ltr'><strong><em>βιάσαντες</em></strong></span> <span class='ocrx_word' id='word_1_54' title='bbox 1585 530 1704 575; x_wconf 74' lang='grc' dir='ltr'><strong><em>ἑτέ-5</em></strong></span> 
     </span>
     <span class='ocr_line' id='line_1_7' title="bbox 208 597 1674 656; baseline -0.001 -14"><span class='ocrx_word' id='word_1_55' title='bbox 208 604 345 655; x_wconf 87' lang='grc' dir='ltr'><strong><em>θημεν</em></strong></span> <span class='ocrx_word' id='word_1_56' title='bbox 367 601 422 649; x_wconf 79' lang='grc' dir='ltr'>εἷς</span> <span class='ocrx_word' id='word_1_57' title='bbox 443 599 517 654; x_wconf 87' lang='grc' dir='ltr'>τὴν</span> <span class='ocrx_word' id='word_1_58' title='bbox 541 601 770 654; x_wconf 76' lang='grc' dir='ltr'><strong><em>ἐκκλησίαν,</em></strong></span> <span class='ocrx_word' id='word_1_59' title='bbox 800 602 932 642; x_wconf 79' lang='grc' dir='ltr'><strong><em>ἐλπίδι</em></strong></span> <span class='ocrx_word' id='word_1_60' title='bbox 953 597 1114 656; x_wconf 78' lang='grc' dir='ltr'><strong><em>εἰρήνης</em></strong></span> <span class='ocrx_word' id='word_1_61' title='bbox 1132 601 1198 642; x_wconf 80' lang='grc' dir='ltr'>καὶ</span> <span class='ocrx_word' id='word_1_62' title='bbox 1219 599 1417 656; x_wconf 82' lang='grc' dir='ltr'><strong><em>ὠφελείας</em></strong></span> <span class='ocrx_word' id='word_1_63' title='bbox 1436 602 1598 653; x_wconf 73' lang='grc' dir='ltr'><strong><em>κοινῆς,</em></strong></span> <span class='ocrx_word' id='word_1_64' title='bbox 1625 597 1674 640; x_wconf 78' lang='grc' dir='ltr'><strong><em>οὗ</em></strong></span> 
     </span>
     <span class='ocr_line' id='line_1_8' title="bbox 66 666 1675 727; baseline -0.001 -17"><span class='ocrx_word' id='word_1_65' title='bbox 66 673 96 709; x_wconf 84' lang='grc' dir='ltr'><strong>Ρ</strong></span> <span class='ocrx_word' id='word_1_66' title='bbox 121 675 186 711; x_wconf 88' lang='grc'>115</span> <span class='ocrx_word' id='word_1_67' title='bbox 212 669 370 725; x_wconf 80' lang='grc' dir='ltr'><strong><em>προέβη</em></strong></span> <span class='ocrx_word' id='word_1_68' title='bbox 401 669 446 710; x_wconf 76' lang='grc' dir='ltr'>δὲ</span> <span class='ocrx_word' id='word_1_69' title='bbox 474 668 578 711; x_wconf 80' lang='grc' dir='ltr'><strong><em>κατὰ</em></strong></span> <span class='ocrx_word' id='word_1_70' title='bbox 605 669 681 718; x_wconf 79' lang='grc' dir='ltr'>τὰς</span> <span class='ocrx_word' id='word_1_71' title='bbox 709 670 876 719; x_wconf 82' lang='grc' dir='ltr'><strong><em>ἐλπίδας</em></strong></span> <span class='ocrx_word' id='word_1_72' title='bbox 897 667 994 712; x_wconf 77' lang='grc' dir='ltr'><strong><em>ὅσον</em></strong></span> <span class='ocrx_word' id='word_1_73' title='bbox 1014 666 1269 727; x_wconf 76' lang='grc' dir='ltr'><strong><em>διῳκήσαμεν</em></strong></span> <span class='ocrx_word' id='word_1_74' title='bbox 1284 701 1297 720; x_wconf 91' lang='grc'><strong><em>,</em></strong></span> <span class='ocrx_word' id='word_1_75' title='bbox 1335 667 1443 711; x_wconf 76' lang='grc' dir='ltr'><strong><em>οὕτω</em></strong></span> <span class='ocrx_word' id='word_1_76' title='bbox 1464 666 1675 723; x_wconf 76' lang='grc' dir='ltr'><strong><em>συμφέρον</em></strong></span> 
     </span>
     <span class='ocr_line' id='line_1_9' title="bbox 206 733 1676 794; baseline -0.001 -15"><span class='ocrx_word' id='word_1_77' title='bbox 206 735 303 793; x_wconf 76' lang='grc' dir='ltr'><strong><em>ἡμῖν</em></strong></span> <span class='ocrx_word' id='word_1_78' title='bbox 333 738 623 793; x_wconf 84' lang='grc' dir='ltr'><strong><em>κατεφαίνετο,</em></strong></span> <span class='ocrx_word' id='word_1_79' title='bbox 659 735 820 794; x_wconf 79' lang='grc' dir='ltr'><strong><em>μάρτυς</em></strong></span> <span class='ocrx_word' id='word_1_80' title='bbox 851 735 977 790; x_wconf 84' lang='grc' dir='ltr'><strong><em>θεός,</em></strong></span> <span class='ocrx_word' id='word_1_81' title='bbox 1011 740 1077 780; x_wconf 77' lang='grc' dir='ltr'>καὶ</span> <span class='ocrx_word' id='word_1_82' title='bbox 1108 737 1129 780; x_wconf 81' lang='grc' dir='ltr'>ὃ</span> <span class='ocrx_word' id='word_1_83' title='bbox 1161 737 1218 793; x_wconf 83' lang='grc' dir='ltr'><strong><em>μὴ</em></strong></span> <span class='ocrx_word' id='word_1_84' title='bbox 1251 735 1307 787; x_wconf 78' lang='grc' dir='ltr'><strong><em>ὥς</em></strong></span> <span class='ocrx_word' id='word_1_85' title='bbox 1334 737 1459 780; x_wconf 79' lang='grc' dir='ltr'><strong><em>κακὸν</em></strong></span> <span class='ocrx_word' id='word_1_86' title='bbox 1487 735 1581 778; x_wconf 77' lang='grc' dir='ltr'><strong><em>ἀλλ’</em></strong></span> <span class='ocrx_word' id='word_1_87' title='bbox 1617 733 1676 785; x_wconf 79' lang='grc' dir='ltr'><strong><em>ὥς</em></strong></span> 
     </span>
     <span class='ocr_line' id='line_1_10' title="bbox 207 800 1676 865; baseline -0.001 -17"><span class='ocrx_word' id='word_1_88' title='bbox 207 806 362 862; x_wconf 86' lang='grc' dir='ltr'><strong><em>πρέπον</em></strong></span> <span class='ocrx_word' id='word_1_89' title='bbox 390 804 655 862; x_wconf 75' lang='grc' dir='ltr'><strong><em>ἐπράττομεν.</em></strong></span> <span class='ocrx_word' id='word_1_90' title='bbox 726 807 832 862; x_wconf 73' lang='grc' dir='ltr'><strong><em>πλὴν</em></strong></span> <span class='ocrx_word' id='word_1_91' title='bbox 861 808 895 849; x_wconf 81' lang='grc' dir='ltr'><strong><em>εἰ</em></strong></span> <span class='ocrx_word' id='word_1_92' title='bbox 918 808 959 848; x_wconf 77' lang='grc' dir='ltr'><strong><em>ἒν</em></strong></span> <span class='ocrx_word' id='word_1_93' title='bbox 981 800 1013 865; x_wconf 83' lang='grc' dir='ltr'><em>ᾧ</em></span> <span class='ocrx_word' id='word_1_94' title='bbox 1033 806 1168 865; x_wconf 82' lang='grc' dir='ltr'><strong><em>μέτρῳ</em></strong></span> <span class='ocrx_word' id='word_1_95' title='bbox 1187 810 1414 862; x_wconf 81' lang='grc' dir='ltr'><strong><em>μετροῦμεν</em></strong></span> <span class='ocrx_word' id='word_1_96' title='bbox 1432 804 1676 861; x_wconf 82' lang='grc' dir='ltr'><strong><em>ἀντιμετρη-</em></strong></span> 
     </span>
     <span class='ocr_line' id='line_1_11' title="bbox 207 872 1731 934; baseline -0.001 -17"><span class='ocrx_word' id='word_1_97' title='bbox 207 872 435 930; x_wconf 85' lang='grc' dir='ltr'><strong><em>θησόμεθα</em></strong></span> <span class='ocrx_word' id='word_1_98' title='bbox 449 907 462 927; x_wconf 87' lang='grc'><strong><em>,</em></strong></span> <span class='ocrx_word' id='word_1_99' title='bbox 494 874 568 929; x_wconf 83' lang='grc' dir='ltr'>τὴν</span> <span class='ocrx_word' id='word_1_100' title='bbox 590 872 748 918; x_wconf 80' lang='grc' dir='ltr'><strong><em>τούτων</em></strong></span> <span class='ocrx_word' id='word_1_101' title='bbox 768 873 968 932; x_wconf 79' lang='grc' dir='ltr'><strong><em>διάκρισιν</em></strong></span> <span class='ocrx_word' id='word_1_102' title='bbox 986 875 1213 930; x_wconf 75' lang='grc' dir='ltr'><strong><em>ἀνατίθημι</em></strong></span> <span class='ocrx_word' id='word_1_103' title='bbox 1233 879 1289 934; x_wconf 79' lang='grc' dir='ltr'>τῷ</span> <span class='ocrx_word' id='word_1_104' title='bbox 1311 872 1410 933; x_wconf 81' lang='grc' dir='ltr'><strong><em>ἁγίῳ</em></strong></span> <span class='ocrx_word' id='word_1_105' title='bbox 1430 877 1595 927; x_wconf 77' lang='grc' dir='ltr'><strong><em>βασιλεῖ</em></strong></span> <span class='ocrx_word' id='word_1_106' title='bbox 1606 874 1672 916; x_wconf 78' lang='grc' dir='ltr'>καὶ</span> <span class='ocrx_word' id='word_1_107' title='bbox 1685 881 1731 917; x_wconf 88' lang='grc'>10</span> 
     </span>
     <span class='ocr_line' id='line_1_12' title="bbox 207 939 1676 999; baseline -0.001 -12"><span class='ocrx_word' id='word_1_108' title='bbox 207 950 296 993; x_wconf 81' lang='grc' dir='ltr'><strong><em>τοῖς</em></strong></span> <span class='ocrx_word' id='word_1_109' title='bbox 326 943 552 999; x_wconf 81' lang='grc' dir='ltr'><strong><em>ἀρχιερεῦσι</em></strong></span> <span class='ocrx_word' id='word_1_110' title='bbox 579 941 751 987; x_wconf 77' lang='grc' dir='ltr'><strong><em>ἐνώπιον</em></strong></span> <span class='ocrx_word' id='word_1_111' title='bbox 772 949 846 987; x_wconf 88' lang='grc' dir='ltr'>τοῦ</span> <span class='ocrx_word' id='word_1_112' title='bbox 868 948 997 997; x_wconf 85' lang='grc' dir='ltr'><strong><em>θεοῦ,</em></strong></span> <span class='ocrx_word' id='word_1_113' title='bbox 1033 945 1100 986; x_wconf 78' lang='grc' dir='ltr'>καὶ</span> <span class='ocrx_word' id='word_1_114' title='bbox 1124 944 1200 987; x_wconf 72' lang='grc' dir='ltr'><strong><em>εἴτε</em></strong></span> <span class='ocrx_word' id='word_1_115' title='bbox 1220 943 1429 999; x_wconf 81' lang='grc' dir='ltr'><strong><em>ἀποδοχῆς</em></strong></span> <span class='ocrx_word' id='word_1_116' title='bbox 1451 942 1528 986; x_wconf 72' lang='grc' dir='ltr'><strong><em>εἴτε</em></strong></span> <span class='ocrx_word' id='word_1_117' title='bbox 1547 939 1676 985; x_wconf 72' lang='grc' dir='ltr'><strong><em>εὐθύ-</em></strong></span> 
     </span>
     <span class='ocr_line' id='line_1_13' title="bbox 209 1009 1675 1070; baseline -0.001 -14"><span class='ocrx_word' id='word_1_118' title='bbox 209 1029 282 1068; x_wconf 86' lang='grc' dir='ltr'>νης</span> <span class='ocrx_word' id='word_1_119' title='bbox 312 1016 544 1069; x_wconf 77' lang='grc' dir='ltr'><strong><em>κριθῶμεν,</em></strong></span> <span class='ocrx_word' id='word_1_120' title='bbox 581 1013 824 1070; x_wconf 86' lang='grc' dir='ltr'><strong><em>στέργομεν,</em></strong></span> <span class='ocrx_word' id='word_1_121' title='bbox 863 1015 930 1056; x_wconf 84' lang='grc' dir='ltr'>καὶ</span> <span class='ocrx_word' id='word_1_122' title='bbox 959 1011 1015 1062; x_wconf 81' lang='grc' dir='ltr'><strong><em>ὥς</em></strong></span> <span class='ocrx_word' id='word_1_123' title='bbox 1047 1013 1090 1055; x_wconf 81' lang='grc' dir='ltr'>ἐκ</span> <span class='ocrx_word' id='word_1_124' title='bbox 1110 1017 1212 1055; x_wconf 87' lang='grc' dir='ltr'><strong><em>θεοῦ</em></strong></span> <span class='ocrx_word' id='word_1_125' title='bbox 1232 1013 1306 1068; x_wconf 77' lang='grc' dir='ltr'>τὴν</span> <span class='ocrx_word' id='word_1_126' title='bbox 1325 1017 1407 1055; x_wconf 82' lang='grc' dir='ltr'>τῶν</span> <span class='ocrx_word' id='word_1_127' title='bbox 1425 1009 1583 1055; x_wconf 82' lang='grc' dir='ltr'><strong><em>τούτων</em></strong></span> <span class='ocrx_word' id='word_1_128' title='bbox 1608 1010 1675 1054; x_wconf 81' lang='grc' dir='ltr'><strong><em>κε’-</em></strong></span> 
     </span>
     <span class='ocr_line' id='line_1_14' title="bbox 208 1078 1676 1138; baseline -0.001 -14"><span class='ocrx_word' id='word_1_129' title='bbox 208 1085 344 1124; x_wconf 85' lang='grc' dir='ltr'><strong><em>λευσιν</em></strong></span> <span class='ocrx_word' id='word_1_130' title='bbox 375 1079 641 1135; x_wconf 77' lang='grc' dir='ltr'><strong><em>ἐκδεχόμεθα.</em></strong></span> <span class='ocrx_word' id='word_1_131' title='bbox 714 1082 874 1138; x_wconf 68' lang='grc' dir='ltr'><strong><em>ἕτερον,</em></strong></span> <span class='ocrx_word' id='word_1_132' title='bbox 911 1084 946 1125; x_wconf 83' lang='grc' dir='ltr'><strong><em>εἷ</em></strong></span> <span class='ocrx_word' id='word_1_133' title='bbox 966 1084 1033 1124; x_wconf 87' lang='grc' dir='ltr'>καὶ</span> <span class='ocrx_word' id='word_1_134' title='bbox 1054 1079 1194 1125; x_wconf 80' lang='grc' dir='ltr'><strong><em>ὅποΐόν</em></strong></span> <span class='ocrx_word' id='word_1_135' title='bbox 1215 1082 1323 1125; x_wconf 80' lang='grc' dir='ltr'><strong><em>ε’στιν</em></strong></span> <span class='ocrx_word' id='word_1_136' title='bbox 1343 1078 1516 1124; x_wconf 67' lang='grc' dir='ltr'><strong><em>ἑκάστου</em></strong></span> <span class='ocrx_word' id='word_1_137' title='bbox 1535 1079 1583 1123; x_wconf 82' lang='grc' dir='ltr'>τὸ</span> <span class='ocrx_word' id='word_1_138' title='bbox 1606 1079 1676 1136; x_wconf 71' lang='grc' dir='ltr'><strong><em>ἴρ-</em></strong></span> 
     </span>
     <span class='ocr_line' id='line_1_15' title="bbox 209 1145 1674 1208; baseline -0.001 -15"><span class='ocrx_word' id='word_1_139' title='bbox 209 1167 282 1207; x_wconf 85' lang='grc' dir='ltr'>γον</span> <span class='ocrx_word' id='word_1_140' title='bbox 312 1154 362 1207; x_wconf 86' lang='grc' dir='ltr'>τῇ</span> <span class='ocrx_word' id='word_1_141' title='bbox 388 1147 520 1208; x_wconf 71' lang='grc' dir='ltr'><strong><em>ἡμέρα</em></strong></span> <span class='ocrx_word' id='word_1_142' title='bbox 549 1151 676 1206; x_wconf 80' lang='grc' dir='ltr'><strong><em>ἐκείνῃ</em></strong></span> <span class='ocrx_word' id='word_1_143' title='bbox 698 1152 918 1205; x_wconf 88' lang='grc' dir='ltr'><strong><em>δηλοῦται,</em></strong></span> <span class='ocrx_word' id='word_1_144' title='bbox 949 1147 1071 1207; x_wconf 74' lang='grc' dir='ltr'><strong><em>χάριν</em></strong></span> <span class='ocrx_word' id='word_1_145' title='bbox 1090 1156 1164 1206; x_wconf 78' lang='grc' dir='ltr'>τῆς</span> <span class='ocrx_word' id='word_1_146' title='bbox 1185 1151 1420 1207; x_wconf 76' lang='grc' dir='ltr'><strong><em>δυσφημίας</em></strong></span> <span class='ocrx_word' id='word_1_147' title='bbox 1438 1148 1490 1204; x_wconf 76' lang='grc' dir='ltr'><strong><em>ἣν</em></strong></span> <span class='ocrx_word' id='word_1_148' title='bbox 1507 1145 1674 1204; x_wconf 81' lang='grc' dir='ltr'><strong><em>ἐξήμεσε</em></strong></span> 
     </span>
     <span class='ocr_line' id='line_1_16' title="bbox 158 1215 1729 1278; baseline 0.001 -20"><span class='ocrx_word' id='word_1_149' title='bbox 158 1223 189 1258; x_wconf 90' lang='grc' dir='ltr'><strong><em>Β</em></strong></span> <span class='ocrx_word' id='word_1_150' title='bbox 213 1218 318 1262; x_wconf 72' lang='grc' dir='ltr'><strong><em>καθ’</em></strong></span> <span class='ocrx_word' id='word_1_151' title='bbox 351 1217 470 1273; x_wconf 74' lang='grc' dir='ltr'><strong><em>ἡμῶν</em></strong></span> <span class='ocrx_word' id='word_1_152' title='bbox 498 1216 519 1261; x_wconf 83' lang='grc' dir='ltr'>ὅ</span> <span class='ocrx_word' id='word_1_153' title='bbox 550 1216 744 1272; x_wconf 77' lang='grc' dir='ltr'><strong><em>διάβολος</em></strong></span> <span class='ocrx_word' id='word_1_154' title='bbox 775 1219 954 1274; x_wconf 81' lang='grc' dir='ltr'><strong><em>λέγομεν.</em></strong></span> <span class='ocrx_word' id='word_1_155' title='bbox 1025 1221 1059 1262; x_wconf 83' lang='grc' dir='ltr'><strong><em>εἲ</em></strong></span> <span class='ocrx_word' id='word_1_156' title='bbox 1081 1217 1250 1262; x_wconf 82' lang='grc' dir='ltr'><strong><em>σύνοιδα</em></strong></span> <span class='ocrx_word' id='word_1_157' title='bbox 1273 1220 1437 1278; x_wconf 77' lang='grc' dir='ltr'><strong><em>ἐμαυτῷ</em></strong></span> <span class='ocrx_word' id='word_1_158' title='bbox 1460 1219 1627 1278; x_wconf 74' lang='grc' dir='ltr'><strong><em>πορνείᾳ</em></strong></span> <span class='ocrx_word' id='word_1_159' title='bbox 1646 1215 1729 1272; x_wconf 81' lang='grc' dir='ltr'>ἢ15</span> 
     </span>
     <span class='ocr_line' id='line_1_17' title="bbox 209 1284 1674 1347; baseline -0.001 -17"><span class='ocrx_word' id='word_1_160' title='bbox 209 1287 370 1347; x_wconf 69' lang='grc' dir='ltr'><strong><em>μοιχείᾳ</em></strong></span> <span class='ocrx_word' id='word_1_161' title='bbox 397 1286 422 1342; x_wconf 78' lang='grc' dir='ltr'>ἢ</span> <span class='ocrx_word' id='word_1_162' title='bbox 456 1286 731 1347; x_wconf 69' lang='grc' dir='ltr'><strong><em>ἀρρενομανίᾳ</em></strong></span> <span class='ocrx_word' id='word_1_163' title='bbox 765 1286 1005 1340; x_wconf 71' lang='grc' dir='ltr'><strong><em>ἑαλωκέναι,</em></strong></span> <span class='ocrx_word' id='word_1_164' title='bbox 1048 1290 1115 1331; x_wconf 79' lang='grc' dir='ltr'>καὶ</span> <span class='ocrx_word' id='word_1_165' title='bbox 1145 1288 1176 1331; x_wconf 77' lang='grc' dir='ltr'><strong><em>εἶ</em></strong></span> <span class='ocrx_word' id='word_1_166' title='bbox 1209 1285 1418 1345; x_wconf 75' lang='grc' dir='ltr'><strong><em>ἐφρόνησα</em></strong></span> <span class='ocrx_word' id='word_1_167' title='bbox 1453 1284 1617 1330; x_wconf 80' lang='grc' dir='ltr'><strong><em>πώποτε</em></strong></span> <span class='ocrx_word' id='word_1_168' title='bbox 1646 1285 1674 1342; x_wconf 83' lang='grc' dir='ltr'>ἢ</span> 
     </span>
     <span class='ocr_line' id='line_1_18' title="bbox 212 1353 1675 1417; baseline -0.001 -18"><span class='ocrx_word' id='word_1_169' title='bbox 212 1354 407 1414; x_wconf 76' lang='grc' dir='ltr'><strong><em>φρονήσω</em></strong></span> <span class='ocrx_word' id='word_1_170' title='bbox 433 1353 649 1412; x_wconf 82' lang='grc' dir='ltr'><strong><em>ἀλλότριον</em></strong></span> <span class='ocrx_word' id='word_1_171' title='bbox 673 1354 866 1413; x_wconf 86' lang='grc' dir='ltr'><strong><em>φρόνημα</em></strong></span> <span class='ocrx_word' id='word_1_172' title='bbox 885 1359 952 1399; x_wconf 81' lang='grc' dir='ltr'>καὶ</span> <span class='ocrx_word' id='word_1_173' title='bbox 972 1356 1133 1417; x_wconf 77' lang='grc' dir='ltr'><strong><em>ἀπᾷδον</em></strong></span> <span class='ocrx_word' id='word_1_174' title='bbox 1155 1361 1229 1412; x_wconf 78' lang='grc' dir='ltr'>τῆς</span> <span class='ocrx_word' id='word_1_175' title='bbox 1251 1357 1465 1413; x_wconf 75' lang='grc' dir='ltr'><strong><em>ἐκκλησίας</em></strong></span> <span class='ocrx_word' id='word_1_176' title='bbox 1484 1359 1675 1411; x_wconf 84' lang='grc' dir='ltr'><strong><em>Χριστοῦ</em></strong></span> 
     </span>
     <span class='ocr_line' id='line_1_19' title="bbox 211 1424 1675 1482; baseline -0.002 -14"><span class='ocrx_word' id='word_1_177' title='bbox 211 1430 286 1468; x_wconf 87' lang='grc' dir='ltr'>τοῦ</span> <span class='ocrx_word' id='word_1_178' title='bbox 317 1429 421 1467; x_wconf 86' lang='grc' dir='ltr'><strong><em>θεοῦ</em></strong></span> <span class='ocrx_word' id='word_1_179' title='bbox 446 1426 513 1466; x_wconf 86' lang='grc' dir='ltr'>καὶ</span> <span class='ocrx_word' id='word_1_180' title='bbox 545 1426 686 1481; x_wconf 85' lang='grc' dir='ltr'><strong><em>κυρίου</em></strong></span> <span class='ocrx_word' id='word_1_181' title='bbox 713 1443 818 1480; x_wconf 90' lang='grc' dir='ltr'><strong><em>μου,</em></strong></span> <span class='ocrx_word' id='word_1_182' title='bbox 855 1428 922 1469; x_wconf 82' lang='grc' dir='ltr'>καὶ</span> <span class='ocrx_word' id='word_1_183' title='bbox 951 1428 985 1469; x_wconf 79' lang='grc' dir='ltr'><strong><em>εἴ</em></strong></span> <span class='ocrx_word' id='word_1_184' title='bbox 1014 1425 1073 1480; x_wconf 89' lang='grc' dir='ltr'><strong><em>μὴ</em></strong></span> <span class='ocrx_word' id='word_1_185' title='bbox 1107 1424 1162 1476; x_wconf 81' lang='grc' dir='ltr'><strong><em>ὥς</em></strong></span> <span class='ocrx_word' id='word_1_186' title='bbox 1193 1426 1232 1468; x_wconf 80' lang='grc' dir='ltr'><strong><em>οἶ</em></strong></span> <span class='ocrx_word' id='word_1_187' title='bbox 1259 1424 1366 1482; x_wconf 79' lang='grc' dir='ltr'><strong><em>ἅγιοι</em></strong></span> <span class='ocrx_word' id='word_1_188' title='bbox 1396 1425 1587 1480; x_wconf 82' lang='grc' dir='ltr'><strong><em>μαθηταὶ</em></strong></span> <span class='ocrx_word' id='word_1_189' title='bbox 1607 1424 1675 1466; x_wconf 81' lang='grc' dir='ltr'>καὶ</span> 
     </span>
     <span class='ocr_line' id='line_1_20' title="bbox 211 1489 1676 1551; baseline -0.001 -14"><span class='ocrx_word' id='word_1_190' title='bbox 211 1491 435 1537; x_wconf 76' lang='grc' dir='ltr'><strong><em>ἀπόστολοι</em></strong></span> <span class='ocrx_word' id='word_1_191' title='bbox 462 1491 612 1536; x_wconf 83' lang='grc' dir='ltr'><strong><em>τούτου</em></strong></span> <span class='ocrx_word' id='word_1_192' title='bbox 640 1492 955 1551; x_wconf 81' lang='grc' dir='ltr'><strong><em>παραδεδώκασι</em></strong></span> <span class='ocrx_word' id='word_1_193' title='bbox 978 1497 1045 1537; x_wconf 81' lang='grc' dir='ltr'>καὶ</span> <span class='ocrx_word' id='word_1_194' title='bbox 1067 1495 1105 1537; x_wconf 77' lang='grc' dir='ltr'><strong><em>οἳ</em></strong></span> <span class='ocrx_word' id='word_1_195' title='bbox 1127 1492 1312 1550; x_wconf 81' lang='grc' dir='ltr'><strong><em>διάδοχοι</em></strong></span> <span class='ocrx_word' id='word_1_196' title='bbox 1339 1491 1496 1537; x_wconf 79' lang='grc' dir='ltr'><strong><em>τούτων</em></strong></span> <span class='ocrx_word' id='word_1_197' title='bbox 1516 1489 1676 1550; x_wconf 82' lang='grc' dir='ltr'><strong><em>θεοφό-</em></strong></span> 
     </span>
     <span class='ocr_line' id='line_1_21' title="bbox 209 1559 1732 1620; baseline 0 -15"><span class='ocrx_word' id='word_1_198' title='bbox 209 1580 274 1620; x_wconf 92' lang='grc' dir='ltr'>ροι</span> <span class='ocrx_word' id='word_1_199' title='bbox 305 1561 498 1619; x_wconf 86' lang='grc' dir='ltr'><strong><em>πατέρες,</em></strong></span> <span class='ocrx_word' id='word_1_200' title='bbox 535 1564 673 1613; x_wconf 83' lang='grc' dir='ltr'><strong><em>ἲδικῶς</em></strong></span> <span class='ocrx_word' id='word_1_201' title='bbox 704 1564 771 1606; x_wconf 80' lang='grc' dir='ltr'>καὶ</span> <span class='ocrx_word' id='word_1_202' title='bbox 803 1566 1047 1616; x_wconf 84' lang='grc' dir='ltr'><strong><em>συνοδικῶς,</em></strong></span> <span class='ocrx_word' id='word_1_203' title='bbox 1085 1565 1151 1606; x_wconf 80' lang='grc' dir='ltr'>καὶ</span> <span class='ocrx_word' id='word_1_204' title='bbox 1174 1565 1208 1606; x_wconf 79' lang='grc' dir='ltr'><strong><em>εἴ</em></strong></span> <span class='ocrx_word' id='word_1_205' title='bbox 1227 1564 1286 1619; x_wconf 85' lang='grc' dir='ltr'><strong><em>μὴ</em></strong></span> <span class='ocrx_word' id='word_1_206' title='bbox 1309 1562 1420 1606; x_wconf 82' lang='grc' dir='ltr'><strong><em>ἅπαν</em></strong></span> <span class='ocrx_word' id='word_1_207' title='bbox 1439 1559 1732 1619; x_wconf 66' lang='grc' dir='ltr'><strong><em>ἓτερόδοξονὲο</em></strong></span> 
     </span>
     <span class='ocr_line' id='line_1_22' title="bbox 208 1629 1676 1690; baseline -0.002 -15"><span class='ocrx_word' id='word_1_208' title='bbox 208 1629 419 1690; x_wconf 86' lang='grc' dir='ltr'><strong><em>φρόνημα,</em></strong></span> <span class='ocrx_word' id='word_1_209' title='bbox 456 1629 478 1673; x_wconf 82' lang='grc' dir='ltr'>ὃ</span> <span class='ocrx_word' id='word_1_210' title='bbox 495 1631 552 1686; x_wconf 85' lang='grc' dir='ltr'><strong><em>μὴ</em></strong></span> <span class='ocrx_word' id='word_1_211' title='bbox 573 1632 778 1689; x_wconf 80' lang='grc' dir='ltr'><strong><em>παρέλαβε</em></strong></span> <span class='ocrx_word' id='word_1_212' title='bbox 799 1634 868 1675; x_wconf 84' lang='grc' dir='ltr'>καὶ</span> <span class='ocrx_word' id='word_1_213' title='bbox 889 1640 1032 1690; x_wconf 85' lang='grc' dir='ltr'><strong><em>κρατεῖ</em></strong></span> <span class='ocrx_word' id='word_1_214' title='bbox 1044 1630 1069 1688; x_wconf 76' lang='grc' dir='ltr'><strong><em>ἦ</em></strong></span> <span class='ocrx_word' id='word_1_215' title='bbox 1091 1633 1280 1687; x_wconf 82' lang='grc' dir='ltr'><strong><em>ἐκκλησία</em></strong></span> <span class='ocrx_word' id='word_1_216' title='bbox 1299 1635 1504 1689; x_wconf 86' lang='grc' dir='ltr'><strong><em>Χριστοῦ,</em></strong></span> <span class='ocrx_word' id='word_1_217' title='bbox 1537 1647 1676 1688; x_wconf 88' lang='grc' dir='ltr'><strong><em>παρα-</em></strong></span> 
     </span>
    </p>
   </div>
   <div class='ocr_carea' id='block_1_3' title="bbox 300 1737 1683 1823">
    <p class='ocr_par' dir='ltr' id='par_1_3' title="bbox 300 1737 1683 1823">
     <span class='ocr_line' id='line_1_23' title="bbox 301 1737 1676 1822; baseline -0.001 -46"><span class='ocrx_word' id='word_1_218' title='bbox 301 1737 592 1822; x_wconf 44' lang='grc' dir='ltr'><strong><em>Ίὸδιφέιήσαμεν</em></strong></span> <span class='ocrx_word' id='word_1_219' title='bbox 616 1738 736 1784; x_wconf 68' lang='grc' dir='ltr'><strong><em>οὕτως</em></strong></span> <span class='ocrx_word' id='word_1_220' title='bbox 760 1739 811 1784; x_wconf 82' lang='grc' dir='ltr'><strong><em>ὥς</em></strong></span> <span class='ocrx_word' id='word_1_221' title='bbox 834 1740 895 1777; x_wconf 61' lang='lat' dir='ltr'>ou?</span> <span class='ocrx_word' id='word_1_222' title='bbox 1045 1742 1098 1778; x_wconf 75' lang='lat'>12.</span> <span class='ocrx_word' id='word_1_223' title='bbox 1123 1741 1222 1787; x_wconf 72' lang='grc' dir='ltr'><strong><em>τῶν]</em></strong></span> <span class='ocrx_word' id='word_1_224' title='bbox 1247 1738 1315 1776; x_wconf 55' lang='lat' dir='ltr'>gu?</span> <span class='ocrx_word' id='word_1_225' title='bbox 1461 1739 1515 1775; x_wconf 84' lang='lat'>14.</span> <span class='ocrx_word' id='word_1_226' title='bbox 1540 1739 1676 1785; x_wconf 63' lang='grc' dir='ltr'><strong><em>δηλοῦν</em></strong></span> 
     </span>
     <span class='ocr_line' id='line_1_24' title="bbox 300 1798 1683 1823; baseline -0.01 0"><span class='ocrx_word' id='word_1_227' title='bbox 300 1798 321 1823; x_wconf 81' lang='lat' dir='ltr'>o</span> <span class='ocrx_word' id='word_1_228' title='bbox 356 1800 394 1822; x_wconf 86' lang='grc' dir='ltr'>αι</span> <span class='ocrx_word' id='word_1_229' title='bbox 448 1812 457 1822; x_wconf 91' lang='grc'><strong>.</strong></span> <span class='ocrx_word' id='word_1_230' title='bbox 1680 1802 1683 1809; x_wconf 77' lang='grc'>,</span> 
     </span>
    </p>
   </div>
   <div class='ocr_carea' id='block_1_4' title="bbox 209 1875 1678 2845">
    <p class='ocr_par' dir='ltr' id='par_1_4' title="bbox 209 1875 1678 2845">
     <span class='ocr_line' id='line_1_25' title="bbox 209 1875 1677 1923; baseline -0.003 -8"><span class='ocrx_word' id='word_1_231' title='bbox 209 1878 335 1915; x_wconf 86' lang='lat' dir='ltr'>domini</span> <span class='ocrx_word' id='word_1_232' title='bbox 357 1878 434 1914; x_wconf 90' lang='lat' dir='ltr'>mei.</span> <span class='ocrx_word' id='word_1_233' title='bbox 481 1878 535 1914; x_wconf 83' lang='lat' dir='ltr'>siu</span> <span class='ocrx_word' id='word_1_234' title='bbox 558 1891 611 1913; x_wconf 91' lang='lat' dir='ltr'>me</span> <span class='ocrx_word' id='word_1_235' title='bbox 633 1883 728 1914; x_wconf 88' lang='lat' dir='ltr'>recte</span> <span class='ocrx_word' id='word_1_236' title='bbox 751 1891 793 1914; x_wconf 85' lang='lat' dir='ltr'>ac</span> <span class='ocrx_word' id='word_1_237' title='bbox 816 1879 963 1914; x_wconf 86' lang='lat' dir='ltr'>fideliter</span> <span class='ocrx_word' id='word_1_238' title='bbox 993 1878 1199 1914; x_wconf 87' lang='lat' dir='ltr'>servientem</span> <span class='ocrx_word' id='word_1_239' title='bbox 1223 1880 1258 1912; x_wconf 86' lang='lat' dir='ltr'>et</span> <span class='ocrx_word' id='word_1_240' title='bbox 1280 1876 1488 1923; x_wconf 86' lang='lat' dir='ltr'>sapientem,</span> <span class='ocrx_word' id='word_1_241' title='bbox 1519 1875 1677 1911; x_wconf 85' lang='lat' dir='ltr'>reiicien-</span> 
     </span>
     <span class='ocr_line' id='line_1_26' title="bbox 209 1923 1674 1972; baseline -0.002 -12"><span class='ocrx_word' id='word_1_242' title='bbox 209 1930 346 1971; x_wconf 81' lang='lat' dir='ltr'><strong>temque</strong></span> <span class='ocrx_word' id='word_1_243' title='bbox 370 1937 410 1959; x_wconf 90' lang='lat' dir='ltr'>ac</span> <span class='ocrx_word' id='word_1_244' title='bbox 432 1927 671 1971; x_wconf 85' lang='lat' dir='ltr'>reprobantem</span> <span class='ocrx_word' id='word_1_245' title='bbox 693 1938 735 1960; x_wconf 85' lang='lat' dir='ltr'>ex</span> <span class='ocrx_word' id='word_1_246' title='bbox 759 1926 867 1960; x_wconf 88' lang='lat' dir='ltr'>animo</span> <span class='ocrx_word' id='word_1_247' title='bbox 892 1925 983 1972; x_wconf 87' lang='lat' dir='ltr'>quod</span> <span class='ocrx_word' id='word_1_248' title='bbox 1006 1937 1071 1959; x_wconf 91' lang='lat' dir='ltr'>non</span> <span class='ocrx_word' id='word_1_249' title='bbox 1095 1925 1202 1959; x_wconf 87' lang='lat' dir='ltr'>sentit</span> <span class='ocrx_word' id='word_1_250' title='bbox 1227 1924 1372 1959; x_wconf 85' lang='lat' dir='ltr'>ecclesia</span> <span class='ocrx_word' id='word_1_251' title='bbox 1394 1935 1506 1969; x_wconf 88' lang='lat' dir='ltr'>neque</span> <span class='ocrx_word' id='word_1_252' title='bbox 1529 1923 1674 1968; x_wconf 78' lang='lat' dir='ltr'>accepit,</span> 
     </span>
     <span class='ocr_line' id='line_1_27' title="bbox 210 1970 1678 2017; baseline -0.002 -11"><span class='ocrx_word' id='word_1_253' title='bbox 210 1971 406 2006; x_wconf 83' lang='lat' dir='ltr'>calumniari</span> <span class='ocrx_word' id='word_1_254' title='bbox 429 1984 495 2005; x_wconf 93' lang='lat' dir='ltr'>non</span> <span class='ocrx_word' id='word_1_255' title='bbox 518 1972 722 2006; x_wconf 89' lang='lat' dir='ltr'>horruerunt</span> <span class='ocrx_word' id='word_1_256' title='bbox 743 1972 877 2017; x_wconf 79' lang='lat' dir='ltr'><strong>linguae</strong></span> <span class='ocrx_word' id='word_1_257' title='bbox 909 1972 1030 2005; x_wconf 80' lang='lat' dir='ltr'>doctae</span> <span class='ocrx_word' id='word_1_258' title='bbox 1056 1972 1276 2013; x_wconf 82' lang='lat' dir='ltr'>maledicere,</span> <span class='ocrx_word' id='word_1_259' title='bbox 1310 1970 1510 2016; x_wconf 84' lang='lat' dir='ltr'>quicumque</span> <span class='ocrx_word' id='word_1_260' title='bbox 1532 1973 1569 2004; x_wconf 77' lang='lat' dir='ltr'>et</span> <span class='ocrx_word' id='word_1_261' title='bbox 1590 1980 1678 2014; x_wconf 80' lang='lat' dir='ltr'>qua-</span> 
     </span>
     <span class='ocr_line' id='line_1_28' title="bbox 209 2015 1678 2064; baseline -0.001 -13"><span class='ocrx_word' id='word_1_262' title='bbox 209 2017 403 2062; x_wconf 88' lang='lat' dir='ltr'>lescumque</span> <span class='ocrx_word' id='word_1_263' title='bbox 434 2018 580 2060; x_wconf 84' lang='lat' dir='ltr'>fuerint,</span> <span class='ocrx_word' id='word_1_264' title='bbox 614 2019 722 2053; x_wconf 86' lang='lat' dir='ltr'>habeo</span> <span class='ocrx_word' id='word_1_265' title='bbox 753 2018 868 2064; x_wconf 85' lang='lat' dir='ltr'>ipsos,</span> <span class='ocrx_word' id='word_1_266' title='bbox 901 2018 997 2052; x_wconf 83' lang='lat' dir='ltr'>iuxta</span> <span class='ocrx_word' id='word_1_267' title='bbox 1020 2029 1203 2060; x_wconf 87' lang='lat' dir='ltr'>canonem,</span> <span class='ocrx_word' id='word_1_268' title='bbox 1240 2028 1302 2062; x_wconf 87' lang='lat' dir='ltr'>pro</span> <span class='ocrx_word' id='word_1_269' title='bbox 1326 2015 1515 2062; x_wconf 79' lang='lat' dir='ltr'>segregatis</span> <span class='ocrx_word' id='word_1_270' title='bbox 1537 2027 1559 2050; x_wconf 87' lang='lat' dir='ltr'>a.</span> <span class='ocrx_word' id='word_1_271' title='bbox 1580 2015 1678 2050; x_wconf 79' lang='lat' dir='ltr'>vitae</span> 
     </span>
     <span class='ocr_line' id='line_1_29' title="bbox 211 2061 1677 2110; baseline -0.002 -12"><span class='ocrx_word' id='word_1_272' title='bbox 211 2068 351 2098; x_wconf 86' lang='lat' dir='ltr'>auctore</span> <span class='ocrx_word' id='word_1_273' title='bbox 373 2063 539 2098; x_wconf 86' lang='lat' dir='ltr'>trinitate.</span> <span class='ocrx_word' id='word_1_274' title='bbox 585 2065 741 2110; x_wconf 89' lang='lat' dir='ltr'>quoniam</span> <span class='ocrx_word' id='word_1_275' title='bbox 762 2075 845 2098; x_wconf 89' lang='lat' dir='ltr'>vero</span> <span class='ocrx_word' id='word_1_276' title='bbox 869 2064 1002 2106; x_wconf 84' lang='lat' dir='ltr'>coacti,</span> <span class='ocrx_word' id='word_1_277' title='bbox 1034 2064 1168 2098; x_wconf 90' lang='lat' dir='ltr'>minime</span> <span class='ocrx_word' id='word_1_278' title='bbox 1191 2069 1303 2097; x_wconf 88' lang='lat' dir='ltr'>autem</span> <span class='ocrx_word' id='word_1_279' title='bbox 1326 2074 1388 2097; x_wconf 86' lang='lat' dir='ltr'>nos</span> <span class='ocrx_word' id='word_1_280' title='bbox 1410 2062 1503 2107; x_wconf 84' lang='lat' dir='ltr'>ipsos</span> <span class='ocrx_word' id='word_1_281' title='bbox 1527 2073 1588 2106; x_wconf 87' lang='lat' dir='ltr'>per</span> <span class='ocrx_word' id='word_1_282' title='bbox 1610 2061 1677 2096; x_wconf 86' lang='lat' dir='ltr'>vim</span> 
     </span>
     <span class='ocr_line' id='line_1_30' title="bbox 212 2107 1678 2155; baseline -0.002 -12"><span class='ocrx_word' id='word_1_283' title='bbox 212 2109 438 2152; x_wconf 78' lang='lat' dir='ltr'>intrudentes,</span> <span class='ocrx_word' id='word_1_284' title='bbox 463 2109 618 2154; x_wconf 83' lang='lat' dir='ltr'>regimini</span> <span class='ocrx_word' id='word_1_285' title='bbox 643 2110 807 2145; x_wconf 83' lang='lat' dir='ltr'>ecclesiae</span> <span class='ocrx_word' id='word_1_286' title='bbox 830 2121 943 2144; x_wconf 85' lang='lat' dir='ltr'>sumus</span> <span class='ocrx_word' id='word_1_287' title='bbox 965 2110 1114 2155; x_wconf 78' lang='lat' dir='ltr'>impositi</span> <span class='ocrx_word' id='word_1_288' title='bbox 1138 2122 1200 2155; x_wconf 87' lang='lat' dir='ltr'>spe</span> <span class='ocrx_word' id='word_1_289' title='bbox 1223 2110 1318 2155; x_wconf 84' lang='lat' dir='ltr'>pacis</span> <span class='ocrx_word' id='word_1_290' title='bbox 1343 2114 1379 2142; x_wconf 90' lang='lat' dir='ltr'>et</span> <span class='ocrx_word' id='word_1_291' title='bbox 1401 2107 1565 2142; x_wconf 76' lang='lat' dir='ltr'>utilitatis</span> <span class='ocrx_word' id='word_1_292' title='bbox 1584 2118 1678 2141; x_wconf 80' lang='lat' dir='ltr'>com-</span> 
     </span>
     <span class='ocr_line' id='line_1_31' title="bbox 211 2153 1678 2201; baseline -0.002 -12"><span class='ocrx_word' id='word_1_293' title='bbox 211 2154 342 2197; x_wconf 82' lang='lat' dir='ltr'>munis,</span> <span class='ocrx_word' id='word_1_294' title='bbox 377 2166 442 2188; x_wconf 93' lang='lat' dir='ltr'>non</span> <span class='ocrx_word' id='word_1_295' title='bbox 476 2156 640 2190; x_wconf 88' lang='lat' dir='ltr'>successit</span> <span class='ocrx_word' id='word_1_296' title='bbox 671 2163 784 2191; x_wconf 90' lang='lat' dir='ltr'>autem</span> <span class='ocrx_word' id='word_1_297' title='bbox 818 2156 998 2190; x_wconf 89' lang='lat' dir='ltr'>secundum</span> <span class='ocrx_word' id='word_1_298' title='bbox 1030 2167 1124 2201; x_wconf 88' lang='lat' dir='ltr'>spem</span> <span class='ocrx_word' id='word_1_299' title='bbox 1151 2161 1312 2201; x_wconf 77' lang='lat' dir='ltr'>quantum</span> <span class='ocrx_word' id='word_1_300' title='bbox 1333 2154 1371 2188; x_wconf 89' lang='lat' dir='ltr'>in</span> <span class='ocrx_word' id='word_1_301' title='bbox 1394 2166 1436 2188; x_wconf 91' lang='lat' dir='ltr'>ea</span> <span class='ocrx_word' id='word_1_302' title='bbox 1460 2153 1678 2188; x_wconf 81' lang='lat' dir='ltr'>administra-</span> 
     </span>
     <span class='ocr_line' id='line_1_32' title="bbox 212 2197 1677 2247; baseline -0.001 -13"><span class='ocrx_word' id='word_1_303' title='bbox 212 2201 306 2235; x_wconf 81' lang='lat' dir='ltr'>tione</span> <span class='ocrx_word' id='word_1_304' title='bbox 328 2201 502 2244; x_wconf 79' lang='lat' dir='ltr'>gessimus.</span> <span class='ocrx_word' id='word_1_305' title='bbox 548 2202 632 2235; x_wconf 88' lang='lat' dir='ltr'>nihil</span> <span class='ocrx_word' id='word_1_306' title='bbox 655 2209 767 2237; x_wconf 90' lang='lat' dir='ltr'>autem</span> <span class='ocrx_word' id='word_1_307' title='bbox 792 2203 956 2247; x_wconf 80' lang='lat' dir='ltr'>gessimus</span> <span class='ocrx_word' id='word_1_308' title='bbox 980 2203 1104 2246; x_wconf 86' lang='lat' dir='ltr'>(testis</span> <span class='ocrx_word' id='word_1_309' title='bbox 1121 2203 1165 2237; x_wconf 91' lang='lat' dir='ltr'>sit</span> <span class='ocrx_word' id='word_1_310' title='bbox 1183 2203 1293 2246; x_wconf 90' lang='lat' dir='ltr'>deus)</span> <span class='ocrx_word' id='word_1_311' title='bbox 1317 2200 1381 2234; x_wconf 90' lang='lat' dir='ltr'>nisi</span> <span class='ocrx_word' id='word_1_312' title='bbox 1403 2199 1494 2246; x_wconf 89' lang='lat' dir='ltr'>quod</span> <span class='ocrx_word' id='word_1_313' title='bbox 1516 2197 1677 2243; x_wconf 81' lang='lat' dir='ltr'>expedire</span> 
     </span>
     <span class='ocr_line' id='line_1_33' title="bbox 213 2243 1675 2294; baseline -0.001 -13"><span class='ocrx_word' id='word_1_314' title='bbox 213 2246 313 2281; x_wconf 86' lang='lat' dir='ltr'>nobis</span> <span class='ocrx_word' id='word_1_315' title='bbox 346 2247 457 2280; x_wconf 84' lang='lat' dir='ltr'>visum</span> <span class='ocrx_word' id='word_1_316' title='bbox 490 2251 560 2291; x_wconf 88' lang='lat' dir='ltr'>est,</span> <span class='ocrx_word' id='word_1_317' title='bbox 598 2251 633 2281; x_wconf 90' lang='lat' dir='ltr'>et</span> <span class='ocrx_word' id='word_1_318' title='bbox 665 2249 755 2294; x_wconf 92' lang='lat' dir='ltr'>quod</span> <span class='ocrx_word' id='word_1_319' title='bbox 786 2260 852 2283; x_wconf 89' lang='lat' dir='ltr'>non</span> <span class='ocrx_word' id='word_1_320' title='bbox 885 2252 922 2282; x_wconf 88' lang='lat' dir='ltr'>ut</span> <span class='ocrx_word' id='word_1_321' title='bbox 956 2248 1075 2282; x_wconf 88' lang='lat' dir='ltr'>malum</span> <span class='ocrx_word' id='word_1_322' title='bbox 1103 2249 1163 2283; x_wconf 84' lang='lat' dir='ltr'>sed</span> <span class='ocrx_word' id='word_1_323' title='bbox 1196 2251 1234 2282; x_wconf 86' lang='lat' dir='ltr'>ut</span> <span class='ocrx_word' id='word_1_324' title='bbox 1255 2248 1379 2281; x_wconf 90' lang='lat' dir='ltr'>decens</span> <span class='ocrx_word' id='word_1_325' title='bbox 1401 2257 1422 2280; x_wconf 84' lang='lat' dir='ltr'>a</span> <span class='ocrx_word' id='word_1_326' title='bbox 1445 2243 1543 2279; x_wconf 87' lang='lat' dir='ltr'>nobis</span> <span class='ocrx_word' id='word_1_327' title='bbox 1562 2243 1675 2279; x_wconf 77' lang='lat' dir='ltr'>fieret.</span> 
     </span>
     <span class='ocr_line' id='line_1_34' title="bbox 214 2289 1676 2338; baseline -0.003 -11"><span class='ocrx_word' id='word_1_328' title='bbox 214 2298 387 2327; x_wconf 83' lang='lat' dir='ltr'>caeterum</span> <span class='ocrx_word' id='word_1_329' title='bbox 410 2303 451 2326; x_wconf 85' lang='lat' dir='ltr'>an</span> <span class='ocrx_word' id='word_1_330' title='bbox 475 2304 542 2338; x_wconf 85' lang='lat' dir='ltr'>qua</span> <span class='ocrx_word' id='word_1_331' title='bbox 565 2305 722 2328; x_wconf 86' lang='lat' dir='ltr'>mensura</span> <span class='ocrx_word' id='word_1_332' title='bbox 744 2295 849 2329; x_wconf 81' lang='lat' dir='ltr'>mensi</span> <span class='ocrx_word' id='word_1_333' title='bbox 872 2306 1002 2336; x_wconf 90' lang='lat' dir='ltr'>sumus,</span> <span class='ocrx_word' id='word_1_334' title='bbox 1026 2295 1146 2328; x_wconf 84' lang='lat' dir='ltr'>eadem</span> <span class='ocrx_word' id='word_1_335' title='bbox 1164 2293 1362 2328; x_wconf 77' lang='lat' dir='ltr'>remetiatur</span> <span class='ocrx_word' id='word_1_336' title='bbox 1377 2290 1493 2332; x_wconf 86' lang='lat' dir='ltr'>nobis,</span> <span class='ocrx_word' id='word_1_337' title='bbox 1517 2289 1676 2324; x_wconf 81' lang='lat' dir='ltr'>iudicium</span> 
     </span>
     <span class='ocr_line' id='line_1_35' title="bbox 214 2335 1676 2385; baseline -0.003 -12"><span class='ocrx_word' id='word_1_338' title='bbox 214 2337 356 2373; x_wconf 80' lang='lat' dir='ltr'>arbitrio</span> <span class='ocrx_word' id='word_1_339' title='bbox 391 2339 499 2372; x_wconf 85' lang='lat' dir='ltr'>sancti</span> <span class='ocrx_word' id='word_1_340' title='bbox 528 2338 741 2383; x_wconf 85' lang='lat' dir='ltr'>imperatoris</span> <span class='ocrx_word' id='word_1_341' title='bbox 772 2345 808 2374; x_wconf 87' lang='lat' dir='ltr'>et</span> <span class='ocrx_word' id='word_1_342' title='bbox 838 2341 1073 2385; x_wconf 88' lang='lat' dir='ltr'>episcoporum</span> <span class='ocrx_word' id='word_1_343' title='bbox 1105 2351 1219 2374; x_wconf 87' lang='lat' dir='ltr'>coram</span> <span class='ocrx_word' id='word_1_344' title='bbox 1241 2340 1305 2372; x_wconf 87' lang='lat' dir='ltr'>deo</span> <span class='ocrx_word' id='word_1_345' title='bbox 1328 2336 1507 2383; x_wconf 74' lang='lat' dir='ltr'>permitt03</span> <span class='ocrx_word' id='word_1_346' title='bbox 1543 2340 1580 2370; x_wconf 83' lang='lat' dir='ltr'>et</span> <span class='ocrx_word' id='word_1_347' title='bbox 1600 2335 1676 2370; x_wconf 84' lang='lat' dir='ltr'>sive</span> 
     </span>
     <span class='ocr_line' id='line_1_36' title="bbox 214 2382 1675 2431; baseline -0.003 -12"><span class='ocrx_word' id='word_1_348' title='bbox 214 2383 428 2419; x_wconf 78' lang='lat' dir='ltr'>absolvamur</span> <span class='ocrx_word' id='word_1_349' title='bbox 451 2384 523 2417; x_wconf 82' lang='lat' dir='ltr'>sive</span> <span class='ocrx_word' id='word_1_350' title='bbox 547 2385 741 2419; x_wconf 86' lang='lat' dir='ltr'>damnemur</span> <span class='ocrx_word' id='word_1_351' title='bbox 764 2387 806 2420; x_wconf 91' lang='lat' dir='ltr'>ab</span> <span class='ocrx_word' id='word_1_352' title='bbox 830 2386 893 2429; x_wconf 84' lang='lat' dir='ltr'>iis,</span> <span class='ocrx_word' id='word_1_353' title='bbox 930 2386 1195 2431; x_wconf 71' lang='lat' dir='ltr'>acquiescimuS‚</span> <span class='ocrx_word' id='word_1_354' title='bbox 1227 2391 1263 2418; x_wconf 89' lang='lat' dir='ltr'>et</span> <span class='ocrx_word' id='word_1_355' title='bbox 1284 2389 1324 2417; x_wconf 88' lang='lat' dir='ltr'>ut</span> <span class='ocrx_word' id='word_1_356' title='bbox 1346 2394 1366 2416; x_wconf 85' lang='lat' dir='ltr'>a</span> <span class='ocrx_word' id='word_1_357' title='bbox 1387 2382 1451 2416; x_wconf 83' lang='lat' dir='ltr'>deo</span> <span class='ocrx_word' id='word_1_358' title='bbox 1483 2382 1675 2426; x_wconf 79' lang='lat' dir='ltr'>profectum</span> 
     </span>
     <span class='ocr_line' id='line_1_37' title="bbox 215 2427 1676 2475; baseline -0.001 -12"><span class='ocrx_word' id='word_1_359' title='bbox 215 2440 331 2464; x_wconf 88' lang='lat' dir='ltr'>eorum</span> <span class='ocrx_word' id='word_1_360' title='bbox 361 2431 603 2475; x_wconf 81' lang='lat' dir='ltr'>qualecumque</span> <span class='ocrx_word' id='word_1_361' title='bbox 631 2431 822 2465; x_wconf 82' lang='lat' dir='ltr'>mandatum</span> <span class='ocrx_word' id='word_1_362' title='bbox 846 2432 1037 2475; x_wconf 88' lang='lat' dir='ltr'>accipimus.</span> <span class='ocrx_word' id='word_1_363' title='bbox 1085 2432 1188 2466; x_wconf 89' lang='lat' dir='ltr'>aliud.</span> <span class='ocrx_word' id='word_1_364' title='bbox 1236 2429 1302 2464; x_wconf 87' lang='lat' dir='ltr'>etsi</span> <span class='ocrx_word' id='word_1_365' title='bbox 1324 2428 1426 2474; x_wconf 88' lang='lat' dir='ltr'>quale</span> <span class='ocrx_word' id='word_1_366' title='bbox 1447 2427 1494 2461; x_wconf 85' lang='lat' dir='ltr'>sit</span> <span class='ocrx_word' id='word_1_367' title='bbox 1513 2427 1676 2473; x_wconf 85' lang='lat' dir='ltr'>cuiusque</span> 
     </span>
     <span class='ocr_line' id='line_1_38' title="bbox 213 2473 1674 2521; baseline -0.003 -11"><span class='ocrx_word' id='word_1_368' title='bbox 213 2486 320 2521; x_wconf 85' lang='lat' dir='ltr'>opus,</span> <span class='ocrx_word' id='word_1_369' title='bbox 355 2475 410 2509; x_wconf 89' lang='lat' dir='ltr'>die</span> <span class='ocrx_word' id='word_1_370' title='bbox 444 2475 505 2510; x_wconf 88' lang='lat' dir='ltr'>illa</span> <span class='ocrx_word' id='word_1_371' title='bbox 536 2476 743 2510; x_wconf 88' lang='lat' dir='ltr'>declaratum</span> <span class='ocrx_word' id='word_1_372' title='bbox 774 2478 816 2510; x_wconf 87' lang='lat' dir='ltr'>iri</span> <span class='ocrx_word' id='word_1_373' title='bbox 846 2478 1030 2518; x_wconf 86' lang='lat' dir='ltr'>credimus,</span> <span class='ocrx_word' id='word_1_374' title='bbox 1060 2483 1174 2511; x_wconf 87' lang='lat' dir='ltr'>tamen</span> <span class='ocrx_word' id='word_1_375' title='bbox 1206 2474 1363 2521; x_wconf 80' lang='lat' dir='ltr'>quoniam</span> <span class='ocrx_word' id='word_1_376' title='bbox 1393 2473 1489 2508; x_wconf 80' lang='lat' dir='ltr'>aiunt</span> <span class='ocrx_word' id='word_1_377' title='bbox 1511 2473 1674 2518; x_wconf 80' lang='lat' dir='ltr'>quosdam</span> 
     </span>
     <span class='ocr_line' id='line_1_39' title="bbox 213 2518 1675 2567; baseline -0.003 -11"><span class='ocrx_word' id='word_1_378' title='bbox 213 2521 439 2557; x_wconf 81' lang='lat' dir='ltr'>scandalizari</span> <span class='ocrx_word' id='word_1_379' title='bbox 470 2527 610 2567; x_wconf 85' lang='lat' dir='ltr'>propter</span> <span class='ocrx_word' id='word_1_380' title='bbox 641 2522 906 2556; x_wconf 81' lang='lat' dir='ltr'>maledicentiam</span> <span class='ocrx_word' id='word_1_381' title='bbox 937 2534 1036 2567; x_wconf 90' lang='lat' dir='ltr'>quam</span> <span class='ocrx_word' id='word_1_382' title='bbox 1065 2521 1212 2557; x_wconf 81' lang='lat' dir='ltr'>evomuit</span> <span class='ocrx_word' id='word_1_383' title='bbox 1234 2521 1270 2554; x_wconf 90' lang='lat' dir='ltr'>in</span> <span class='ocrx_word' id='word_1_384' title='bbox 1293 2531 1353 2554; x_wconf 86' lang='lat' dir='ltr'>nos</span> <span class='ocrx_word' id='word_1_385' title='bbox 1376 2519 1552 2560; x_wconf 80' lang='lat' dir='ltr'>diabolus,</span> <span class='ocrx_word' id='word_1_386' title='bbox 1586 2518 1675 2552; x_wconf 88' lang='lat' dir='ltr'>dici-</span> 
     </span>
     <span class='ocr_line' id='line_1_40' title="bbox 214 2565 1675 2602; baseline -0.002 0"><span class='ocrx_word' id='word_1_387' title='bbox 214 2579 308 2602; x_wconf 82' lang='lat' dir='ltr'>mus:</span> <span class='ocrx_word' id='word_1_388' title='bbox 345 2567 376 2602; x_wconf 86' lang='lat' dir='ltr'>si</span> <span class='ocrx_word' id='word_1_389' title='bbox 399 2567 552 2602; x_wconf 82' lang='lat' dir='ltr'>conscius</span> <span class='ocrx_word' id='word_1_390' title='bbox 579 2568 657 2601; x_wconf 86' lang='lat' dir='ltr'>mihi</span> <span class='ocrx_word' id='word_1_391' title='bbox 678 2579 751 2602; x_wconf 82' lang='lat' dir='ltr'>sum</span> <span class='ocrx_word' id='word_1_392' title='bbox 774 2568 933 2602; x_wconf 81' lang='lat' dir='ltr'>incidisse</span> <span class='ocrx_word' id='word_1_393' title='bbox 962 2569 995 2601; x_wconf 89' lang='lat' dir='ltr'>in</span> <span class='ocrx_word' id='word_1_394' title='bbox 1027 2567 1283 2602; x_wconf 82' lang='lat' dir='ltr'>fornicationem</span> <span class='ocrx_word' id='word_1_395' title='bbox 1305 2565 1505 2600; x_wconf 88' lang='lat' dir='ltr'>adulterium</span> <span class='ocrx_word' id='word_1_396' title='bbox 1529 2569 1589 2599; x_wconf 85' lang='lat' dir='ltr'>aut</span> <span class='ocrx_word' id='word_1_397' title='bbox 1611 2576 1675 2599; x_wconf 87' lang='lat' dir='ltr'>ne-</span> 
     </span>
     <span class='ocr_line' id='line_1_41' title="bbox 214 2610 1676 2658; baseline -0.003 -10"><span class='ocrx_word' id='word_1_398' title='bbox 214 2613 340 2648; x_wconf 75' lang='lat' dir='ltr'>fariam</span> <span class='ocrx_word' id='word_1_399' title='bbox 362 2613 398 2648; x_wconf 92' lang='lat' dir='ltr'>in</span> <span class='ocrx_word' id='word_1_400' title='bbox 421 2625 530 2648; x_wconf 82' lang='lat' dir='ltr'>mares</span> <span class='ocrx_word' id='word_1_401' title='bbox 553 2614 740 2657; x_wconf 84' lang='lat' dir='ltr'>libidinem,</span> <span class='ocrx_word' id='word_1_402' title='bbox 773 2614 803 2647; x_wconf 85' lang='lat' dir='ltr'>si</span> <span class='ocrx_word' id='word_1_403' title='bbox 838 2614 927 2648; x_wconf 88' lang='lat' dir='ltr'>sensi</span> <span class='ocrx_word' id='word_1_404' title='bbox 952 2625 1106 2658; x_wconf 87' lang='lat' dir='ltr'>umquam</span> <span class='ocrx_word' id='word_1_405' title='bbox 1131 2617 1190 2647; x_wconf 85' lang='lat' dir='ltr'>aut</span> <span class='ocrx_word' id='word_1_406' title='bbox 1212 2612 1320 2646; x_wconf 87' lang='lat' dir='ltr'>sentio</span> <span class='ocrx_word' id='word_1_407' title='bbox 1344 2616 1404 2646; x_wconf 87' lang='lat' dir='ltr'>aut</span> <span class='ocrx_word' id='word_1_408' title='bbox 1426 2610 1566 2645; x_wconf 77' lang='lat' dir='ltr'>sentiam</span> <span class='ocrx_word' id='word_1_409' title='bbox 1590 2610 1676 2645; x_wconf 87' lang='lat' dir='ltr'>alie-</span> 
     </span>
     <span class='ocr_line' id='line_1_42' title="bbox 215 2655 1676 2698; baseline -0.003 -4"><span class='ocrx_word' id='word_1_410' title='bbox 215 2670 292 2694; x_wconf 88' lang='lat' dir='ltr'>nam</span> <span class='ocrx_word' id='word_1_411' title='bbox 315 2659 515 2695; x_wconf 85' lang='lat' dir='ltr'>sententiam</span> <span class='ocrx_word' id='word_1_412' title='bbox 539 2664 575 2694; x_wconf 91' lang='lat' dir='ltr'>et</span> <span class='ocrx_word' id='word_1_413' title='bbox 597 2661 833 2694; x_wconf 86' lang='lat' dir='ltr'>abhorrentem</span> <span class='ocrx_word' id='word_1_414' title='bbox 856 2660 901 2694; x_wconf 86' lang='lat' dir='ltr'>ab</span> <span class='ocrx_word' id='word_1_415' title='bbox 924 2659 1068 2693; x_wconf 85' lang='lat' dir='ltr'>ecclesia</span> <span class='ocrx_word' id='word_1_416' title='bbox 1093 2658 1223 2693; x_wconf 87' lang='lat' dir='ltr'>Christi</span> <span class='ocrx_word' id='word_1_417' title='bbox 1245 2657 1302 2692; x_wconf 86' lang='lat' dir='ltr'>dei</span> <span class='ocrx_word' id='word_1_418' title='bbox 1323 2661 1359 2692; x_wconf 86' lang='lat' dir='ltr'>et</span> <span class='ocrx_word' id='word_1_419' title='bbox 1382 2656 1506 2691; x_wconf 85' lang='lat' dir='ltr'>domini</span> <span class='ocrx_word' id='word_1_420' title='bbox 1529 2655 1615 2698; x_wconf 89' lang='lat' dir='ltr'>mei,</span> <span class='ocrx_word' id='word_1_421' title='bbox 1638 2658 1676 2690; x_wconf 81' lang='lat' dir='ltr'>et</span> 
     </span>
     <span class='ocr_line' id='line_1_43' title="bbox 213 2702 1675 2751; baseline -0.001 -13"><span class='ocrx_word' id='word_1_422' title='bbox 213 2705 281 2739; x_wconf 80' lang='lat' dir='ltr'>nisi</span> <span class='ocrx_word' id='word_1_423' title='bbox 307 2710 348 2740; x_wconf 87' lang='lat' dir='ltr'>ut</span> <span class='ocrx_word' id='word_1_424' title='bbox 377 2705 487 2741; x_wconf 82' lang='lat' dir='ltr'>sancti</span> <span class='ocrx_word' id='word_1_425' title='bbox 511 2706 665 2751; x_wconf 84' lang='lat' dir='ltr'>discipuli</span> <span class='ocrx_word' id='word_1_426' title='bbox 698 2710 734 2740; x_wconf 88' lang='lat' dir='ltr'>et</span> <span class='ocrx_word' id='word_1_427' title='bbox 766 2705 912 2751; x_wconf 83' lang='lat' dir='ltr'>apostoli</span> <span class='ocrx_word' id='word_1_428' title='bbox 934 2705 1006 2739; x_wconf 84' lang='lat' dir='ltr'>eius</span> <span class='ocrx_word' id='word_1_429' title='bbox 1028 2705 1242 2738; x_wconf 84' lang='lat' dir='ltr'>tradiderunt</span> <span class='ocrx_word' id='word_1_430' title='bbox 1265 2706 1301 2738; x_wconf 91' lang='lat' dir='ltr'>et</span> <span class='ocrx_word' id='word_1_431' title='bbox 1323 2713 1536 2738; x_wconf 80' lang='lat' dir='ltr'>successores</span> <span class='ocrx_word' id='word_1_432' title='bbox 1556 2702 1675 2736; x_wconf 78' lang='lat' dir='ltr'>horum</span> 
     </span>
     <span class='ocr_line' id='line_1_44' title="bbox 215 2747 1675 2798; baseline -0.002 -13"><span class='ocrx_word' id='word_1_433' title='bbox 215 2751 339 2786; x_wconf 78' lang='lat' dir='ltr'>deiferi</span> <span class='ocrx_word' id='word_1_434' title='bbox 360 2755 495 2798; x_wconf 80' lang='lat' dir='ltr'>patres,</span> <span class='ocrx_word' id='word_1_435' title='bbox 529 2752 689 2798; x_wconf 79' lang='lat' dir='ltr'>privatim</span> <span class='ocrx_word' id='word_1_436' title='bbox 712 2755 748 2786; x_wconf 82' lang='lat' dir='ltr'>et</span> <span class='ocrx_word' id='word_1_437' title='bbox 769 2751 954 2796; x_wconf 81' lang='lat' dir='ltr'>synodice;</span> <span class='ocrx_word' id='word_1_438' title='bbox 987 2755 1024 2785; x_wconf 89' lang='lat' dir='ltr'>et</span> <span class='ocrx_word' id='word_1_439' title='bbox 1046 2750 1113 2785; x_wconf 84' lang='lat' dir='ltr'>nisi</span> <span class='ocrx_word' id='word_1_440' title='bbox 1135 2762 1264 2785; x_wconf 90' lang='lat' dir='ltr'>omnem</span> <span class='ocrx_word' id='word_1_441' title='bbox 1286 2749 1525 2784; x_wconf 75' lang='lat' dir='ltr'>heterodoxam</span> <span class='ocrx_word' id='word_1_442' title='bbox 1546 2747 1675 2782; x_wconf 80' lang='lat' dir='ltr'>doctri-</span> 
     </span>
     <span class='ocr_line' id='line_1_45' title="bbox 215 2793 1675 2845; baseline -0.002 -13"><span class='ocrx_word' id='word_1_443' title='bbox 215 2808 312 2841; x_wconf 85' lang='lat' dir='ltr'>nam,</span> <span class='ocrx_word' id='word_1_444' title='bbox 336 2809 438 2845; x_wconf 88' lang='lat' dir='ltr'>quam</span> <span class='ocrx_word' id='word_1_445' title='bbox 459 2809 526 2834; x_wconf 84' lang='lat' dir='ltr'>non</span> <span class='ocrx_word' id='word_1_446' title='bbox 547 2797 685 2845; x_wconf 81' lang='lat' dir='ltr'>accepit</span> <span class='ocrx_word' id='word_1_447' title='bbox 705 2810 769 2834; x_wconf 87' lang='lat' dir='ltr'>nec</span> <span class='ocrx_word' id='word_1_448' title='bbox 789 2800 886 2833; x_wconf 80' lang='lat' dir='ltr'>tenet</span> <span class='ocrx_word' id='word_1_449' title='bbox 908 2796 1052 2832; x_wconf 85' lang='lat' dir='ltr'>ecclesia</span> <span class='ocrx_word' id='word_1_450' title='bbox 1074 2796 1222 2840; x_wconf 81' lang='lat' dir='ltr'>Christi,</span> <span class='ocrx_word' id='word_1_451' title='bbox 1243 2807 1368 2843; x_wconf 87' lang='lat' dir='ltr'>respuo</span> <span class='ocrx_word' id='word_1_452' title='bbox 1390 2793 1570 2830; x_wconf 83' lang='lat' dir='ltr'>subiiciens</span> <span class='ocrx_word' id='word_1_453' title='bbox 1592 2803 1675 2830; x_wconf 73' lang='lat' dir='ltr'>ana-</span> 
     </span>
    </p>
   </div>
  </div>
 </body>
</html>
