1858 3126
270 175 299 220 3
309 175 368 220 10
693 170 930 215 GEORGII
963 171 1313 218 PACHYMERIS

268 282 488 338 δεξιώσεως
519 281 791 335 συνελθόντες
826 285 931 328 κατὰ
974 281 1102 328 τόπον
1141 283 1216 341 τὴν
1246 283 1396 342 Χήναν
1425 287 1501 330 σὺν
1524 285 1739 343 Ῥωμαίοις

267 351 576 411 προσβάλλουσι
587 386 600 406 ,
634 356 701 396 καὶ
723 353 1037 411 ἄνδραγαθοῧσι
1058 354 1109 396 τὰ
1128 352 1331 408 μάλιστα,
1361 355 1578 412 ἀπαγωγὴν
1597 357 1738 413 ἱκανὴν

267 425 335 467 καὶ
356 424 467 466 λείαν
486 420 834 479 περιβαλλόμενοι.
905 420 1073 465 ἐδόκουν
1092 424 1136 466 δὲ
1158 427 1269 479 λῆμα
1290 424 1364 478 μὲν
1383 425 1600 479 πολεμικὸν
1622 425 1737 480 ἕχον-

266 509 358 544 τες,
395 491 518 547 ἤθεσι
546 491 590 534 δ’
616 490 915 541 ἀνυποτάκτοις
934 490 989 541 ὥς
1008 490 1217 548 βάρβαροι
1243 490 1471 550 χρώμενοι,
1509 493 1665 544 ἕξοντες
1693 495 1738 537 δὲ

267 560 373 604 κατὰ
398 557 579 617 τρόπον,
626 561 707 603 ἐπεὶ
736 566 819 604 τῶν
847 559 983 604 ἄλλων
1014 558 1351 619 κατωλιγώρουν,
1387 561 1439 618 ἢν
1470 559 1551 605 ὕπὸ
1578 566 1744 618 βασιλεῖ
1747 571 1768 606 5

267 634 563 688 στρατηγοῦντι
582 629 772 685 γένοιντο.

124 703 153 738 Ρ
175 705 244 741 214
410 699 487 744 17.
555 696 602 741 ‘O
624 700 698 753 μὲν
719 695 792 742 οὖν
809 698 1004 753 βασιλεῦς
1026 699 1199 754 ΖΠιχαὴλ
1222 705 1312 749 ταῖς
1332 698 1546 755 ἀληθείαις
1566 699 1641 754 μὲν
1661 717 1739 742 πο-
1765 722 1771 737 ι

267 766 404 820 λε’μοις
422 767 497 810 οὐκ
520 766 728 821 ε’σχολάκει
751 770 816 810 καὶ
838 766 991 823 μάχαις
1015 768 1055 818 ἒς
1085 765 1204 820 τότε,
1244 767 1357 821 ὅμως
1386 767 1428 810 δ’
1452 767 1529 823 εἶχε
1548 770 1615 811 καὶ
1633 766 1740 826 φρό-

266 855 377 892 νημα
407 837 606 893 ἐμβριθὲς
640 839 707 879 καὶ
735 841 847 892 λῆμα
874 843 1056 893 γενναῖον
1077 838 1144 879 καὶ
1165 839 1285 892 ζῆλον
1312 835 1413 894 ὑπὲρ
1434 841 1518 880 τῶν
1538 837 1739 891 κακουμέ-

266 923 348 949 νων
366 903 578 960 Ῥωμαίων
599 905 674 960 οὐχ
695 904 865 961 ἥκιστα,
899 907 965 948 καὶ
991 912 1083 955 ταῖς
1104 907 1360 961 προθυμίαις
1368 939 1380 958 ,
1419 904 1476 956 ὥς
1503 905 1601 956 τούς
1630 903 1738 949 εῗδό-
1750 914 1795 949 10

265 992 342 1025 τας
365 975 514 1030 λέγειν,
553 973 793 1031 ἐσφάδαζεν.
850 973 931 1017 ἐπεὶ
954 974 998 1017 δὲ
1020 976 1087 1016 καὶ
1108 975 1248 1032 καιρὸς
1269 972 1493 1032 ἐφειστήκει
1512 973 1534 1018 ὅ
1556 972 1648 1018 τότε
1665 993 1741 1018 κα·

268 1048 350 1086 λῶν
370 1043 497 1086 αὐτὸν
515 1041 750 1100 στρατεύειν
772 1044 833 1086 ἐπὶ
854 1048 928 1098 τῆς
949 1043 1178 1098 ἀνατολῆς,
1218 1044 1379 1098 ἕτοιμος
1398 1039 1447 1099 ἦν
1468 1043 1628 1088 αὐτίκα.
1672 1045 1740 1087 καὶ

268 1110 345 1167 ἅμ’
378 1111 398 1154 ὅ
425 1112 562 1169 πατὴρ
593 1115 659 1155 καὶ
688 1113 882 1167 βασιλεὺς
920 1112 1193 1169 προσέταττε,
1241 1115 1307 1155 καὶ
1340 1112 1464 1162 αὐτὸς
1495 1114 1632 1155 ἐδίδου
1665 1112 1741 1162 τὰς

266 1182 507 1237 προθυμίας
535 1180 610 1224 οὐκ
633 1181 820 1236 ἀγεννεῖς.
893 1180 981 1234 ἅμα
1014 1185 1112 1238 γοῦν
1141 1177 1211 1237 ἦρι
1240 1182 1333 1238 περί
1354 1198 1435 1224 που
1466 1181 1542 1230 τὰς
1559 1184 1740 1236 ΙΙασχα-

216 1254 246 1288 Β
271 1252 382 1300 λίους
418 1248 574 1306 ἡμέρας
609 1249 798 1306 ἐξώρμα,
846 1250 950 1293 πολὺ
986 1251 1059 1304 μὲν
1097 1251 1354 1306 βαρβαρικὸν
1385 1250 1428 1292 ἔκ
1452 1253 1536 1292 τῶν
1556 1249 1793 1294 Ἀλανῶν15

266 1316 537 1374 ἑπαγόμενος,
574 1319 648 1362 οὐκ
680 1319 800 1378 ὀλίγῳ
830 1320 875 1362 δὲ
904 1321 970 1362 καὶ
1001 1317 1213 1378 Ῥωμαϊκῷ
1247 1321 1423 1374 ἐντυχεῖν
1453 1319 1621 1370 ἐλπίζων
1631 1352 1644 1372 ,
1680 1323 1739 1378 τῷ

266 1388 340 1443 μὲν
361 1389 426 1431 καὶ
449 1388 735 1448 συνειλεγμὲνῳ
758 1389 944 1431 ἐντεῦθεν
965 1386 1061 1444 ἤδη,
1098 1392 1156 1448 τῷ
1178 1389 1223 1432 δὲ
1244 1389 1310 1431 καὶ
1332 1388 1395 1430 ἐπὶ
1413 1387 1488 1443 τὴν
1509 1387 1593 1430 ἐκεῖ
1607 1404 1738 1446 στρα-

359 1500 392 1534 3.
419 1497 712 1546 προβαλλόμενοι
735 1499 772 1533 Ρ.

268 1590 352 1624 riam
377 1589 419 1623 ad
446 1590 555 1624 locum
574 1590 723 1624 Chenam
748 1589 875 1624 dictum
897 1592 1123 1636 reportarent,
1147 1591 1182 1624 in
1205 1602 1272 1637 qua
1296 1602 1379 1626 sane
1400 1601 1467 1625 nou
1490 1589 1640 1635 vulgaris
1664 1589 1738 1624 eni-
1796 1599 1801 1606 ‘

268 1635 336 1670 tuit
358 1635 504 1681 ipsorum
528 1637 636 1670 virtus
662 1636 808 1670 fortibus
831 1637 931 1671 sactis
956 1638 1112 1681 probata,
1140 1649 1206 1671 non
1228 1638 1301 1670 sine
1323 1636 1489 1683 praemio:
1513 1647 1590 1670 nam
1613 1639 1650 1670 et
1670 1647 1737 1670 non

267 1693 396 1727 paucos
419 1694 461 1716 ea
484 1682 662 1716 occasione
686 1682 859 1716 abduxere
882 1683 1058 1727 captivos,
1090 1687 1127 1716 et
1161 1683 1310 1728 praedae
1333 1682 1421 1716 haud
1444 1693 1563 1727 parum
1595 1693 1738 1727 conges-

268 1739 355 1762 sere.
406 1729 499 1762 cuius
532 1730 622 1762 fama
655 1732 796 1762 eventus
829 1728 872 1762 ad
904 1728 1013 1762 a‘ulam
1047 1729 1180 1774 perlata
1209 1729 1315 1762 valuit
1337 1729 1381 1762 ad
1405 1728 1616 1762 minuendam
1642 1728 1737 1762 infa-

269 1774 370 1807 miam
400 1774 556 1819 ingratae
588 1774 699 1818 gentis
733 1773 996 1819 patientiamque
1030 1774 1157 1808 infidae
1179 1773 1524 1819 societatis-quodam
1548 1774 1736 1808 nonnullius

268 1820 429 1854 utilitatis
451 1820 552 1854 illicio
576 1820 787 1862 firmandam,
808 1832 881 1854 eam
904 1820 982 1853 inde
1005 1821 1198 1866 opinionem
1224 1820 1385 1864 Augustis
1407 1819 1583 1864 ingressis,
1606 1819 1737 1854 infrae-

269 1877 330 1900 nes
353 1866 488 1911 quidem
510 1866 660 1912 ferisque
682 1867 829 1900 moribus
851 1866 975 1900 Alanos
999 1878 1074 1900 esse
1096 1867 1179 1900 vitio
1202 1868 1372 1900 barbarae
1404 1877 1472 1911 qua
1503 1865 1644 1909 originis
1667 1877 1737 1912 qua

271 1911 505 1954 educationis,
538 1917 576 1946 at
607 1912 728 1957 negari
760 1924 825 1946 non
856 1923 957 1958 posse
991 1913 1072 1958 quin
1102 1913 1203 1946 iidem
1235 1912 1366 1956 magnis
1388 1911 1536 1957 praediti
1559 1911 1679 1946 animis
1700 1915 1738 1946 et

269 1958 360 1991 bello
391 1959 500 1992 fortes
533 1959 612 1992 sint.
660 1962 832 1992 caeterum
865 1969 958 2004 spem
993 1959 1126 1992 ostendi
1159 1959 1365 2004 mitigandae
1390 1957 1623 1992 contumaciae
1642 1957 1736 2003 ipso-.

272 2015 365 2045 rum,
396 2004 427 2038 si
458 2016 519 2050 pro
551 2005 731 2038 minoribus
752 2015 836 2050 quos
861 2009 1075 2038 contemnunt
1098 2005 1239 2039 ducibus
1253 2030 1263 2046 ‚
1295 2005 1384 2039 alter
1406 2004 1490 2050 ipsis
1510 2005 1737 2048 Augustorum

273 2048 459 2084 exercitum
484 2061 544 2095 per
568 2051 774 2085 sse-ductans
795 2051 1009 2096 imponatur,
1043 2051 1137 2085 cuius
1161 2051 1262 2084 veriti
1283 2054 1497 2096 praesentem
1527 2050 1736 2084 maiestatem

271 2094 364 2129 iussa
388 2097 511 2130 obituri
536 2095 607 2131 sine
629 2097 842 2131 recusatione
864 2096 1065 2140 videantur,
1100 2097 1297 2132 obedientia
1327 2108 1416 2142 quae
1449 2094 1576 2131 nostris
1598 2096 1737 2131 satisfa-

271 2140 358 2182 ciat,
385 2142 584 2176 fortitudine
607 2154 695 2188 quae
717 2143 870 2176 hostibus
892 2148 1025 2178 noceat.

367 2188 422 2222 17.
467 2188 558 2221 Erat
579 2188 765 2234 imperator
787 2189 937 2223 Michael
960 2201 1027 2224 non
1048 2188 1106 2223 ille
1129 2188 1261 2234 quidem
1283 2189 1460 2228 hactenus,
1481 2189 1522 2221 ut
1542 2196 1658 2221 verum
1678 2186 1734 2220 fa—

272 2236 369 2273 tear,
408 2234 616 2268 exercitatus
652 2235 749 2269 bellis
779 2241 838 2269 aut
868 2235 972 2270 tritus
1005 2246 1067 2268 usu
1097 2234 1318 2280 praeliorum=
1348 2233 1465 2267 habuit
1486 2236 1597 2266 tamen
1619 2242 1733 2266 acrem

270 2277 415 2312 animum
438 2290 703 2325 generosamque
726 2281 913 2323 audaciam,
937 2293 998 2315 nec
1022 2281 1074 2315 his
1097 2281 1257 2314 minorem
1281 2280 1389 2313 zelum
1410 2277 1640 2312 misericordia
1655 2288 1734 2312 suc-

273 2334 410 2357 censum
442 2324 641 2368 patientium
675 2331 754 2359 tunc
787 2330 937 2360 extrema
970 2329 1215 2366 Romanorum3
1250 2325 1374 2370 quoin
1397 2334 1524 2367 genere
1555 2323 1735 2368 praeclara.

270 2368 439 2414 hodieque
462 2371 584 2403 conscii
608 2374 792 2405 memorant
815 2372 857 2406 de
880 2373 1030 2418 impetu,
1052 2384 1119 2417 quo
1143 2373 1256 2406 alacer
1278 2376 1314 2405 et
1336 2369 1458 2403 ardens
1480 2368 1516 2402 in
1538 2368 1589 2402 rei
1611 2379 1735 2414 geren-

272 2415 338 2448 dae
361 2415 595 2450 occasionibus
619 2427 796 2462 erumpere
820 2418 969 2460 soleret,
1004 2418 1164 2452 adversus
1195 2414 1411 2462 quantumvis
1442 2413 1661 2449 formidolosa
1682 2414 1736 2449 in·-

271 2460 502 2506 trepidissime
534 2461 722 2507 prosiliens.
768 2467 849 2496 tunc
877 2475 959 2506 ergo
991 2463 1145 2498 condicta
1173 2462 1323 2496 instante
1346 2460 1389 2494 ad
1413 2459 1644 2505 prodeundum
1666 2460 1734 2503 die,

271 2510 545 2552 tempestateque
568 2506 734 2540 invitante
756 2507 877 2541 idonea
900 2509 942 2541 ad
965 2520 1034 2543 rem
1058 2508 1123 2542 illis
1145 2507 1341 2553 regionibus
1363 2506 1567 2550 gerendam,
1593 2507 1736 2551 expedi-

272 2553 323 2586 vit
345 2564 383 2586 se
405 2556 557 2592 mature,
579 2557 838 2598 promptumque
861 2554 903 2586 ad
926 2554 992 2587 iter
1009 2554 1182 2588 Orientem
1205 2564 1322 2587 versus
1346 2563 1383 2586 se
1406 2552 1549 2594 obtulit,
1573 2563 1615 2586 ac
1636 2552 1734 2586 simul

272 2603 374 2644 pater
395 2598 468 2632 eius
492 2599 664 2642 Augustus
687 2598 798 2632 senior
826 2599 1063 2644 proficiscendi
1094 2599 1223 2643 signum
1254 2598 1369 2639 dedit,
1400 2597 1579 2632 alacritate
1601 2597 1734 2631 minime

273 2644 436 2688 degeneri
457 2645 500 2678 ad
522 2644 556 2677 id
580 2644 702 2678 bellum
726 2656 764 2678 se
787 2644 946 2678 accinxit.
985 2656 1059 2678 cum
1081 2645 1189 2689 primo
1210 2644 1316 2688 igitur
1337 2654 1418 2677 vere
1441 2643 1532 2677 circa
1553 2644 1734 2678 Paschales

272 2690 379 2724 serias
405 2701 562 2735 egressus
585 2690 670 2724 urbe
694 2695 763 2732 est,
800 2690 983 2724 exercitum
1014 2691 1156 2724 ductans
1179 2690 1322 2724 maxima
1345 2701 1387 2723 ex
1410 2694 1514 2734 parte
1532 2689 1736 2723 barbaricae
1771 2717 1775 2723 .

272 2735 455 2770 Alanorum
486 2735 624 2770 militiae
656 2740 884 2778 constantem,
915 2736 974 2770 sed
1007 2739 1043 2770 et
1073 2747 1138 2769 non
1163 2736 1280 2780 paucis
1313 2735 1410 2769 simul
1432 2734 1592 2768 Romanis
1615 2733 1734 2779 copiis,

273 2792 415 2826 sperans
447 2788 559 2816 autem
590 2781 654 2815 sibi
685 2782 796 2816 obiter
828 2793 1027 2816 occursuras
1055 2793 1190 2826 unaque
1218 2781 1407 2827 iungendas
1439 2781 1604 2814 conflatas
1626 2790 1734 2826 nuper

275 2827 431 2862 cohortes
457 2827 589 2875 aliquot
613 2827 802 2868 delectibus
825 2828 880 2876 liic
903 2827 1003 2874 paulo
1027 2832 1106 2863 ante
1129 2827 1279 2871 habitis,
1311 2831 1450 2862 veteres
1481 2830 1663 2872 praeterea
1683 2825 1731 2858 le-
