1858 3126
333 166 410 209 DE
443 164 779 209 ANDRONICO
813 165 1189 211 PALAEOLOGO
1224 167 1271 210 L.
1298 166 1374 213 IV.
1490 167 1588 215 339

115 277 242 323 ταῦτ’
260 272 370 334 ἦσαν
387 277 459 322 ἔτι.
532 275 588 327 ὥς
618 277 668 320 δέ
695 294 776 320 που
802 278 871 319 καὶ
904 277 951 321 τὸ
982 276 1060 320 ὕπ’
1084 275 1236 323 ὀδόντα
1252 282 1418 324 κεῖσθαι
1435 282 1589 325 δοκοῦν

114 345 352 391 ἇνᾶπυστον
379 346 460 402 ἤδη
491 345 645 402 ἤρξατο
674 347 882 402 γίνεσθαι,
926 348 999 388 καί
1020 364 1126 398 τινες
1161 348 1468 405 ἆφωσιωμίνως
1499 368 1589 401 πως

115 418 184 460 καὶ
203 417 451 465 ἐπιπολαίως
480 415 534 457 τὰ
555 416 644 472 περὶ
671 414 822 466 ἐκείνου
839 414 1082 471 ᾐνίσσοντο,
1121 416 1168 459 τό
1190 418 1341 461 ἐκείνου
1370 420 1583 474 σχίζεσθαι
1608 429 1638 463 C

115 484 278 534 ἕαυτοΐς
307 482 669 540 εὐπροσωπότερον
696 481 992 536 καθιστάντες,
1029 482 1122 527 τότε
1148 486 1346 539 βασιλεὺς
1369 487 1443 530 τὸν
1470 487 1587 543 πριό-

81 563 197 604 5τως
223 551 521 609 ὖπομνήσαντα
547 554 637 608 περὶ
666 550 817 595 τούτου
843 549 1105 605 ὑπώπτευεν,
1141 551 1199 603 ὥς
1227 557 1294 597 καὶ
1320 554 1461 606 ἄλλοις
1482 557 1587 600 εἴποι

112 623 186 666 τὸν
205 619 354 678 λόγον,
388 621 465 664 κᾶν
494 621 620 664 αὐτὸν
646 620 706 676 μὴ
732 622 1037 664 σκανδαλίσειεν
1062 620 1269 675 ὑπειπών,
1316 622 1457 675 ἄλλοις
1486 626 1587 677 ἴσως

112 691 235 734 εῗπὼν
251 694 400 744 μῶμον
417 690 696 747 προστρίψειε.
768 689 837 732 διὰ
855 694 1006 743 τοῦτο,
1042 692 1110 733 καὶ
1131 696 1183 748 τῇ
1215 695 1292 735 τοῦ
1322 691 1583 749 πατριάρχου

110 763 287 816 θαρρῶν
307 757 547 814 σεμνότητι,
596 759 824 815 ἓκφαυλίζει
846 758 920 802 τὸν
947 757 1093 814 λόγον,
1137 761 1206 802 καὶ
1227 760 1301 803 τὸν
1331 760 1508 818 πρώτως
1527 766 1584 806 εἰ-

112 826 246 872 πόντα
272 829 400 883 δῆλον
428 829 690 883 καθίστησιν.
760 827 941 884 ἄρρητον
972 829 1046 883 μὲν
1074 827 1153 884 γὰρ
1182 826 1282 871 εἶναι
1301 831 1370 872 καὶ
1390 830 1580 886 ἄπιστον,

56 906 101 940 10
112 899 179 941 καὶ
198 898 291 940 λίαν
308 895 478 953 ὠρέγετο
489 929 503 950 ,
542 894 599 946 ὥς
617 893 751 955 ἐῴκει·
784 894 1122 951 ὖπολαλουμὲνου
1148 898 1194 940 δὲ
1211 899 1279 940 καὶ
1298 898 1401 955 παρ’
1427 899 1580 954 ἄλλων,

111 966 238 1016 αὗτὸς
265 965 540 1021 ἀναγκασθεὶς
566 964 747 1022 φανερὰν
775 967 1001 1021 καθίστησι
1030 966 1107 1022 τὴν
1125 969 1400 1023 κατηγορίαν,
1437 971 1505 1011 καὶ
1528 968 1584 1019 ὥς

108 1033 308 1091 ὗβριστὴν
325 1034 402 1078 οὐκ
428 1035 565 1084 αἰτίας
585 1033 686 1093 ἀνίει
715 1033 788 1076 τὸν
814 1032 1010 1091 φάμενον.
1083 1034 1222 1078 ἀκούει
1255 1040 1390 1079 ταῦτα
1413 1039 1480 1079 καὶ
1501 1056 1582 1080 πα-
1605 1045 1637 1080 D

108 1100 307 1160 τριόρχης
318 1135 333 1156 ,
369 1105 436 1146 καὶ
455 1101 511 1153 ὥς
529 1102 634 1152 εἰκὸς
652 1101 983 1158 δεινοπαθήσας,
1018 1103 1102 1147 ἐπεὶ
1124 1103 1173 1147 οὐ
1193 1108 1336 1161 περιῆν
1360 1103 1382 1148 ὃ
1407 1103 1582 1163 πρώτως

108 1169 282 1215 ἐπειπών
288 1204 303 1225 ,
339 1170 396 1222 ὥς
412 1172 589 1228 ἐλέγετο,
627 1171 742 1230 αὐτῷ
761 1172 812 1227 δὴ
834 1174 1074 1227 Σηλυβριάς
1092 1172 1167 1228 τῆν
1185 1175 1467 1230 συκοφαντίαν
1488 1177 1584 1218 ἐπέ-

55 1245 244 1296 15τριβε,
282 1242 349 1283 καὶ
375 1239 538 1300 συνόδῳ
567 1241 777 1296 ἔπεγκαλεῖ
805 1243 937 1297 ζητῶν
966 1241 1043 1296 τὴν
1069 1242 1274 1297 ἐκδίκησιν
1307 1240 1466 1301 ἑαυτῷ,
1503 1243 1580 1287 κᾶν

107 1310 256 1359 ἐκεῖνος
298 1307 355 1359 ὦς
402 1307 503 1364 εἶχεν
548 1307 741 1352 ἓπειλύων
775 1309 850 1352 τὸν
888 1307 1008 1366 λόγον
1050 1309 1187 1360 ἄλλως
1225 1309 1355 1366 ἔλεγεν
1395 1312 1579 1362 ἐξειπεῖν.

108 1376 235 1434 (28)
270 1377 374 1434 παρ’
394 1377 446 1431 ἢν
477 1379 612 1420 αἰτίαν
644 1379 711 1420 καὶ
740 1378 935 1431 βασιλεὺς
965 1377 1080 1436 (οὐδὲ
1099 1378 1179 1435 γὰρ
1200 1373 1252 1434 ἦν
1269 1375 1454 1433 ψεύδους
1471 1379 1574 1437 7911-
1602 1389 1630 1424 P
1654 1390 1722 1425 254

107 1451 263 1503 φεσθαι
283 1446 454 1500 βασιλέα
472 1463 515 1502 γε
536 1445 654 1503 ὅντα)
685 1447 749 1489 ἐπὶ
779 1453 867 1497 τοῖς
891 1444 1095 1498 τοιούτοις
1120 1452 1462 1504 συκοφαντοῦντα
1493 1451 1577 1493 διε-

105 1515 255 1571 λέγχειν
281 1514 627 1572 ἀναγκαζόμενος,
666 1513 688 1558 ὃ
718 1514 819 1566 τέως
846 1515 1076 1574 ἀνέκφορον
1094 1513 1294 1571 ἠβούλετο
1312 1516 1472 1572 με’νειν,
1509 1519 1578 1562 ἐπὶ

104 1626 177 1657 tum
200 1626 317 1668 erant,
341 1623 375 1659 in
398 1625 530 1659 occulto
553 1627 647 1659 certe
670 1624 905 1660 tenebantur.·
931 1629 1015 1659 tunc
1036 1627 1150 1658 autem
1171 1623 1286 1659 evenit
1307 1628 1360 1667 ut,
1382 1624 1481 1660 cuius
1504 1637 1578 1661 me-

103 1669 278 1711 minimus,
309 1669 446 1706 Ioannis
468 1671 684 1716 patriarchae
706 1671 833 1705 crimen
855 1671 942 1706 clam
963 1671 1042 1705 olim
1064 1670 1353 1705 immun-muratum
1375 1677 1578 1707 enotesoere

102 1714 293 1761 inciperet,
324 1722 360 1751 et
390 1729 412 1751 a
433 1718 633 1763 quibusdam
656 1718 848 1753 verecunde
870 1717 1006 1763 quidem
1028 1728 1073 1751 ac
1092 1717 1191 1762 quasi
1214 1716 1307 1751 aliud
1329 1717 1461 1762 agendo
1474 1742 1486 1760 ‚
1518 1723 1578 1752 ta-

103 1772 181 1795 men
211 1762 263 1796 sic
295 1763 431 1809 oblique
461 1764 659 1798 innueretur
690 1769 730 1798 ut
755 1764 814 1809 qui
843 1775 915 1797 rem
946 1768 1181 1809 compererant
1203 1767 1451 1807 agnoscerent3
1485 1763 1578 1808 quod

104 1806 229 1842 intensi
250 1809 367 1843 Ioanni
389 1809 540 1854 episcopi
568 1821 692 1854 magua
713 1815 789 1844 arte
811 1810 1000 1851 faciebant,
1033 1809 1084 1843 sic
1102 1809 1168 1843 sibi
1186 1808 1450 1854 plausibiliorem
1473 1819 1576 1854 prae·

212 1858 268 1888 tes
288 1856 464 1890 obtentum
487 1856 531 1890 ab
550 1867 590 1889 eo
614 1867 691 1890 sese
715 1856 935 1890 discindendi.
978 1856 1077 1890 istam
1107 1854 1375 1900 propalationem
1408 1853 1460 1888 rei
1490 1866 1514 1889 a
1534 1866 1576 1890 se

104 1902 201 1932 tanto
223 1900 335 1934 studio
359 1901 491 1935 celatae
511 1902 696 1946 imperator
728 1902 898 1945 sentiens,
931 1913 1007 1936 eum
1037 1900 1097 1946 qui
1129 1900 1198 1945 sibi
1221 1900 1348 1946 primus
1370 1898 1462 1934 illam
1484 1899 1576 1934 indi·

106 1946 238 1987 eas-et,
259 1946 511 1989 Selybrieusem
532 1948 650 1981 violati
672 1948 788 1981 arcani
809 1954 1003 1992 suspectum
1026 1945 1168 1989 habuit3
1200 1954 1236 1979 et
1258 1946 1294 1979 in
1323 1956 1397 1979 eam
1420 1946 1576 1981 incubuit

106 1994 238 2035 partem
259 1995 300 2024 ut
322 1992 480 2026 crederet
500 1992 591 2026 illum
614 1993 841 2037 indulgentem
862 1992 1029 2038 prurigini
1051 1992 1219 2035 malignae
1242 1991 1320 2024 aliis
1342 2002 1477 2037 quoque
1499 2003 1576 2027 ma-

103 2035 307 2078 nifestasse,
339 2038 432 2081 quod
452 2039 582 2071 frustra
605 2039 639 2071 ei
662 2039 784 2073 fuisset
806 2050 828 2072 a
849 2050 888 2072 se
909 2039 1061 2083 impense
1084 2037 1350 2071 commendatum
1373 2048 1416 2070 ne
1438 2037 1572 2073 omnino

102 2081 294 2116 mortalium
325 2082 480 2128 cuiquam
509 2084 673 2128 aperitet.
729 2089 765 2118 et
796 2085 886 2117 hunc
916 2084 1049 2129 quidem
1080 2082 1190 2127 ipsum
1218 2093 1332 2117 coram
1361 2083 1572 2128 redarguere

101 2127 254 2162 levitatis
273 2127 363 2161 illius
386 2129 475 2162 haud
497 2129 626 2170 voluit,
648 2141 692 2163 ne
713 2129 787 2164 sine
809 2141 935 2174 operae
956 2129 1066 2174 pretio
1091 2139 1167 2162 eum
1187 2129 1363 2162 irritaret:
1395 2129 1489 2164 illum
1512 2137 1570 2165 ta-

102 2184 179 2207 men
202 2185 243 2207 eo
266 2174 398 2208 nomine
429 2174 520 2219 apud
549 2175 635 2209 alios
665 2174 897 2220 vituperavit,
927 2186 969 2208 ac
1001 2175 1109 2208 fretus
1131 2174 1304 2218 gravitate
1328 2181 1476 2221 notaque
1506 2187 1570 2222 pa·

102 2219 275 2254 triarcbae
296 2220 489 2254 innocentia
510 2232 577 2255 non
600 2221 771 2256 dubitavit
801 2221 928 2254 crimen
955 2220 991 2254 id
1022 2226 1130 2253 totum
1161 2221 1271 2255 falsae
1301 2223 1484 2256 calumniae
1507 2224 1569 2257 ad-

101 2265 266 2307 scribere,
292 2267 529 2312 conquerendo
553 2267 596 2301 de
619 2278 660 2301 eo
682 2267 742 2312 qui
765 2266 892 2312 primus
913 2266 1139 2310 vulgaverat,
1164 2267 1255 2311 quod
1278 2267 1354 2302 luce
1373 2267 1569 2313 indignissi-

102 2321 192 2345 mum
219 2312 329 2358 premi
357 2313 508 2347 tenebris
539 2324 673 2359 semper
699 2312 916 2358 oportuisset.
971 2311 1022 2345 sic
1049 2312 1234 2356 imperator
1264 2312 1302 2347 id
1334 2314 1445 2359 ipsum
1478 2315 1569 2360 quod

102 2367 241 2401 summe,
263 2364 303 2392 ut
326 2358 436 2392 videri
462 2359 577 2401 voluit,
600 2359 775 2405 cupiverat
796 2358 958 2392 indictum
980 2358 1308 2404 immemoratumque
1330 2366 1496 2406 perpetuo
1519 2362 1570 2395 si-

100 2401 178 2452 leri,
202 2412 277 2438 cum
299 2404 470 2439 susurrari
493 2406 536 2439 ab
560 2405 635 2440 aliis
658 2405 888 2447 intellexisset,
909 2403 1086 2449 publicare
1106 2403 1182 2450 ipse
1204 2410 1345 2439 coactus
1364 2410 1433 2450 est,
1457 2407 1567 2452 palam

98 2455 259 2484 lucusans
281 2450 545 2496 Selybriensem,
568 2451 627 2497 qni
648 2451 846 2497 prodiderat
867 2451 1015 2497 primus,
1037 2454 1078 2484 ut
1098 2451 1370 2486 contumeliosum
1393 2459 1430 2486 et
1466 2464 1567 2496 sym-

110 2494 281 2538 phantam.
327 2496 436 2531 audiit
454 2498 540 2532 baec
560 2498 777 2544 patriarcba,
805 2501 841 2532 et
861 2501 964 2542 prout
984 2507 1048 2542 par
1068 2496 1144 2538 fuit,
1165 2496 1370 2542 indignatus,
1393 2506 1572 2544 postquam

101 2538 136 2573 in
167 2541 254 2576 vivis
283 2553 351 2577 non
381 2548 562 2589 supererat
592 2543 653 2591 qui
683 2543 760 2578 falsi
795 2542 944 2578 criminis
965 2548 1086 2584 auctor
1115 2542 1348 2588 allegabatur,
1379 2544 1445 2589 ipsi
1468 2544 1570 2588 Sely-

101 2584 231 2621 briensi
247 2588 435 2623 calumniae
455 2590 566 2625 dicam
587 2589 747 2635 impegit,
780 2595 989 2635 questusque
1021 2588 1066 2622 de
1086 2588 1144 2622 illo
1166 2590 1257 2634 apud
1278 2590 1442 2634 synodum
1466 2590 1569 2634 petiit

103 2633 264 2667 canonio·
285 2645 356 2668 rem
377 2636 537 2680 cognosci
557 2636 790 2682 vindicarique
812 2641 942 2670 tantum
966 2634 1095 2676 scelus,
1117 2633 1301 2670 excusante
1322 2636 1378 2670 illo
1402 2640 1564 2680 quantum

102 2681 251 2720 potent,
272 2679 360 2714 baud
383 2692 422 2716 se
442 2683 529 2716 malo
551 2682 663 2717 animo
681 2682 874 2716 enuntiasse
896 2682 959 2715 sub
983 2691 1108 2715 arcano
1130 2681 1221 2728 qnod
1243 2693 1287 2716 ex
1309 2682 1375 2716 alio
1390 2681 1565 2715 rescisset.

103 2722 205 2766 (28)
240 2724 326 2777 baec
355 2726 432 2772 ipsa
461 2727 690 2773 expostulatio
723 2728 943 2774 patriarchae
965 2728 1172 2772 querelaque
1190 2729 1280 2774 apud
1303 2727 1466 2772 synodum
1489 2738 1565 2761 cum

102 2777 218 2802 curam
239 2773 434 2815 imperatori
468 2774 673 2815 adiecisset,
706 2785 750 2808 ne
781 2774 928 2819 cuipiam
958 2773 1067 2807 minus
1097 2775 1196 2819 plene
1218 2775 1263 2808 de
1284 2785 1323 2808 re
1344 2777 1420 2806 tota
1443 2772 1565 2807 edocto

101 2813 249 2859 suspicio
271 2816 363 2851 forte
383 2817 419 2852 in
443 2818 553 2866 ipsum
574 2819 790 2865 oboriretur,
819 2826 991 2866 tamquam
1021 2821 1113 2866 quod
1134 2819 1310 2855 audivisse
1336 2830 1379 2854 ex
1400 2818 1468 2854 alio
1490 2818 1566 2854 aie-
