1858 3126
602 161 705 205 LIB.
730 160 785 204 11.
799 188 808 192 »
847 158 1054 205 NOTAE.
1436 156 1534 202 751

91 273 274 326 pontifex
287 272 393 310 talia
404 272 615 322 permittit.
670 282 811 321 nempe
829 275 968 307 auctor
984 266 1328 306 annotatiunculae
1347 265 1539 317 significat

97 330 232 368 studio
249 327 485 381 reprobandi
501 340 612 365 usum
632 332 670 364 et
686 325 1008 364 consuetudinem
1028 324 1213 362 ecelesiae
1233 324 1426 361 Romanae
1442 337 1540 375 pro-

97 392 233 424 vectos
251 385 420 422 Graecos
439 382 716 420 schismaticos
732 382 780 418 ad
798 381 1010 431 negandam
1026 379 1252 419 istiusmodi
1268 378 1542 417 matrimonia-

97 442 194 480 lium
221 439 587 491 impedimentorum
616 437 916 484 relaxationem,
959 439 1070 487 quasi
1101 449 1185 473 eam
1222 434 1371 473 Veccus
1400 439 1539 472 contra

97 498 158 535 sas
176 501 403 534 attentasset
419 500 624 546 propterea
643 494 750 544 quod
768 492 934 531 Romani
949 491 1149 543 pontificis
1175 491 1445 529 auctoritatem
1469 502 1540 530 se—

126 558 294 590 ueretur.

99 566 123 604 q
209 621 247 659 p.
269 607 351 648 206
366 617 406 643 v.
423 603 464 646 4.
522 605 696 642 Eiurato
723 605 809 641 ritu
821 604 972 654 patrio.
1028 601 1108 652 agit
1133 601 1181 639 de
1198 601 1320 640 Maria
1340 600 1421 639 filia
1441 600 1542 651 regis

100 662 306 701 Armeniae
333 660 524 698 destinata
560 673 703 711 sponsa
732 657 917 697 Michaeli
946 658 1123 708 Augusto
1144 657 1311 706 iuniori,
1342 670 1460 708 quam
1482 658 1537 694 ait

99 732 220 771 opera
239 724 278 756 et
294 715 538 755 suasionibus
559 716 836 754 deducentium
858 715 1066 752 adductam
1092 713 1142 750 ad
1162 713 1394 751 eiurandum
1417 713 1541 751 ritum

98 774 286 826 patrium.
354 772 436 810 acri
473 772 579 809 circa
615 771 842 822 religionem
882 770 1047 808 discidio
1084 770 1256 807 invicem
1296 768 1541 806 abhorruisse

100 831 272 869 Graecos
312 834 350 866 et
394 827 583 866 Armenos
616 841 697 865 non
731 827 850 865 semel
886 826 930 864 in
978 825 1086 864 hisce
1126 823 1381 863 historiarum
1428 825 1539 862 libris

98 885 356 936 Pachymeres
401 883 544 924 innuit.
625 883 716 922 vide
770 883 847 920 vol.
879 882 895 920 1
939 895 978 933 p.
1006 882 1087 923 429
1100 909 1115 927 ,
1166 881 1248 919 vol.
1291 881 1330 918 11
1379 893 1420 932 p.
1458 881 1541 923 242

99 954 140 980 v.
170 944 222 983 10
247 954 334 992 sqq.
372 945 412 977 et
437 953 475 991 p.
506 941 602 980 520.
666 939 800 977 solitos
834 951 953 990 porro
1003 938 1174 975 Graecos
1214 950 1280 975 eos
1315 936 1385 988 qui
1421 936 1541 974 ritum

98 996 272 1049 patrium
315 1008 408 1034 cum
450 1008 520 1032 suo
553 1001 752 1032 mutarent
790 994 979 1032 unctione
1018 994 1130 1031 velut
1165 993 1321 1031 initiare
1359 992 1540 1043 quadam,

99 1058 140 1090 et
158 1052 226 1090 hic
245 1051 356 1090 vides
372 1064 395 1088 a
419 1058 555 1088 nostro
579 1050 771 1089 historico
796 1057 837 1089 et
854 1050 954 1088 infra
972 1063 1013 1101 p.
1034 1050 1116 1092 520
1137 1063 1176 1088 v.
1197 1052 1248 1091 16
1266 1049 1413 1087 diserte
1430 1048 1543 1087 affir-

99 1114 247 1146 matum
273 1107 323 1145 de
346 1106 546 1154 Armeni53
585 1112 624 1144 et
650 1107 753 1144 idem
780 1120 845 1144 eos
877 1118 1070 1156 usurpare
1097 1106 1142 1143 iu
1170 1105 1316 1143 Latinis
1341 1104 1390 1142 ad
1418 1105 1542 1142 ritum

101 1164 294 1202 Graecum
319 1162 630 1210 transeuntibus,
671 1162 883 1214 accipimus
914 1175 935 1200 e
958 1162 1083 1200 literis
1106 1167 1331 1200 nostrorum
1350 1160 1544 1211 hodieque

99 1219 142 1257 in
163 1219 324 1257 Graecia
340 1218 573 1268 degentium.

210 1288 251 1326 p.
270 1276 352 1316 209
370 1287 407 1312 v.
429 1277 492 1315 13.
548 1275 724 1311 Latinis.
780 1272 853 1311 hos
886 1272 1043 1309 Latinos
1065 1271 1172 1323 apud
1204 1272 1357 1310 Cretam
1377 1271 1545 1310 insulam

100 1329 219 1368 armis
251 1330 520 1380 praevalentes
549 1330 665 1366 fuisse
694 1329 862 1367 Venetos
893 1328 1045 1365 indicat
1075 1334 1211 1365 noster
1229 1328 1334 1365 infra
1351 1328 1379 1365 l.
1401 1331 1427 1369 7
1449 1341 1483 1365 c,
1501 1331 1541 1375 8,

101 1386 195 1424 dum
218 1383 380 1423 solvisse
404 1385 744 1436 Constantinopoli
770 1385 922 1422 Cretam
943 1396 1079 1421 versus
1097 1383 1352 1422 Athanasium
1372 1383 1547 1434 patriar-

102 1441 216 1479 cham
235 1440 542 1478 Alexandrinum
564 1454 664 1478 nave
686 1440 828 1478 Veneta
850 1445 1026 1479 testatur.
1083 1439 1152 1477 sed
1169 1446 1208 1478 et
1224 1439 1328 1477 idem
1346 1440 1374 1476 l.
1395 1442 1421 1480 3
1446 1452 1480 1476 c.
1495 1441 1547 1481 19

101 1498 205 1536 clare
221 1497 375 1535 dixerat
401 1498 553 1534 Cretam
577 1497 753 1548 paruisse
770 1496 937 1534 Venetis.

210 1566 249 1604 p.
269 1555 347 1594 211
367 1565 405 1591 v.
429 1556 495 1594 20.
552 1553 684 1590 mirari
704 1553 796 1590 licet
817 1550 1012 1603 quomodo
1029 1548 1387 1602 Philanthropenus
1403 1549 1547 1588 offerre

101 1608 367 1647 conditionem
400 1608 585 1645 connubii
614 1621 746 1646 secum
779 1607 874 1645 huic
909 1606 1063 1645 mulieri
1095 1607 1295 1657 potuerit,
1339 1618 1456 1656 quem
1495 1618 1548 1643 ex

100 1678 140 1716 p.
161 1667 245 1705 226
264 1677 303 1702 v.
322 1665 348 1704 9
376 1664 608 1713 intelligitur
630 1663 810 1701 habuisse
835 1670 933 1701 tunc
957 1663 1071 1699 aliam
1091 1662 1301 1710 legitimam
1324 1673 1487 1699 uxorem
1507 1666 1546 1699 et

101 1732 152 1758 ex
169 1732 213 1758 ea
232 1718 369 1757 filium.
425 1733 475 1757 an
502 1719 797 1770 repudiaturum
820 1732 860 1756 se
891 1718 1064 1756 ostendit
1090 1719 1292 1768 antiquam
1322 1716 1542 1766 coniugem,
1565 1722 1593 1756 P
1617 1721 1684 1756 538

101 1781 148 1813 ut
166 1776 300 1812 locum
322 1787 448 1812 novae
472 1775 611 1812 daret?
641 1789 689 1812 an
716 1775 868 1826 potius,
906 1788 996 1812 cum
1017 1773 1134 1811 sciret
1155 1774 1266 1810 istam
1285 1772 1446 1809 viduam
1463 1773 1545 1808 Sa-

101 1831 294 1880 lampaxis
312 1830 451 1867 Persae
474 1845 554 1868 non
582 1845 699 1868 unam
721 1830 796 1882 ipsi
821 1830 888 1868 sed
909 1828 1134 1881 primariam
1151 1829 1254 1865 inter
1272 1828 1407 1878 plures
1424 1826 1544 1865 fuisse

101 1897 288 1932 uxorem,
325 1885 499 1934 speravit
527 1886 636 1922 illam
668 1887 903 1924 credituram
934 1897 1046 1935 posse
1070 1883 1314 1920 connubium
1348 1882 1425 1920 rite
1449 1881 1544 1920 iniri

103 1953 193 1978 cum
212 1939 298 1977 viro
315 1946 598 1990 praeoccupato
616 1941 702 1977 aliis
722 1941 901 1990 nuptiis?
930 1953 1010 1985 seu,
1038 1939 1147 1988 quod
1166 1938 1299 1975 innuit
1316 1936 1542 1986 historicus,

89 2009 184 2033 ·non
195 2008 246 2032 ex
260 2008 356 2032 vero
370 1993 466 2031 haec
475 1994 542 2032 sed
557 2001 684 2032 astute
702 1994 1012 2032 obtendebantur
1031 1994 1080 2030 ad
1100 1993 1360 2031 inducendam
1370 1993 1412 2031 in
1430 1993 1542 2031 frau-

103 2051 192 2088 dem
213 2050 394 2087 feminam
413 2055 607 2098 exteram,
638 2056 677 2087 et
693 2050 750 2087 sic
765 2049 1003 2101 eripiendam
1036 2049 1071 2085 ei
1087 2061 1203 2098 quam
1224 2047 1379 2086 tenebat
1399 2062 1540 2087 arcem.

214 2119 254 2156 p.
278 2106 360 2147 225
377 2118 415 2143 v.
439 2107 500 2145 13.
558 2101 804 2145 ἀντιδόσεσιν
835 2106 953 2155 ἱερῶν
981 2104 1208 2156 ἒγκολπίων.
1265 2103 1314 2142 de
1333 2103 1411 2143 hoc
1432 2117 1542 2144 more

102 2160 285 2199 firmandi
312 2166 425 2210 pacta
455 2173 527 2211 per
553 2167 728 2198 mutuam
756 2159 1004 2198 traditionem
1022 2172 1224 2197 sacrorum
1241 2160 1501 2199 amuletorum
1520 2173 1543 2198 e

102 2216 208 2254 collo
246 2228 523 2266 suspensorum
568 2215 738 2253 videnda
777 2228 875 2265 quae
912 2215 1134 2252 notavimus
1172 2215 1368 2253 Glossario
1402 2215 1541 2268 priori,

101 2271 224 2310 verbo
241 2268 451 2322 ἔγκόλπια,
479 2270 546 2308 ubi
566 2271 760 2320 geminum
778 2269 872 2308 huic
891 2270 1150 2307 Cantacuzeni
1166 2270 1293 2308 locum
1315 2270 1342 2308 l.
1367 2274 1393 2312 3
1431 2286 1466 2311 c.
1487 2275 1541 2314 17

104 2340 127 2364 a
141 2327 411 2380 παρερμηνείᾳ
438 2326 655 2364 doctissimi
676 2326 824 2377 alioqui
853 2332 890 2364 et
909 2325 1191 2364 accuratissimi
1209 2327 1426 2366 necessario
1445 2327 1542 2367 vin-

102 2381 276 2420 dicamus
290 2381 529 2433 interpretis.

214 2451 254 2488 p.
275 2440 358 2480 238
381 2450 422 2476 V.
444 2440 510 2478 19.
568 2443 694 2473 terrae
721 2436 850 2473 motui
860 2465 872 2485 ,
912 2437 984 2486 qui
991 2449 1066 2486 per
1084 2435 1351 2474 excellentiam
1368 2451 1545 2488 magnus

104 2493 340 2542 cqvpellatur.
396 2499 495 2544 puto
522 2492 590 2530 hic
617 2491 728 2529 innui
746 2497 874 2530 terrae
904 2497 1054 2529 motum
1075 2493 1144 2542 qui
1172 2505 1275 2530 anno
1306 2491 1398 2530 Chr.
1432 2495 1542 2534 1202

106 2548 284 2585 omnium
301 2547 420 2586 fando
443 2548 666 2586 auditorum
683 2560 755 2599 per
773 2547 973 2586 Orientem
991 2546 1209 2585 dirissimus
1230 2547 1409 2598 contigit,
1425 2561 1540 2598 quem

103 2600 295 2640 Robertus
313 2602 525 2641 monachus
542 2603 873 2642 Autisiodorensis
897 2603 938 2640 in
971 2614 1039 2639 sua
1070 2601 1321 2654 chronologia
1346 2603 1541 2654 incepisse

106 2655 164 2693 ait
191 2657 324 2696 triduo
354 2664 443 2696 ante
471 2659 746 2697 Ascensionem
762 2690 773 2707 ,
812 2665 850 2696 et
873 2673 917 2696 eo
945 2658 1092 2708 Tyrum
1123 2658 1320 2696 Acconem
1345 2658 1539 2709 Tripolim

105 2715 178 2748 ete.
197 2724 334 2762 magna
349 2726 399 2751 ex
414 2719 526 2765 parte
545 2715 771 2752 concidisse.
797 2714 916 2752 huius
934 2713 1086 2763 antiqui
1104 2718 1230 2752 terrae
1251 2720 1380 2752 motus
1399 2713 1540 2751 memi-

105 2764 209 2804 nisse
221 2773 425 2819 poteraut,
455 2781 547 2807 cum
572 2769 647 2808 iste
672 2771 771 2808 aliua
801 2770 850 2808 de
874 2783 952 2822 quo
978 2774 1114 2808 noster
1131 2770 1208 2820 agit
1227 2769 1413 2809 hocloco
1431 2770 1539 2808 Gou-
