1858 3126
307 159 405 207 702
698 159 1008 206 OBSERVAT.
1035 161 1345 208 PACHYMER.

307 268 564 310 Ποσειδεωνα
581 275 714 308 noster
731 269 930 322 appellare
948 271 1167 322 consuevit,
1196 270 1379 311 hocloco
1401 276 1749 328 Μαιμακτηριῶνα
1780 272 1782 274 ’

306 325 465 365 dixerit.
522 338 616 363 sane
632 326 718 378 ipse
740 326 871 365 innuit
887 340 970 365 non
987 339 1036 365 ex
1055 327 1213 380 propria
1237 342 1278 366 se
1300 327 1368 367 hic
1386 330 1454 368 sed
1473 343 1521 369 ex
1538 332 1664 370 aliena
1685 333 1751 370 lo-

305 381 374 431 qui
395 383 587 420 sententia
602 411 613 431 ,
659 383 752 421 dum
773 382 882 422 hunc
903 397 1074 422 mensem
1094 398 1174 422 non
1201 385 1378 423 absolute
1406 388 1750 439 Μαιμακτηριῶνα

303 443 444 487 vocat,
475 438 543 476 sed
565 451 653 476 eum
684 440 751 490 qui
782 439 894 477 iuxta
923 440 1175 479 Athenienses
1204 441 1261 479 sic
1282 441 1523 493 appelletur;
1538 444 1751 508 ‘quemad—

164 495 194 529 P
217 495 282 531 495
306 494 466 532 modum
488 494 591 532 idem
613 509 654 546 p.
677 497 757 538 306
777 509 815 535 v.
829 500 855 538 7
886 496 1023 534 scribit
1047 497 1283 545 Ianuarium,
1312 511 1425 548 quem
1451 498 1636 536 nimirum
1651 499 1749 551 ipse,

306 557 350 589 ut
371 564 404 588 c.
429 554 448 591 1
476 550 502 589 l.
520 553 547 593 3
577 552 905 590 Obselvationum
933 553 1031 590 tomi
1064 553 1206 605 plioris
1235 554 1494 602 ostendimus,
1537 554 1750 593 Hecatom-

302 607 488 645 baeonem
516 607 666 645 iudicat
687 608 827 647 debere
851 609 1063 660 appellari,
1096 610 1335 648 Lenaeonem
1366 610 1477 648 iuxta
1498 610 1752 649 Athenienses

305 677 327 701 a
349 662 578 715 quibusdam
597 664 673 702 dici
691 694 701 713 ‚
732 678 810 703 non
829 672 934 704 recte
952 680 1023 703 suo
1043 666 1200 716 quidem
1222 665 1384 715 iudicio,
1413 679 1646 718 quamquam
1666 666 1753 718 ipse

306 720 520 771 aliquando
541 733 673 758 eorum
697 722 965 760 auctoritatem
986 728 1143 760 secutus
1169 722 1315 761 suisset.
1342 722 1466 761 simile
1487 723 1670 773 quiddam
1687 722 1754 760 hic

305 776 627 827 intelligendum,
656 778 726 815 etsi
746 785 884 816 auctor
905 792 975 829 pro
1000 792 1069 816 suo
1091 791 1198 817 more
1223 778 1386 817 obscure
1406 792 1451 817 ac
1472 779 1672 817 dimidiate
1690 791 1754 817 res

308 832 558 885 exprimendi
593 833 696 871 clare
722 835 859 885 utique
890 848 969 872 non
998 835 1168 882 indicat,
1207 835 1273 873 sed
1308 835 1484 874 absolute
1506 835 1664 873 videtur
1692 835 1754 873 ‹li-

309 902 398 927 oere
420 890 639 940 Augustum
664 889 965 929 Atheniensibus
985 890 1344 929 Maemacterionem
1372 904 1477 939 esse,
1508 904 1598 929 cum
1622 897 1755 929 tamen

308 946 403 984 satis
418 952 604 998 appareat
626 946 666 984 id
690 947 803 984 illum
825 961 902 984 non
924 947 1135 986 credidisse
1156 948 1269 999 plane
1291 949 1343 985 ita
1364 961 1404 986 se
1419 946 1573 986 habere.
1609 947 1753 985 etenim

310 1001 341 1039 si
360 1002 416 1039 sic
435 1008 632 1051 censeret,
662 1015 744 1041 non
763 1010 842 1040 tam
859 1017 974 1055 saepe
993 1003 1086 1041 alibi
1105 1005 1456 1042 Maemacterionts
1473 1003 1665 1042 vocabulo
1683 1003 1753 1042 Iu-

310 1058 443 1108 nium,
475 1059 693 1109 Augustum
715 1072 808 1098 vero
829 1058 1064 1097 Posideonis
1083 1059 1304 1101 indicasset.

424 1131 522 1167 μαμ
535 1113 733 1156 ἁκουθο
746 1131 779 1163 ς.
820 1112 999 1168 δεύτεραι
1025 1116 1231 1169 φροντίδες
1263 1115 1330 1156 καὶ
1356 1115 1484 1166 φίλων
1507 1117 1588 1155 τῶν
1606 1114 1753 1168 λογίων

310 1169 556 1224 ὑπομνήσεις
570 1179 783 1222 suggerunt
802 1172 870 1210 hic
892 1171 1041 1223 aliquid
1062 1172 1170 1223 quod
1194 1172 1334 1210 addam
1362 1172 1411 1209 ad
1438 1172 1531 1210 olim
1549 1185 1571 1209 a
1592 1184 1653 1209 me
1669 1184 1756 1209 no·-

309 1233 390 1264 tata
412 1228 461 1265 ad
479 1227 556 1265 hoc
578 1228 754 1266 verbum.
813 1229 986 1266 occurrit
1012 1228 1108 1266 mihi
1131 1228 1271 1266 deinde
1300 1229 1402 1267 sorte
1424 1227 1567 1279 legenti
1586 1228 1755 1267 Tzetzen

309 1281 428 1323 huius
450 1284 646 1323 enarratio
666 1284 850 1323 vocabuli
873 1283 1051 1322 Chiliade
1065 1283 1091 1324 4
1110 1284 1172 1322 his
1197 1283 1399 1322 versibus:

523 1337 667 1380 ταυτόν
695 1343 752 1409 τῷ
771 1336 1081 1406 βλιτομαμμοντι
1108 1336 1364 1392 μαμμᾶκυτος
1392 1338 1608 1408 σημαίνει,

526 1393 617 1449 ἤτοι
645 1394 776 1450 μωρὸν
806 1393 1103 1466 συγκρύπτοντα
1132 1393 1296 1448 μάμμαν
1323 1411 1364 1436 τε
1391 1395 1458 1436 καὶ
1485 1393 1552 1435 τὸν
1581 1409 1713 1448 αρτον.

522 1451 648 1505 μωρέ,
677 1453 777 1504 φησὶ
803 1451 877 1516 γάρ
905 1455 1144 1518 προφανῶς,
1175 1451 1395 1505 σύγκρυπτε
1419 1449 1462 1492 τὸ
1483 1466 1648 1504 μαμμαν
1669 1462 1752 1491 σου.

308 1507 450 1558 origini
471 1507 539 1546 hic
562 1509 758 1546 indicatae
777 1509 884 1547 vocis
909 1505 1202 1560 μαμμοῖκουθος
1220 1506 1298 1549 eino
1323 1511 1395 1560 τῆς
1411 1504 1573 1560 μάμμης
1590 1519 1754 1545 consen-

308 1569 423 1600 tanee
450 1565 588 1602 scribit
617 1564 894 1602 Phavor‘inus
884 1579 923 1602 111
946 1565 1115 1602 Lexico:
1145 1562 1429 1617 μαμμᾶκουθοι
1456 1561 1543 1603 ἀντὶ
1558 1565 1630 1603 τοῦ
1647 1578 1754 1614 μαμ-

307 1616 542 1671 μόθρεπτοι.
581 1620 776 1658 Henricus
795 1620 1046 1672 Stephanus
1035 1635 1074 1658 in
1098 1620 1294 1659 Thesauro
1318 1617 1650 1672 μαμμοθρέπτους
1674 1617 1755 1656 dici

306 1681 423 1727 putat
455 1690 598 1728 pueros
629 1677 786 1714 mollius
813 1683 853 1715 et
880 1677 1147 1726 indulgentius
1175 1677 1380 1725 educatos,
1419 1675 1550 1726 quales
1577 1674 1639 1712 illi
1659 1679 1754 1713 sunt

312 1732 381 1783 qui
402 1731 449 1770 ab
469 1733 555 1771 avia
579 1747 653 1784 pro
673 1746 811 1770 senum
837 1746 945 1770 more
974 1733 1140 1770 tenerius
1163 1732 1371 1784 nepotulos
1395 1737 1548 1769 amante
1565 1730 1755 1768 nutriun-

312 1794 389 1826 tul.
447 1789 637 1827 eiusmodi
666 1803 753 1827 cum
788 1789 932 1827 inertes
959 1795 998 1826 et
1028 1789 1244 1840 voluptarii
1266 1801 1346 1826 esse
1372 1788 1545 1835 soleant,
1572 1786 1665 1824 hinc
1687 1786 1755 1824 ad-

310 1844 482 1884 haesisse
508 1852 620 1898 putat
655 1845 846 1884 vocabulo
883 1841 1187 1897 μαμμόθρεπτος
1219 1844 1384 1882 similem
1418 1841 1688 1882 dissolutionis
1717 1847 1758 1880 et

314 1897 526 1950 ἀκολασίας
553 1903 750 1940 infamiam
782 1902 815 1939 ei
840 1915 956 1953 quam
972 1902 1099 1939 Latini
1115 1914 1190 1939 usu
1213 1901 1377 1951 antiquo
1395 1899 1610 1938 affixerunt
1632 1897 1755 1937 verbo

313 1973 445 2009 nepos·-
501 1959 556 1997 ita
574 1959 658 2007 ille;
690 1972 739 1997 ex
763 1958 874 1996 cuius
894 1957 1085 1997 sententia
1102 1958 1253 1995 nullam
1281 1955 1469 1995 stultitiae
1487 1970 1530 1994 ac
1551 1954 1756 1993 hebetudi-

313 2015 376 2052 nis
396 2015 561 2064 mentis,
590 2015 656 2053 sed
676 2015 801 2053 solum
830 2014 1001 2052 luxuliei
1028 2013 1310 2052 indicationem
1337 2013 1556 2052 contineret
1577 2010 1757 2051 vocabu-

313 2071 395 2108 lum
416 2068 734 2123 μαμμὸθρεπτος,
764 2078 880 2122 atque
899 2072 994 2109 adeo
1012 2084 1093 2108 non
1112 2070 1371 2122 aequivaleret
1386 2071 1442 2124 τῷ
1461 2063 1755 2122 μαμμακούθω,

314 2135 433 2177 prout
463 2130 577 2166 docet
602 2128 867 2176 Phavorinus3
900 2128 962 2165 cui
986 2133 1142 2176 tamen,
1170 2132 1217 2164 ut
1242 2126 1406 2177 opinor,
1435 2125 1561 2163 tutius
1579 2123 1755 2162 creditur

314 2185 512 2222 enarianti
539 2198 628 2222 suae
662 2185 816 2234 linguae
844 2183 1010 2234 oligines
1040 2156 1156 2232 quari)
1174 2189 1285 2220 tanto
1314 2181 1522 2220 recentiori
1542 2180 1755 2218 Gramma-

311 2239 415 2285 lico,
447 2241 695 2291 quantumvis
718 2248 927 2288 accurato,
957 2239 1172 2290 Stephano.
1230 2238 1356 2276 multo
1388 2237 1512 2288 igitur
1531 2234 1670 2274 melior
1683 2234 1755 2271 illa

311 2296 421 2332 VOcis
454 2293 760 2348 μαμμόθρεπτος
787 2269 982 2347 expositio
1010 2302 1067 2333 est
1098 2308 1213 2347 quam
1236 2293 1405 2345 suggelit
1442 2295 1480 2331 S.
1513 2289 1754 2340 Augustinus

314 2351 512 2389 Concione
530 2352 584 2394 2
573 2366 613 2389 111
633 2353 757 2390 Psalm
771 2355 838 2401 30,
860 2352 909 2389 ad
928 2352 997 2389 illa
1016 2352 1133 2390 verba
1152 2365 1188 2390 v.
1206 2352 1279 2392 15:
1309 2363 1378 2401 ego
1398 2355 1531 2386 autem
1552 2348 1594 2384 in
1612 2353 1648 2382 te
1666 2359 1755 2396 spe..

314 2409 408 2444 ravi
440 2407 608 2445 domine.
676 2410 714 2445 si
748 2407 939 2454 attendi-5,
990 2407 1141 2458 inquit,
1179 2405 1316 2443 adhuc
1344 2405 1562 2451 hominem,
1601 2408 1637 2439 et
1665 2415 1756 2439 eum

317 2465 478 2515 quaeris
498 2465 655 2500 imitari
676 2471 711 2500 et
734 2478 777 2500 ex
794 2464 864 2500 illo
877 2462 1232 2514 pende1e‚adlmc
1250 2462 1352 2500 lacte
1371 2461 1431 2496 vis
1451 2460 1603 2496 nutriri
1622 2465 1657 2495 et
1673 2458 1755 2509 fies

316 2519 686 2570 mammossneptus,
719 2519 857 2570 quales·
882 2517 1074 2556 dicuntur
1093 2521 1214 2570 pueri
1242 2518 1314 2569 qui
1342 2516 1416 2554 dia
1442 2521 1614 2566 augunt,
1643 2511 1758 2565 quod

319 2590 397 2614 non
428 2575 543 2614 decet.
600 2581 738 2612 notum
766 2580 895 2612 autem
929 2581 988 2612 est
1020 2573 1283 2625 experientia,
1312 2572 1422 2609 cuius
1442 2572 1637 2622 assignant
1655 2583 1755 2608 cau-

319 2646 401 2670 sam
425 2630 588 2680 medici,
618 2643 761 2682 pueros
795 2630 862 2680 qui
884 2643 962 2667 non
992 2629 1237 2667 ablactantur
1254 2627 1504 2679 tempestive,
1533 2626 1755 2665 adolescere

320 2689 462 2728 bardos
480 2702 524 2726 ac
541 2686 733 2738 stupidos,
763 2692 801 2723 et
819 2686 951 2736 quales
972 2685 1247 2723 describuntur
1266 2684 1313 2721 ab
1333 2682 1594 2751 Aristophane
1612 2676 1756 2747 βατρᾶ·

320 2760 425 2797 χοις,
457 2745 526 2785 fol.
551 2746 628 2786 123
645 2757 682 2794 p.
697 2745 723 2784 2
753 2742 813 2780 ed.
834 2742 979 2779 Graeca
1004 2740 1252 2779 Florentinae
1274 2740 1364 2778 311111
1386 2741 1507 2782 1525.
1545 2732 1756 2791 αβελιτεραῖ-Ι

319 2816 446 2854 τεροι,
483 2796 710 2854 κεχηνότες,
748 2793 1034 2852 μαμμοὶκυθοι,
1067 2797 1188 2837 stulte
1214 2795 1405 2836 hiabundi
1433 2801 1473 2836 et
1498 2795 1659 2835 salivam
1686 2803 1754 2832 ore
