1858 3126
132 492 157 524 P
180 489 244 525 551

273 147 372 194 766
669 142 987 189 OBSERVAT.
1020 144 1337 189 PACHYMER.

270 256 401 307 aliquo
419 253 630 293 intervallo
653 259 745 307 post
762 253 953 293 hactenus
974 254 1120 306 scripta
1139 253 1396 307 Pachymeres
1411 257 1520 309 operi
1536 269 1577 295 se
1594 255 1733 296 reddi-

270 313 371 351 derit
380 326 391 360 ;
419 317 460 349 et
475 311 510 348 ei
526 311 583 350 rei
602 311 699 350 dum
714 324 755 350 se
775 312 994 362 accingeret
1009 317 1302 362 eventuumque
1316 313 1606 352 narrandorum
1623 319 1734 351 atro-

269 369 427 406 citatem
462 374 692 419 reputaret‚
734 368 812 407 hac
841 369 1000 407 lectoris
1030 368 1410 421 praemonitiuncula
1441 369 1733 421 proludendum

267 423 480 476 putaverit.

382 494 424 532 p.
446 480 528 522 456
549 494 590 521 v.
613 482 682 520 ult.
732 480 845 528 Quae
866 479 1047 532 deinceps
1077 480 1251 532 pertexit
1280 480 1328 518 ‹le
1362 480 1524 518 Cazanis
1553 480 1733 520 laudibus

264 536 544 589 Pachymeres,
573 547 666 575 satis
683 543 905 588 congruunt
924 551 1013 575 cum
1031 537 1077 575 iis
1098 550 1197 588 quae
1220 536 1432 588 Aythonus
1451 537 1643 575 Villanius
1661 539 1733 575 Sa-

264 600 388 633 nutus
409 600 449 632 et
471 596 509 633 S.
531 594 756 632 Antoninus
779 593 827 631 de
848 594 916 631 illo
934 600 1176 640 memorant,
1207 606 1307 645 quae
1323 593 1414 631 vide
1439 593 1604 632 collecta
1628 594 1734 645 apud

265 652 562 690 continuator-es
581 651 740 689 Baronii
760 650 975 688 Henricum
991 650 1249 702 Spondanum
1267 656 1308 689 et
1325 650 1542 689 Odoricum
1558 650 1735 702 Raynal-

267 708 385 757 dum,
415 708 466 746 ad
485 721 607 746 annos
632 709 739 750 1294
763 711 866 749 1301
888 713 929 744 et
951 707 1070 750 1304.

379 778 420 816 p.
443 763 526 807 457
553 778 592 803 v.
613 767 679 805 22.
739 763 846 801 Haec
871 764 1032 802 Cazanis
1065 764 1254 802 adversus
1273 762 1478 801 Sultanem
1500 761 1636 814 Syriae
1661 773 1735 800 ex-

267 821 418 874 peditio
441 820 643 859 ocul‘atum
670 820 718 857 ab
740 819 948 870 Aythono,
978 820 1047 870 qui
1074 822 1109 859 ei
1138 834 1177 858 se
1195 819 1415 858 interfuisse
1436 825 1592 867 narrat,
1620 818 1735 856 testi-

268 878 447 916 monium
469 877 599 915 habet.
657 878 779 915 refert
798 877 831 914 is
853 877 954 915 Hist.
976 877 1045 916 Or.
1067 891 1101 919 c.
1124 877 1174 919 41
1202 877 1415 915 Cassanum
1439 888 1568 926 regem
1590 875 1735 912 Tarta-

270 947 408 973 rorum
427 934 717 982 Christianum,
747 947 828 971 una
853 947 942 971 cum
962 934 1118 985 regibus
1142 933 1346 972 Armeniae
1366 939 1406 970 et
1423 932 1609 983 Georgiae
1625 931 1736 983 pari-

270 997 335 1029 ter
359 991 609 1040 Christianis,
640 990 890 1041 expeditione
917 991 1177 1029 communiter
1202 995 1380 1041 suscepta
1407 988 1566 1027 duxisse
1595 993 1732 1025 contra

270 1047 611 1086 Melechnazerum
626 1048 830 1085 Sultanem
847 1047 1027 1098 Aegypti,
1048 1048 1183 1098 Syriae
1205 1047 1486 1094 dominantem,
1518 1043 1734 1083 exercitum

273 1105 540 1143 ducentorum
565 1104 753 1151 millium,
782 1117 962 1154 magnam
987 1110 1138 1154 partem
1169 1104 1368 1152 equitum3
1396 1108 1437 1140 et
1463 1106 1734 1139 occurrentem

271 1161 345 1199 sibi
365 1162 568 1200 Sultanem
590 1160 696 1213 apud
720 1161 909 1210 Hamam,
936 1161 1104 1210 antiquis
1123 1161 1298 1198 Emesam
1324 1159 1492 1207 dictam,
1521 1170 1613 1195 cum
1640 1169 1735 1194 cen-

270 1224 359 1256 tum
389 1218 565 1269 equitum
597 1217 769 1256 millibus
803 1224 843 1256 et
876 1217 1031 1254 infinita
1061 1216 1316 1255 multitudine
1339 1215 1540 1267 peditum,
1586 1212 1734 1263 ingenti

268 1275 417 1327 praelio
442 1275 587 1313 fudisse
618 1275 828 1325 fugereque
857 1274 899 1311 in
916 1274 1137 1325 Aegyptum
1171 1273 1347 1324 coegisse.
1403 1271 1524 1321 idque
1553 1281 1735 1322 praesens

268 1331 482 1396 Aythonus
510 1331 717 1382 contigisse
742 1331 796 1368 ait
825 1330 888 1368 die
906 1330 1091 1368 Mercurii
1120 1336 1212 1368 ante
1240 1331 1384 1367 festum
1414 1326 1636 1366 nativitatis
1659 1325 1735 1364 do-

267 1388 378 1427 mini.
435 1388 636 1427 existimat
655 1387 894 1439 Spondanus
914 1387 965 1425 ad
993 1400 1056 1425 an.
1075 1386 1168 1428 Chr.
1191 1389 1299 1428 1300
1321 1399 1361 1425 n.
1382 1388 1402 1426 1
1423 1384 1466 1423 id
1486 1382 1735 1422 referendum

268 1445 321 1482 ad
343 1445 594 1483 Decembrem
614 1444 825 1495 superioris
847 1444 940 1482 anni
961 1443 1052 1482 Chr.
1077 1446 1208 1491 1299,
1237 1456 1315 1492 quo
1344 1441 1477 1493 cyclus
1496 1440 1588 1478 solis
1607 1441 1663 1481 20
1685 1438 1736 1476 li—

266 1507 395 1539 teram
427 1501 700 1539 dominicalem
729 1501 759 1538 D
794 1499 956 1547 habuit,
985 1503 1096 1538 cuius
1122 1499 1269 1538 indicio
1295 1497 1564 1550 cognoscimus
1592 1494 1736 1532 Christi

266 1557 438 1595 natalem
459 1558 525 1594 illo
544 1570 648 1594 anno
667 1557 874 1594 incidisse
864 1571 906 1594 111
927 1557 1062 1594 feriam
1082 1562 1248 1597 sextam.
1305 1566 1427 1606 quare
1444 1558 1498 1596 23
1514 1550 1735 1589 Decembris

266 1614 364 1652 seria
395 1619 558 1663 quarta,
589 1613 650 1650 die
677 1619 768 1650 ante
790 1612 933 1650 Christi
963 1613 1130 1650 natalem
1167 1611 1303 1660 tertia,
1334 1610 1462 1649 clades
1493 1608 1559 1646 illa
1581 1606 1734 1645 Sultani

270 1670 492 1720 contigerit.
561 1668 635 1706 nisi
667 1669 753 1719 quis
781 1675 888 1706 lelro
921 1681 1003 1706 eam
1039 1681 1198 1706 movere
1227 1667 1279 1704 ad
1309 1679 1457 1705 annum
1493 1663 1734 1715 superiorem

270 1726 418 1764 Christi
441 1728 547 1768 1298
575 1724 704 1774 malit,
735 1738 813 1776 quo
839 1725 968 1775 vigilia
999 1725 1140 1762 natalis
1159 1723 1306 1762 Christi
1328 1724 1409 1761 dies
1435 1719 1622 1760 Mercurii
1643 1720 1734 1758 suit.

271 1783 322 1822 de
340 1782 402 1821 his
422 1781 654 1820 disseremus
672 1788 808 1833 postea
827 1781 851 1820 l.
871 1785 896 1823 3
916 1781 1057 1820 harum
1077 1781 1171 1820 Obs.
1193 1794 1225 1819 c.
1244 1784 1271 1822 7
1295 1793 1334 1820 n.
1358 1781 1424 1821 19.

382 1852 421 1878 v.
441 1840 507 1881 28.
564 1838 668 1877 Ante
678 1837 808 1876 omnia
827 1838 967 1876 lectori
985 1838 1179 1876 rationem
1195 1836 1321 1876 reddo
1334 1833 1538 1887 suppletae
1555 1846 1579 1870 a
1593 1844 1656 1871 me
1674 1831 1734 1870 la-

274 1908 422 1965 cupae,
453 1907 554 1945 quae
581 1894 683 1933 hic·
672 1909 714 1933 m
739 1907 798 1933 ms
826 1893 1050 1961 archetypis
1073 1893 1220 1932 hiabat.
1277 1893 1333 1931 sic
1348 1892 1451 1930 enim
1470 1891 1525 1929 ibi
1543 1894 1670 1928 extat:
1700 1887 1738 1928 εἰ

274 1949 332 2006 μή
350 1949 383 2006 γ’
399 1952 538 2006 ἐκείνῳ
554 1967 599 1992 το
590 1949 658 1992 ἐν
673 1954 761 2018 τῷ.
848 1949 1009 1992 Λεόντων
1024 1946 1223 2002 ἇμμῶδες.
1265 1962 1334 2001 ego
1349 1950 1453 1987 inter
1467 1950 1526 2003 τῷ
1541 1952 1582 1985 et
1599 1943 1735 1987 τόπων

275 2010 356 2047 duo
381 2007 479 2046 haec
504 2008 626 2047 verba
647 1994 787 2061 πρόσω
809 2012 951 2061 χωρεῖν
971 2006 1178 2046 inserenda
1204 2007 1355 2055 censui,
1383 2018 1466 2043 non
1491 2004 1574 2042 sine
1593 2000 1736 2041 verisi-

273 2065 495 2104 militudine
524 2065 724 2103 confidens
748 2064 859 2102 haud
878 2064 991 2115 longe
1018 2064 1073 2102 sic
1102 2077 1126 2101 a
1147 2076 1242 2103 vera
1272 2060 1500 2116 primigenia
1523 2058 1735 2111 scriptione

274 2121 406 2159 abesse
422 2121 531 2159 hunc
548 2122 604 2159 ita
621 2121 844 2173 suppletum
862 2121 1005 2160 locum.

385 2191 423 2228 p
447 2178 528 2219 458
555 2191 596 2218 v.
619 2179 692 2217 ult.
750 2178 858 2216 Haec
876 2191 976 2228 quae
1002 2175 1260 2228 Pachymeres
1287 2174 1365 2214 hoc
1390 2174 1478 2213 loco
1507 2171 1556 2210 de
1583 2171 1734 2209 cazane

271 2233 432 2278 scribit,
461 2235 629 2271 caruisse
651 2235 764 2272 illum
791 2235 944 2283 liberis,
972 2247 1054 2272 non
1080 2234 1179 2271 bene
1209 2232 1422 2270 cohaerent
1449 2242 1539 2268 cum
1556 2227 1604 2266 iis
1633 2238 1734 2276 quae

270 2288 463 2327 Villanius
481 2290 507 2327 1.
526 2293 551 2331 8
571 2304 605 2331 c.
629 2292 680 2332 35
699 2297 739 2328 et
759 2304 810 2328 ex
830 2304 874 2328 eo
895 2292 1060 2328 Sanctus
1079 2289 1301 2328 Antoninus
1321 2289 1384 2326 tit.
1403 2290 1458 2329 20
1477 2299 1511 2324 c.
1528 2287 1555 2327 8
1583 2281 1613 2334 §⁸
1633 2284 1659 2323 9
1683 2294 1734 2320 ex

269 2345 457 2383 relatione
483 2346 688 2384 cuiusdam
713 2346 807 2384 civis
825 2347 1044 2384 Florentini
1070 2345 1168 2384 diu·
1158 2360 1199 2384 ιη
1219 2344 1378 2383 Perside
1404 2340 1550 2381 versati
1580 2351 1734 2377 memo—

271 2408 378 2443 rant.
437 2401 621 2439 nimirum
644 2404 809 2440 Cassano
835 2416 1001 2441 uxorem
1023 2403 1141 2440 fuisse
1160 2403 1280 2440 filiam
1299 2400 1398 2450 regis
1417 2395 1621 2436 Armeniae
1641 2407 1734 2446 spe-

271 2457 535 2504 ciosissimam,
567 2459 821 2508 eamdemque
839 2458 1120 2504 Christianam3
1153 2471 1203 2496 ex
1222 2470 1299 2507 qua
1320 2469 1408 2494 cum
1433 2454 1468 2491 ei
1492 2458 1607 2491 natus
1634 2456 1734 2489 esset

268 2514 373 2553 filius
393 2515 449 2552 ita
468 2513 652 2551 deformis
670 2521 716 2551 ut
737 2515 807 2552 vix
824 2514 987 2552 humani
1009 2514 1156 2564 aliquid
1175 2513 1319 2551 habere
1345 2510 1570 2557 videretur,
1600 2508 1733 2545 Cassa-

269 2584 367 2609 num
383 2582 550 2609 uxorem
565 2570 676 2620 quasi
696 2577 936 2620 compertam
954 2570 1140 2608 adulterii
1158 2583 1237 2607 una
1257 2581 1345 2606 cum
1364 2571 1600 2612 monstroso,
1617 2577 1735 2614 quem

270 2640 323 2666 ex
341 2640 381 2664 se
401 2632 561 2677 negaret
579 2627 753 2675 editum,
779 2627 886 2664 foetu
913 2626 1097 2664 incendio
1117 2625 1252 2676 perimi
1280 2623 1495 2662 mandasse.
1551 2620 1622 2658 sed
1643 2632 1734 2658 cum

270 2684 516 2735 impetrasset
542 2696 564 2720 a
589 2684 756 2722 cassano
781 2682 920 2721 mulier
950 2687 995 2720 ut
1025 2682 1096 2719 sibi
1122 2694 1193 2732 per
1222 2694 1310 2719 eum
1338 2681 1492 2726 liceret,
1523 2683 1732 2728 antequam

270 2740 439 2778 flammis
459 2752 550 2778 cum
571 2753 696 2792 puero
714 2739 953 2786 traderetur,
984 2739 1222 2776 consessione
1243 2737 1350 2788 apud
1368 2734 1609 2774 sacerdotem
1634 2745 1734 2784 pur-

273 2810 364 2849 gare
384 2797 558 2836 animum
576 2802 615 2836 et
630 2809 779 2835 sacram
796 2794 1069 2835 eucharistiam
1084 2793 1284 2848 percipere
1303 2794 1503 2844 filiumque
1517 2789 1733 2843 baptizare,
