1820 3112
232 156 328 203 126
646 157 883 202 GEORGII
915 121 1270 203 PACHYMERIS

224 271 383 313 κασίαν.
454 270 522 312 καὶ
554 268 632 327 γὰρ
663 271 730 312 καὶ
760 271 799 313 οἳ
830 269 1039 314 ἀντίθετοι
1067 269 1203 331 τούτῳ
1231 272 1395 330 εὖφυῶς
1416 271 1692 331 ἀπεκρούοντο

222 340 274 381 τὰ
300 343 375 394 τῆς
396 339 588 395 κρίσεως,
628 338 703 381 οὐκ
734 341 791 388 εἷς
822 340 1032 397 συμφέρον
1062 339 1233 384 ἔσεσθαι
1253 342 1351 393 τοὺς
1366 341 1512 399 λόγους
1529 347 1693 386 πολλῶν

220 407 471 461 κινηθέντων
501 405 878 462 διαβεβαιούμενοι,
926 408 1093 452 ἔπειθον
1130 411 1176 453 δέ
1211 412 1385 463 βασιλέα
1422 411 1591 465 πέμπειν
1623 414 1693 455 καὶ

219 475 360 526 ἀξιοῦν
382 476 568 531 παρέχειν
588 478 774 530 λίβελλον
805 475 1102 532 παραιτήσεως.
1173 481 1280 534 μηδὲ
1303 480 1382 536 γὰρ
1404 481 1460 530 εἷς
1480 480 1692 537 συμφέρον

222 544 395 586 ἔσεσθαι
415 545 489 600 τὴν
511 545 704 598 ἐξέτασιν,
744 545 895 595 αὐτοὺς
918 546 964 588 δ’
988 547 1176 590 ἐντεῦθεν
1198 546 1407 604 ὁμολογεῖν
1427 548 1590 604 εὐσεβῆ,
1607 550 1724 593 ,καὶὸ

221 613 380 668 μηδένα
399 613 472 656 τὸν
492 614 716 670 δισταγμὸν
741 616 805 656 ἐπὶ
825 622 915 664 ταῖς
940 622 1054 667 σαῖς,
1092 618 1217 671 φησί,
1254 617 1390 674 φέρειν
1412 616 1573 670 δόξαις,
1610 615 1694 672 μό-

221 699 291 724 νον
314 683 359 724 δὲ
377 684 731 738 σκανδαλισθῆναι
751 683 818 725 διὰ
843 683 889 726 τὸ
910 688 986 726 τοῦ
1010 683 1193 737 Μάρκου
1210 684 1403 741 γράμμα,
1441 686 1463 729 ὃ
1480 687 1547 728 καὶ
1567 685 1695 736 αὐτὸς

169 753 203 788 D
227 750 278 793 σὺ
304 749 479 807 φθάσας
497 749 691 801 πολλάκις
711 759 802 802 ταῖς
825 751 1050 804 ἀποβολαΐς
1071 754 1252 804 δέδωκας
1272 752 1328 804 ὦς
1347 753 1462 811 παρὰ
1495 753 1541 798 τὸ
1563 753 1693 809 ὄρθὸν

222 821 421 863 συντεθὲν
441 825 514 875 τῆς
542 825 679 875 κοινῆς
708 819 830 875 δόξης
851 826 925 876 τῆς
948 822 1160 877 ἐκκλησίας
1169 855 1181 874 ,
1212 825 1279 864 καὶ
1297 822 1365 865 διὰ
1381 827 1514 866 ταῦτα
1536 823 1694 865 δίκαιον

221 886 321 931 εἶναι
349 893 515 942 βασιλεῖ
537 906 580 932 τε
606 891 830 932 πείθεσθαι
861 890 912 932 τὰ
926 890 1089 946 χρηστὰ
1116 890 1440 945 συμβουλεύοντι
1459 893 1526 934 καὶ
1543 893 1690 947 εἶρηνι-
1705 898 1749 933 10

220 961 302 1007 κῶς
324 956 611 1002 ἀπαλλάττειν.
678 963 813 1001 ταῦτα
832 957 1026 1009 πολλάκις
1044 960 1295 1015 διεμηνύετο,
1327 960 1423 1003 ἀλλ’
1446 959 1521 1003 οὐκ
1541 959 1690 1004 ἔπειθε.

220 1028 293 1069 καί
309 1026 349 1083 γ’
373 1027 435 1069 ἐπὶ
457 1031 624 1077 πολλοῖς
645 1029 712 1069 καὶ
730 1027 802 1070 τὸν
818 1025 910 1070 τότε
930 1030 1167 1083 κοιαίστορα
1187 1027 1389 1083 Χούμνον
1409 1030 1477 1072 καὶ
1497 1028 1570 1071 τὸν
1593 1044 1695 1084 συγ-

220 1093 435 1153 γράφοντα
478 1094 642 1149 συνάμα
677 1096 848 1150 πέμπων
882 1094 903 1139 ὅ
942 1097 1138 1151 βασιλεῦς
1171 1098 1422 1152 προσέταττε
1462 1097 1588 1153 λέγειν
1625 1098 1695 1139 καὶ

220 1164 360 1215 ἀξιοῦν
390 1163 443 1207 τὰ
469 1164 576 1207 αὐτοὶ
611 1164 716 1221 παρ’
751 1165 896 1208 αὐτοῦ.
975 1171 1269 1222 τυραννεῖσθαι
1298 1166 1377 1223 γὰρ
1396 1170 1448 1223 τῇ
1469 1167 1524 1214 εἰς
1545 1166 1694 1208 ἐκεῖνον

170 1237 203 1272 Ε
228 1231 365 1290 ἀγάπῃ
385 1235 449 1275 ἒπὶ
468 1238 525 1292 τῷ
544 1233 662 1290 μέχρι
685 1230 810 1276 τόσου
834 1234 909 1288 τὴν
931 1235 1145 1289 ἐκκλησίαν
1166 1235 1465 1290 κυμαινομένην
1482 1237 1690 1290 περιορᾶν,
1705 1239 1748 1275 15

218 1304 286 1345 καὶ
305 1303 434 1358 μηδὲν
454 1303 608 1359 ἐφεῖναι
628 1309 713 1353 τοῖς
729 1302 824 1345 κατ’
849 1304 1000 1346 ἐκείνου
1026 1302 1129 1347 ὥστε
1149 1305 1216 1346 καὶ
1234 1303 1355 1347 πλέον
1371 1321 1410 1347 τι
1427 1302 1540 1360 παρὰ
1563 1302 1611 1346 τὸ
1637 1303 1695 1345 εἲ·

217 1445 279 1469 sua
305 1434 526 1468 festinassent
548 1434 797 1479 subscriptione
819 1434 1096 1469 inconsultissime
1111 1434 1259 1469 firmare.
1304 1445 1373 1480 quo
1394 1438 1542 1480 utroque
1561 1432 1696 1468 nomine

218 1481 298 1559 quin
323 1492 450 1525 poenas
474 1480 640 1514 ecclesiae
663 1481 850 1523 deberent,
883 1493 949 1515 non
973 1482 1148 1516 videretur
1172 1492 1273 1525 posse
1292 1480 1452 1515 dubitari.
1499 1479 1551 1514 his
1573 1490 1697 1513 secun-

244 1526 273 1560 is
298 1526 559 1570 cogitationibus
583 1527 626 1560 de
649 1526 758 1572 priori
780 1533 862 1562 tunc
894 1527 1031 1561 consilio
1059 1528 1234 1561 detractus
1257 1526 1491 1567 Andronicus,
1526 1537 1602 1560 eum
1631 1524 1696 1558 mid

219 1573 322 1606 sisset
345 1572 405 1617 qui
429 1572 544 1606 iudicii
567 1577 767 1617 apparatum
792 1573 999 1614 disiicerent,
1023 1574 1112 1607 haud
1137 1574 1276 1607 multum
1298 1572 1322 1606 ii
1343 1575 1574 1617 repugnantes
1595 1571 1696 1604 inve-

218 1622 342 1652 nerunt
376 1624 595 1653 accusatores
628 1619 859 1663 patriarchae.
907 1620 942 1653 hi
976 1619 1063 1653 enim
1093 1630 1189 1653 suum
1223 1630 1359 1664 quoque
1391 1619 1539 1663 ipsorum
1567 1616 1602 1650 in
1633 1615 1695 1650 tali

220 1675 325 1698 causa
348 1664 438 1698 verti
462 1664 647 1707 periculum
669 1664 923 1704 intellexerant,
955 1665 1058 1698 veriti
1083 1676 1125 1698 ne
1148 1664 1268 1707 motis,
1302 1669 1342 1698 ut
1365 1663 1430 1706 fit,
1450 1674 1493 1697 ea
1514 1661 1695 1697 occasione

219 1710 331 1744 multis
356 1709 483 1754 aliquid
506 1710 742 1754 detegeretur,
776 1711 867 1756 quod
897 1722 1006 1752 grave
1030 1710 1114 1756 ipsis
1137 1711 1290 1745 damnum
1315 1712 1521 1744 accerseret.
1567 1708 1694 1742 confir-

220 1762 355 1790 marunt
377 1767 458 1799 ergo
484 1756 606 1801 cupide
629 1756 866 1801 imperatorem
897 1757 931 1790 in
955 1768 1041 1791 nova
1070 1757 1238 1790 sententia
1261 1756 1376 1790 iudicii
1401 1753 1600 1795 omittendi,
1631 1765 1696 1788 au-

221 1808 403 1847 ctoresque
426 1801 473 1835 illi
495 1803 592 1836 fuere
614 1802 768 1836 mittendi
791 1803 835 1837 ad
859 1803 1065 1847 Gregorium
1095 1802 1155 1848 qui
1177 1802 1325 1837 libeilum
1358 1801 1582 1846 abdicationis
1603 1798 1697 1834 sedis

221 1849 265 1882 ab
289 1859 329 1882 eo
353 1853 552 1893 poscerent,
576 1852 757 1893 praetextu
780 1848 888 1894 ipsius
911 1850 1022 1882 famae
1046 1848 1253 1882 consulendi.
1299 1859 1373 1882 cum
1397 1847 1486 1882 enim
1509 1846 1579 1880 sint
1601 1843 1697 1880 anci—-

220 1894 312 1939 pites
334 1894 533 1928 iudiciorum
556 1894 688 1936 exitus,
720 1894 841 1928 videre
865 1896 1020 1939 profecto
1048 1895 1159 1939 ipsum
1183 1905 1284 1940 quam
1307 1895 1399 1928 foret
1420 1892 1487 1927 sibi
1509 1895 1611 1938 turpe
1633 1891 1698 1926 da-

220 1940 341 1974 mnari.
386 1940 555 1974 victoriae
579 1945 691 1975 autem
714 1940 868 1975 incertae
890 1940 1037 1975 sructum'
1061 1945 1191 1974 certum
1214 1940 1282 1974 iam
1306 1951 1395 1974 nunc
1415 1939 1502 1973 citra
1524 1943 1698 1972 certamen

220 1986 357 2019 offerri:
393 1986 636 2031 promittebant
666 1986 816 2032 quippe,
848 1987 947 2020 simul
976 1987 1021 2020 ab
1055 1998 1096 2020 eo
1129 1987 1345 2031 accepissent
1367 1984 1528 2020 cessionis
1552 1994 1698 2029 syngra-

222 2034 335 2076 pham,
359 2043 397 2065 se
421 2032 567 2067 vicissim
591 2033 642 2066 illi
664 2033 893 2067 testimonium
917 2032 1147 2067 authenticum
1170 2033 1330 2074 daturos,
1361 2043 1429 2078 quo
1458 2031 1491 2065 is
1516 2030 1618 2076 plane
1639 2039 1698 2063 or·-

221 2078 391 2111 thodoxus
423 2081 458 2111 et
491 2079 534 2112 ab
569 2078 655 2112 omni
688 2091 816 2124 pravae
848 2078 1025 2113 doctrinae
1058 2078 1252 2124 suspicione
1283 2078 1414 2112 alienus
1448 2077 1696 2117 declararetur,

223 2125 324 2168 culpa
348 2124 421 2157 eius
444 2123 575 2158 demum
598 2125 686 2159 omni
709 2126 851 2159 redacta
868 2125 904 2159 in
928 2136 994 2159 non
1016 2125 1118 2159 valde
1139 2125 1330 2170 pudendam
1353 2123 1595 2169 negligentiam
1615 2130 1698 2167 per·-

222 2169 408 2203 mittendae
431 2170 589 2204 editionis
612 2171 841 2206 commentarii
863 2171 974 2205 Marci
995 2172 1161 2213 monachi,
1184 2172 1219 2205 in
1242 2183 1309 2217 quo
1334 2181 1412 2205 sero
1433 2169 1582 2212 tandem,
1604 2165 1697 2213 quod

222 2220 260 2248 et
281 2215 392 2260 ipsum
414 2215 595 2260 aliquoties
619 2218 800 2252 constabat
822 2218 963 2258 fassum,
990 2218 1273 2262 deprehendisset
1293 2216 1459 2262 quaedam
1480 2226 1548 2248 non
1570 2222 1697 2258 usqne-*-

222 2271 359 2306 quaque
382 2261 425 2294 ad
449 2262 705 2297 ecclesiasticae
737 2264 951 2298 rectitudinis
985 2275 1135 2298 normam
1158 2268 1291 2298 exacta.
1339 2259 1488 2306 delegati
1509 2259 1554 2294 ab
1578 2259 1698 2303 Augu·

221 2311 276 2341 sto
299 2307 358 2352 qui
383 2307 467 2341 baec
490 2318 565 2341 cum
590 2309 759 2352 Gregorio
782 2314 943 2355 agerent,
968 2321 1071 2354 saepe
1092 2310 1187 2343 illum
1210 2310 1245 2343 in
1267 2309 1366 2343 istam
1390 2305 1592 2341 sententiam
1617 2307 1697 2338 sunt

222 2352 381 2395 allocuti,
414 2363 517 2397 saepe
547 2354 718 2388 adhortati
753 2356 796 2389 ad
831 2356 1085 2400 obsequendum
1115 2355 1312 2400 imperatori
1333 2351 1501 2387 salutaria
1522 2350 1592 2397 ipsi
1613 2359 1698 2384 sua·

222 2397 337 2441 denti,
367 2403 558 2444 pacateque
592 2411 633 2433 ac
663 2411 784 2434 secure
816 2401 1064 2445 defungendum
1095 2400 1260 2435 invidioso
1283 2405 1320 2433 et
1341 2396 1523 2444 praecipiti
1545 2395 1698 2440 negotio.

223 2445 287 2479 sed
308 2445 409 2479 surdo
434 2455 565 2490 semper
589 2445 805 2487 cecinerunt,
827 2448 938 2491 quoad
963 2447 1132 2480 conficere
1154 2445 1463 2491 quomodocumque
1484 2452 1557 2478 rem
1579 2442 1699 2489 Augu-

222 2495 297 2525 stus
320 2492 450 2533 volens,
472 2495 553 2535 post
573 2491 698 2524 multos
721 2491 804 2525 aiios
826 2492 859 2525 id
883 2493 1015 2525 frustra
1038 2495 1187 2533 conatos,
1210 2491 1294 2525 duos
1318 2489 1361 2524 ad
1385 2493 1571 2524 extremum
1594 2486 1697 2529 misit,

224 2536 412 2571 Chumnum
435 2536 626 2582 quaestoris
649 2540 730 2570 tunc
754 2538 870 2571 officio
902 2539 1119 2582 fungentem,
1153 2541 1188 2570 et
1219 2547 1295 2570 cum
1328 2547 1369 2570 eo
1401 2533 1500 2568 huius
1530 2531 1697 2568 historiae

223 2582 438 2628 scriptorem.
485 2582 547 2616 hos
569 2582 669 2616 iussit
692 2586 728 2616 et
751 2582 923 2616 disserere
951 2583 1061 2617 denuo
1085 2588 1122 2617 et
1143 2593 1244 2616 orare
1266 2593 1288 2616 a
1312 2593 1350 2616 se
1371 2580 1554 2615 instantius
1577 2578 1695 2613 eadem

221 2629 283 2663 ilia
305 2628 460 2674 superius
482 2632 680 2671 memorata,
704 2634 953 2673 praetereaque
976 2629 1019 2663 de
1042 2640 1129 2663 novo
1157 2628 1301 2672 addere,
1327 2628 1491 2662 hactenus
1513 2637 1552 2660 se
1574 2628 1696 2669 tyran-

220 2675 299 2709 nica
321 2675 468 2721 quadam
490 2674 524 2708 vi
547 2674 670 2708 amoris
694 2674 730 2708 in
754 2675 963 2719 Gregorium
985 2675 1037 2709 sui
1061 2674 1265 2720 prohibitum
1299 2685 1321 2708 a
1342 2671 1535 2708 necessario
1558 2671 1610 2705 rei
1629 2681 1696 2717 pu-

221 2721 334 2756 blicae
357 2720 541 2766 pacandae,
564 2720 625 2754 sed
647 2720 693 2754 illi
717 2731 835 2766 parum
859 2721 1001 2763 decoro,
1024 2720 1171 2754 remedio
1195 2720 1399 2762 adhibendo,
1420 2722 1456 2753 et
1479 2717 1592 2764 potins
1614 2723 1698 2763 pas*

223 2777 295 2801 sum
318 2778 396 2802 esse
418 2765 540 2802 iactari
563 2766 740 2801 ecclesiam
762 2766 945 2801 factionum
965 2766 1124 2801 fluctibus
1165 2777 1243 2801 uam
1264 2765 1426 2800 inducere
1447 2763 1601 2809 potuerit
1622 2762 1700 2813 παίζ-

223 2823 311 2848 mum
335 2814 380 2849 ad
401 2808 660 2860 permittendam
682 2812 887 2848 adversariis
903 2813 1066 2858 Gregorii
1088 2818 1144 2848 tra
1168 2813 1337 2848 actionem
1359 2811 1468 2858 ipsius
1490 2809 1697 2855 nimisiguc-
