1858 3126
306 151 383 194 DE
414 148 746 193 ANDROMCO
785 145 1157 191 PALAEOLOGO
1186 146 1235 190 L.
1261 144 1354 188 VII.
1454 145 1552 191 603

106 265 211 315 ἰδίας
240 265 307 308 καὶ
334 264 387 307 τὰ
417 260 562 319 ἐφόδια
589 262 778 319 φέροντες
818 256 970 318 (λόγος
997 259 1041 301 δὲ
1069 259 1138 301 καὶ
1170 254 1323 307 ταύτας
1347 254 1450 314 ὗπέρ
1476 254 1552 305 τιὶς

106 333 365 389 τετρακοσίας
395 330 514 388 εἶναι)
544 330 626 388 ὅλῳ
656 330 801 386 ῥυτῆρι
827 326 951 381 ὁμόσε
979 334 1065 376 τοῖς
1080 326 1264 375 Ἀλανοῖς
1280 325 1418 382 ᾔεσαν.
1486 326 1555 366 καὶ

107 401 160 456 δὴ
177 402 270 456 περί
285 418 363 443 που
382 400 457 448 τὰς
474 398 660 452 εἰσβολὰς
679 402 754 451 τῆς
782 400 864 438 τῶν
885 393 1134 450 Βουλγάρων
1156 394 1408 449 ἐπικρατείας
1424 408 1555 434 κατα-

106 468 323 522 λαβόντες,
360 465 495 522 μάχην
521 464 742 520 στήσαντες
770 462 967 520 κρατερὰν
986 462 1170 512 Ἀλανοῖς
1200 464 1266 505 καὶ
1290 460 1429 509 αὐτοῖς
1462 466 1552 509 ταῖς
1577 478 1605 512 Β

75 537 211 580 5καθ’
235 535 404 585 {aurai}
421 533 682 590 ἁρμαμάξαις
703 532 980 588 ὥχυρωμένοις
1002 528 1216 584 ἐμάχοντο.
1283 528 1389 571 ἀλλὰ
1410 530 1556 571 πολλοὶ

106 605 180 659 μὲν
206 605 362 647 ἐκείνων
389 602 610 658 στήσαντες
635 606 710 656 τῆς
743 600 908 655 ἀγενοῦς
937 600 1152 655 φιλοζωίας
1191 596 1329 651 εὐκλεῆ
1370 595 1555 638 θάνατον

106 671 427 727 ἀντηλλάξαντο·
464 671 579 713 αὐτοὶ
604 671 648 712 δὲ
669 667 844 716 πολλοὺς
870 665 1146 720 ἀποβαλόντες
1154 698 1168 718 ,
1206 667 1272 708 καὶ
1302 668 1460 719 μᾶλλον
1480 668 1555 706 τοῦ

106 743 335 795 Περσικοῦ,
367 741 478 788 τέλος
501 743 551 796 τῇ
582 736 693 794 μάχῃ
721 734 1060 791 εὖημερήσαντες,
1098 732 1438 785 ἐξαναλωθέντων
1469 739 1554 782 τοῖς

102 807 284 857 Ἀλανοῖς
303 813 385 851 τῶν
405 805 568 863 κούφων
588 810 716 858 βελῶν
733 804 924 848 κάκείνων
942 805 997 852 εἲς
1016 802 1148 859 φυγὴν
1166 802 1415 858 τραπέντων,
1451 805 1554 842 πολ-

55 886 99 920 10
110 876 182 929 λὴν
206 878 314 919 λείαν
336 873 694 931 ε’ξηνδραπόδισαν.
763 874 829 915 καὶ
848 871 922 920 τὰς
951 872 992 913 ἐν
1013 869 1146 930 ἡλικία
1174 876 1365 925 γυναῖκας
1388 870 1454 910 καὶ
1477 867 1554 911 λά-

109 961 222 1001 φυρα
241 942 472 999 ληϊσάμενοι
492 944 532 992 ἒς
554 941 704 997 ἡμέρας
723 937 1078 995 ἕλαᾳυροπῶλουν.
1149 939 1348 990 εἰσβαλεῖν
1365 937 1553 979 ἐντεῦθεν

108 1014 175 1055 καὶ
192 1013 231 1062 ἓς
244 1011 483 1067 Ὀρεστιάδα
504 1012 546 1053 ἐκ
563 1015 636 1052 τοῦ
657 1009 856 1065 αἰφνηὸὸν
873 1008 1066 1064 ἔγνωσαν,
1098 1008 1167 1048 ἵνα
1184 1004 1386 1061 γεγονότες
1405 1010 1548 1060 πρῶτα
1572 1024 1604 1059 0

106 1080 181 1135 μέν
204 1081 245 1131 ἐξ
265 1080 524 1129 ἀτασθαλίας
542 1076 665 1133 τόσης
685 1077 891 1131 ἀμπέλους
909 1077 983 1129 μὲν
1003 1076 1228 1127 κατέκλων,
1256 1073 1349 1128 arsia
1367 1074 1411 1115 δὲ
1427 1072 1553 1127 μήπω

108 1147 379 1204 παρηβηκότα
398 1152 548 1203 πικρῶς
563 1146 798 1201 ἔξεθέριζον.
869 1143 1101 1197 ἐντυχόντες
1125 1144 1168 1185 δὲ
1191 1144 1256 1184 καὶ
1276 1146 1334 1199 τῷ
1359 1141 1454 1183 κατ’
1476 1141 1554 1184 αὖ·

56 1222 98 1257 15
110 1215 183 1270 τὴν
204 1217 381 1274 ἐμπορίῳ
408 1214 710 1270 πυρποληθίντι
739 1218 789 1269 τῇ
816 1214 1036 1271 προτεραίᾳ
1064 1212 1130 1253 καὶ
1151 1210 1262 1265 παρὰ
1286 1214 1368 1252 τῶν
1385 1211 1555 1252 ἐποίκων

109 1286 204 1339 πρὶν
222 1284 371 1333 αὐτοὺς
388 1285 610 1337 εἷσβαλεΐν,
646 1284 712 1324 καὶ
733 1282 776 1323 ἐκ
803 1285 878 1322 τοῦ
908 1280 1040 1339 ῥᾷστα
1072 1278 1364 1332 κατασχόντες,
1401 1279 1556 1320 ἐκεῖθεν

109 1352 215 1394 κατὰ
234 1356 306 1394 τοῦ
338 1351 482 1401 ἄστεος
493 1383 506 1402 ,
542 1349 596 1400 ὥς
626 1348 730 1403 εἶχον
741 1381 754 1401 ,
789 1348 1113 1403 ἠκροβολίζοντο.
1182 1345 1280 1388 ἀλλ’
1300 1346 1340 1388 οἶ
1361 1344 1467 1402 ἀμφὶ
1486 1346 1558 1388 τὸν

108 1420 318 1475 πιγκέρνην
329 1419 516 1474 Ἄγγελον
534 1419 604 1460 καί
619 1435 660 1472 γε
681 1417 750 1459 τὸν
769 1417 986 1468 Σκουτὲριν
1021 1418 1217 1468 Χοῦμνον
1238 1412 1560 1469 προτερήσαντες

107 1492 184 1543 τῆς
199 1486 334 1543 μάχης
348 1490 540 1543 εἰσῆλθον
558 1487 605 1529 τὸ
626 1486 730 1529 ἄστυ
742 1516 756 1538 ,
793 1486 864 1527 καί
877 1501 956 1527 που
976 1485 1067 1541 περὶ
1093 1484 1190 1533 τοὺς
1208 1481 1456 1538 πεντήκοντα
1482 1485 1550 1526 καὶ
1574 1498 1608 1534 1)

108 1639 152 1675 iis
175 1639 318 1675 diximus
339 1640 374 1675 in
397 1639 525 1675 consilii
547 1637 771 1686 persequendi
795 1638 918 1673 Alanos
949 1637 1146 1671 societatem
1167 1639 1320 1678 tractos,
1354 1647 1482 1671 summa
1504 1637 1558 1670 fe-

110 1686 292 1720 stinatione
322 1690 399 1731 post
428 1699 487 1721 eos
513 1687 626 1727 ibant,
662 1684 899 1720 commeatibus
931 1688 967 1717 et
998 1683 1138 1728 propria
1171 1683 1333 1727 cuiusque
1356 1683 1557 1726 supellectili

109 1732 274 1776 plaustris
294 1743 360 1767 una
384 1733 495 1767 ductis
517 1731 690 1777 impositis.
736 1731 887 1776 plaustra
908 1740 1009 1784 porro
1032 1729 1098 1762 ista
1123 1729 1211 1762 fama
1234 1734 1310 1761 erat
1332 1729 1559 1772 quadringen-

109 1782 222 1811 torum
243 1789 412 1812 numerum
435 1779 610 1813 excedere.
655 1780 881 1822 pervenerant
909 1787 976 1809 iam
1008 1774 1106 1808 Alani
1138 1779 1341 1818 praeeuntes
1374 1784 1481 1817 usque
1510 1773 1554 1807 ad

111 1822 254 1856 confinia
277 1829 313 1856 et
336 1824 459 1868 primos
482 1825 588 1858 ferme
610 1823 722 1856 aditus
753 1821 953 1866 Bulgariae‚
983 1832 1056 1853 cum
1092 1831 1150 1852 eos
1181 1819 1239 1863 qui
1263 1820 1555 1862 persequebantur

109 1872 342 1911 assequuntur.
397 1869 444 1901 ibi
473 1868 635 1913 praelium
667 1879 748 1901 sane
780 1878 859 1900 acre
893 1867 1098 1900 commissum
1132 1871 1200 1904 est,
1234 1863 1350 1896 Alanis
1378 1863 1506 1908 pariter
1533 1876 1554 1898 e

111 1911 292 1956 plaustris,
320 1913 463 1957 qualium
495 1919 532 1947 et
560 1913 627 1957 ipsi
649 1924 800 1956 magnam
824 1913 992 1946 habebant
1022 1910 1151 1954 copiam
1173 1909 1357 1952 iisdemque
1379 1920 1441 1952 pro
1464 1910 1553 1944 vallo

111 1957 305 1998 utebantur,
329 1957 384 1990 diu
406 1958 587 1991 fortissime
610 1958 853 1991 resistentibus.
899 1957 958 1990 sed
975 1959 1010 1989 et
1030 1955 1125 1988 multi
1146 1965 1260 1987 eorum
1282 1959 1380 1987 extra
1395 1955 1555 1989 munitio-

112 2013 189 2036 nem
211 2002 244 2035 in
267 2013 375 2047 aequo
398 2008 526 2036 stantes
547 2004 668 2046 ignavo
694 2002 785 2036 vitae
806 2002 912 2035 amori
932 2001 1109 2045 gloriosam
1128 2011 1168 2032 eo
1192 1999 1247 2032 die
1268 2006 1407 2032 mortem
1429 2012 1555 2045 praeo-

112 2051 265 2092 ptamnt.
311 2059 372 2080 nec
401 2047 427 2080 ii
457 2047 553 2081 inulti
585 2048 757 2081 cecidere:
800 2047 894 2080 multi
920 2047 1045 2091 quippe
1074 2056 1118 2078 ex
1146 2043 1391 2087 Amogabarica
1419 2057 1555 2091 quoque

113 2092 188 2126 acie
210 2092 301 2126 caesi
321 2097 416 2131 sunt,
447 2092 646 2137 praesertim
674 2093 817 2125 Persae:
855 2103 930 2125 nam
953 2092 989 2124 in
1012 2092 1072 2123 bos
1094 2089 1170 2122 belli
1193 2089 1246 2122 vis
1268 2089 1373 2124 maior
1393 2091 1556 2127 incubuit.

111 2138 245 2171 tandem
267 2138 444 2172 exinanitis
464 2138 634 2182 pharetris
655 2138 858 2178 Ahnorum,
890 2148 952 2170 nec
978 2136 1019 2168 iis
1041 2134 1185 2178 sagittas
1213 2135 1298 2176 iam,
1332 2136 1452 2180 quibus
1474 2145 1556 2172 suut

112 2183 379 2217 exercitatissimi
410 2183 602 2224 mittendis,
633 2194 718 2228 quas
749 2182 783 2216 in
815 2183 944 2215 bostem
975 2180 1200 2214 iacularentur
1231 2180 1450 2225 habentibus,
1481 2195 1558 2219 sors

113 2228 191 2262 fieri
214 2228 327 2262 melior
349 2230 632 2273 Amogabarorum
655 2228 787 2273 coepit,
819 2238 904 2272 quos
928 2225 1012 2260 fassi
1034 2226 1179 2259 victores
1199 2227 1280 2270 fuga
1301 2229 1425 2272 passim
1448 2229 1558 2265 effusa

114 2273 202 2309 versi
225 2274 322 2308 Alani
358 2281 436 2308 sunt
450 2300 460 2315 ‚
491 2274 626 2308 multam
658 2279 693 2307 et
722 2274 912 2318 opulentam
935 2283 1044 2305 rerum
1067 2283 1108 2305 ac
1131 2282 1305 2316 corporum
1328 2273 1557 2319 relinquentes

113 2319 285 2364 praedam.
330 2320 398 2365 qua
423 2320 536 2353 hostes
562 2319 786 2363 subhgenda,
810 2317 1117 2362 congregandisque
1138 2328 1180 2351 ac
1202 2317 1387 2362 partiendis
1407 2320 1496 2354 inter
1519 2333 1558 2356 se

114 2365 277 2408 captivis,
307 2366 448 2400 maxime
477 2365 667 2399 mulieribus
699 2364 851 2398 florentis
881 2362 1024 2403 aetatis,
1056 2363 1129 2396 dies
1150 2362 1278 2408 aliquot
1298 2364 1558 2411 insumpserunt.

113 2409 335 2443 decreverunt
355 2411 431 2444 inde
451 2410 631 2456 improviso
654 2409 779 2443 adoriri
803 2409 1037 2451 Orestiadem,
1060 2408 1192 2453 quando
1217 2420 1328 2443 eorum
1353 2416 1447 2446 tanta
1470 2412 1558 2447 exti-

114 2454 161 2488 tit
183 2455 317 2496 rabies,
346 2460 385 2489 ut
415 2461 487 2490 toto
517 2457 588 2490 eius
619 2456 712 2489 urbis
744 2454 916 2489 territorio
941 2454 1055 2487 vineas
1078 2453 1243 2488 diffractis
1264 2455 1455 2502 avulsi-*sque
1478 2470 1559 2503 pes-

115 2501 297 2534 sundarent
325 2501 468 2541 vitibus,
500 2507 634 2546 segetes
663 2506 773 2535 autem
803 2501 946 2534 nondum
983 2499 1083 2544 plane
1112 2506 1283 2542 maturas,
1313 2501 1365 2536 sic
1393 2510 1431 2535 ut
1460 2507 1558 2538 erant

115 2546 271 2587 acerbae,
295 2546 512 2582 demeterent.
557 2548 725 2581 irruentes
741 2546 820 2581 inde
843 2547 877 2580 in
901 2545 1095 2580 suburbium
1116 2547 1424 2582 commutationibus
1445 2560 1560 2583 rerum

115 2590 277 2642 ‘venalium
308 2591 494 2634 addictum,
526 2593 774 2638 emporiumque
806 2604 848 2626 ex
877 2604 917 2625 eo
947 2596 1121 2634 vocatum,
1154 2592 1207 2626 cui
1240 2594 1348 2638 pridie
1378 2594 1471 2628 cives
1492 2595 1559 2640 ipsi

114 2644 223 2677 ignem
248 2636 454 2678 iniecerant,
482 2649 524 2671 ne
552 2638 720 2682 integrum
753 2642 976 2682 occuparetur
997 2637 1040 2670 ab
1065 2637 1215 2672 hostibus
1237 2639 1358 2683 veriti,
1391 2651 1432 2673 eo
1455 2639 1558 2674 facile

115 2679 214 2723 potiti
237 2681 317 2715 totis
338 2682 415 2716 inde
435 2683 561 2717 viribus
583 2686 699 2717 urbem
725 2684 984 2729 oppugnabant,
1008 2681 1084 2716 telis
1105 2684 1246 2722 maxime
1267 2685 1303 2718 in
1326 2693 1558 2730 propugnato-

115 2735 171 2757 res
192 2724 303 2761 iactis.
347 2732 385 2760 at
406 2728 565 2773 pincerna
587 2729 734 2772 Angelus
767 2734 803 2762 et
831 2728 984 2762 Scuteris
1015 2727 1184 2764 Chumnus
1214 2731 1315 2776 paulo
1337 2729 1432 2775 prius
1455 2743 1554 2778 quam

114 2774 206 2803 esset
226 2773 430 2816 oppugnatio
456 2777 597 2819 coepta,
627 2773 777 2808 collect-ia
805 2785 918 2809 secum
940 2775 1044 2809 ferme
1066 2782 1197 2811 centum
1222 2777 1466 2822 quinquaginta
1485 2778 1554 2813 illic
