1858 3126
361 142 438 184 DE
471 139 800 184 ANDRONICO
835 138 1209 183 PALAEOLOGO
1244 116 1311 182 L..
1335 138 1411 184 lv.
1516 141 1612 187 311

147 256 259 301 τεΙαν
275 251 468 311 διᾶγοντι.
514 250 615 310 ἐξῄει
634 252 709 306 μὲν
730 247 802 296 οὖν
822 252 865 294 ἐν
885 252 1014 294 ἐλπίσι
1029 253 1229 306 μείζοσιν,
1267 251 1323 304 ὥς
1342 254 1489 298 ἐννοεῖν
1509 259 1611 299 πολ-

146 325 245 376 λοὺς
273 320 348 379 ἦν,
396 324 463 367 καὶ
490 322 559 365 διὰ
590 320 746 375 ταχέων
776 327 862 370 τοῖς
890 325 966 376 τῆς
997 320 1203 378 ἀνατολῆς
1228 322 1424 379 ἐφίστατο
1456 322 1610 380 με’ρεσι,

94 398 100 405 “
146 393 375 452 Μαγνησίᾳ
402 392 447 434 δὲ
467 394 518 448 τῇ
537 389 642 433 κατὰ
663 389 734 432 τὸν
744 388 898 445 Ἕρμον
918 389 1197 445 προσοικῆσας
1224 392 1379 434 ἐκεῖθεν
1400 391 1505 434 κατὰ
1528 397 1612 436 τῶν

148 463 312 518 ἐχθρῶν
346 460 562 503 συνέταττε
593 458 668 508 τὰς
701 455 891 512 δυνάμεις
917 455 973 507 ὥς
1002 457 1353 514 πολεμησειοῦσας
1382 459 1531 503 αὐτίκα
1558 460 1610 516 ἤν

114 537 228 574 ὅπου
249 535 425 587 φανεῖεν.
491 527 592 577 τέως
609 527 658 569 δέ
671 543 712 582 γε
733 527 799 569 καὶ
820 525 1054 576 ἀποστολὰς
1072 525 1244 570 ἐποιεῖτο
1253 560 1268 580 ,
1301 530 1368 571 καὶ
1390 527 1604 585 προσβάλ-
1629 535 1660 570 C

146 603 285 648 λοντες
316 597 421 640 κατὰ
450 594 598 651 λόχους
623 592 928 653 ᾐχμαλώτιζον,
967 597 1035 637 καὶ
1055 593 1220 646 σκύλοις
1239 601 1323 639 τῶν
1344 599 1547 651 πολεμίων
1572 599 1612 641 οἱ

144 665 331 723 ἡμέτεροι
358 663 602 722 ἐνετρύφων.
670 663 718 706 τὸ
738 665 784 706 δὲ
806 668 1029 720 προφανῶς
1048 666 1250 718 εῗσβαλεῖν
1280 665 1374 708 οὔτ’
1399 665 1540 716 αῧτοῖς
1562 662 1611 722 ἦν

146 734 355 792 ἀσφαλές,
389 733 610 789 χρωμένων
638 738 726 781 τοῖς
758 730 996 789 ὀχυρώμασι
1021 738 1104 776 τῶν
1121 735 1309 789 ἐχθρῶν,
1348 732 1442 777 οὔτ’
1470 735 1611 779 ἐκεῖνοι

145 810 361 859 παρεῖχον,
399 801 510 852 ἅπαξ
542 800 647 844 κατὰ
672 798 817 857 φήμην
843 800 920 855 τὴν
945 802 1148 854 βασιλέως
1166 802 1460 852 ἀνασταλέντες
1481 805 1553 846 καί
1567 821 1610 859 γε

92 882 135 916 10
147 879 232 922 τοῖς
254 868 545 928 ἐρυμνοτάτοις
565 874 647 912 τῶν
665 869 791 925 ὄρέων
812 867 1009 919 ἐνδύντες.
1076 871 1271 924 βασιλεῖ-ς
1289 872 1335 913 δὲ
1353 871 1494 927 καιρὸν
1519 870 1608 926 ἐζή-

144 958 204 984 τει
221 941 291 984 τὸν
313 942 370 989 εἷς
391 937 546 992 τόλμην
565 942 676 995 σφᾶς
694 935 900 988 ’ἐπάξοντα
912 971 926 991 ,
965 937 1069 981 ὥστε
1094 941 1161 981 καὶ
1185 944 1268 982 τῶν
1285 945 1429 995 μυχῶν
1453 938 1609 983 ἀνακύ-

143 1022 224 1064 ψαι
243 1010 310 1051 καὶ
327 1011 574 1064 προσβαλεῖν
597 1006 764 1050 ἐθέλειν.
833 1008 899 1050 καὶ
917 1004 1036 1062 μόλις
1057 1006 1305 1063 ἐφειστήκει,
1380 1008 1502 1067 (18)
1538 1007 1608 1052 ὅτε
1629 1013 1657 1048 Ρ
1682 1012 1749 1048 215

144 1077 197 1132 δὴ
220 1079 287 1120 καὶ
304 1075 392 1131 ἅμα
414 1075 508 1119 κατ’
536 1075 661 1118 αὐτὸν
680 1075 719 1117 οἶ
738 1074 922 1130 πολέμιοι
947 1074 1181 1131 γεγονότες,
1215 1078 1281 1119 καὶ
1310 1077 1608 1131 συνταχθέντες

144 1149 201 1196 εἷς
234 1150 398 1200 πλῆθος
425 1144 614 1199 ἄπειρον,
651 1141 860 1200 ἐθάρρουν
884 1146 950 1186 καὶ
972 1144 1113 1194 αὐτοῖς
1133 1152 1219 1195 τοῖς
1237 1146 1327 1201 περὶ
1346 1145 1416 1188 τὸν
1433 1146 1606 1199 βασιλέα

25 1222 33 1226 ”
89 1222 132 1257 15
145 1214 220 1258 σῧν
239 1212 399 1273 μεγάλῳ
421 1215 488 1255 καὶ
506 1214 702 1269 ἐμβριθεῒ
719 1212 868 1254 ἐπιέναι
889 1210 1134 1274 φρονήματι.
1204 1214 1401 1278 ἅγγελιῖἐν
1419 1215 1464 1256 δέ
1481 1219 1606 1268 βασι-

143 1287 208 1325 λεῖ
234 1281 298 1325 ὅτι
327 1299 371 1325 τε
404 1281 508 1324 κατὰ
535 1286 700 1335 πλῆθος
727 1281 982 1336 συνέστησαν
1015 1281 1053 1323 οἳ
1083 1283 1268 1335 πολέμιοι
1293 1284 1360 1324 καὶ
1390 1281 1452 1325 ὅτι
1478 1281 1605 1338 μήπω

142 1355 400 1407 θαρροῦντες
421 1348 695 1406 προσβάλλειν
715 1354 1062 1405 γνωσιμαχοῦντες
1088 1351 1279 1404 μένουσι,
1315 1351 1471 1406 βουλὴν
1500 1356 1606 1405 βου-

142 1417 302 1462 λεύεται
330 1418 398 1475 ἐφ’
420 1413 453 1476 ᾧ
480 1418 536 1472 μὴ
567 1417 778 1473 ἀναμένειν
795 1418 892 1467 τοὺς
910 1415 1121 1475 ἐπιόντας,
1159 1418 1255 1461 ἀλλ’
1280 1418 1431 1468 αὐτοῦς
1453 1421 1603 1463 ἐπιέναι
1626 1430 1657 1465 Β

143 1489 260 1544 σφίσι
280 1488 346 1530 καὶ
368 1487 550 1540 ἐμπεσεῖν
571 1484 629 1540 μή
652 1504 715 1529 πω
734 1490 942 1543 θαρροῦσι
962 1485 1036 1541 τὴν
1062 1485 1325 1543 συμπλοκήν,
1365 1486 1421 1538 ὥς
1445 1486 1495 1530 ἄν
1516 1487 1602 1543 ἅμα

86 1557 216 1612 Ξομὲν
252 1553 581 1610 καταπλήξαντες
614 1553 703 1610 ἅμα
736 1555 780 1597 δὲ
818 1556 886 1596 καὶ
916 1555 990 1610 τὴν
1019 1559 1102 1598 τῶν
1135 1554 1409 1613 θαρρούντων
1442 1554 1603 1607 ἑαυτοῖς

141 1642 260 1688 giones
283 1642 320 1676 in
341 1641 407 1675 illis
429 1640 473 1676 ad
496 1651 582 1686 quas
603 1640 767 1674 tendebat
787 1640 968 1685 provinciis
991 1640 1182 1675 militantes.
1227 1641 1317 1676 unde
1341 1642 1514 1677 confidens
1537 1655 1602 1676 nu-

141 1699 273 1722 meroso
296 1687 424 1721 eoactis
446 1687 599 1721 omnibus
622 1691 659 1720 et
679 1686 876 1731 praevalido
898 1697 937 1720 se
960 1688 1191 1731 praefuturum
1223 1688 1405 1729 exercitui,
1439 1701 1501 1733 spe
1527 1689 1601 1733 ple-

141 1745 206 1768 nus
235 1733 362 1778 optima
388 1733 576 1779 pergebat,
607 1744 649 1767 ac
680 1732 730 1766 sic
761 1732 936 1766 celeritate
958 1744 1079 1775 magna
1103 1733 1295 1767 orientales
1317 1739 1448 1767 tractus
1472 1733 1598 1778 attigit.

141 1779 278 1813 stativis
299 1783 412 1813 autem
435 1779 574 1813 delectis
595 1778 685 1823 apud
707 1778 918 1822 Magnesiam
939 1779 983 1812 ad
1006 1779 1166 1812 Hermum
1189 1779 1310 1821 sitam,
1337 1780 1415 1812 inde
1437 1779 1600 1813 instruxit

141 1824 179 1858 in
210 1824 340 1859 hostem
370 1825 510 1870 copias,
541 1824 682 1868 cupidas
716 1825 871 1869 quidem,
903 1828 942 1858 ut
972 1825 1182 1869 apparebat,
1211 1836 1328 1858 manus
1360 1825 1600 1866 conserendae,

143 1869 255 1904 sicubi
275 1870 402 1904 Persae
434 1874 653 1915 apparerent.
700 1876 737 1904 at
759 1870 805 1903 illi
828 1871 919 1904 fama
942 1870 1088 1914 perculsi
1114 1871 1191 1904 novi
1213 1871 1391 1914 magnique
1414 1870 1598 1914 exercitus,

143 1925 245 1959 quem
272 1914 455 1959 imperator
485 1926 646 1960 praesens
674 1916 850 1956 ductaret,
882 1916 1099 1949 continebant
1131 1927 1168 1949 se
1199 1915 1289 1948 intra
1312 1915 1511 1949 munitiones
1534 1927 1597 1949 nec

142 1970 278 2004 pugnae
306 1960 479 1994 faciebant
509 1960 651 2005 copiam.
698 1961 847 1996 MichaEl
870 1965 909 1994 ut
931 1973 990 1994 eos
1013 1962 1167 2001 eliceret,
1199 1961 1332 1993 validas
1362 1961 1428 1994 huc
1448 1961 1596 2006 illucque

142 2004 334 2039 missitabat
347 2016 482 2047 manus3
505 2017 591 2049 quae
614 2009 650 2038 et
670 2006 879 2051 interceptos
898 2018 942 2039 ex
964 2006 1093 2040 insidiis
1115 2006 1258 2039 subinde
1277 2006 1438 2050 quosdam
1453 2007 1597 2040 hostium

143 2050 297 2095 captivos
311 2050 535 2084 abducebant.
581 2051 801 2095 alebatur-que
824 2051 963 2084 modicis
986 2052 1077 2084 hisce
1100 2052 1311 2085 successibus
1336 2055 1370 2085 et
1391 2058 1492 2096 gustu
1515 2064 1595 2097 spo—

142 2096 263 2130 liorum
286 2107 327 2129 ac
351 2096 501 2140 praedae
522 2095 575 2129 sic
596 2102 716 2140 partae
738 2097 895 2130 alacritas
915 2102 1126 2137 nostrorum,
1148 2102 1350 2141 augescente
1371 2097 1500 2142 pariter
1523 2103 1596 2132 ter-

141 2153 222 2176 rore
252 2141 418 2184 hostium,
459 2141 544 2175 adeo
577 2147 616 2174 ut
644 2153 710 2175 non
742 2152 860 2186 parum
889 2141 1049 2183 remissa,
1082 2147 1173 2175 metu
1203 2143 1436 2187 imperatoris,
1469 2143 1595 2177 fiducia

141 2187 275 2233 priore,
305 2186 430 2220 intimis
459 2198 497 2220 se
528 2187 673 2220 latebris
696 2186 1005 2231 abruptissimornm
1029 2187 1212 2221 conderent
1234 2188 1412 2230 montium,
1443 2188 1595 2223 inhiante

140 2234 273 2267 frustra
293 2232 426 2266 interim
448 2232 618 2266 Michaele
640 2231 806 2266 occasioni
828 2232 962 2276 praelii,
984 2237 1194 2278 voventeque
1210 2238 1248 2267 ut
1261 2234 1440 2279 aliqnando
1455 2235 1594 2279 prodire

141 2277 291 2314 latibulis
313 2278 480 2312 auderent
501 2282 538 2311 et
560 2289 677 2322 campo
701 2277 744 2312 ad
767 2288 908 2321 aequum
931 2280 1101 2311 certamen
1122 2290 1160 2312 se
1182 2279 1341 2322 credere;
1371 2279 1406 2313 id
1430 2281 1521 2325 quod
1542 2279 1592 2313 illi

142 2324 202 2357 vix
225 2324 360 2358 tandem
383 2323 546 2368 contigit,
594 2323 690 2367 (18)
720 2324 853 2368 quando
887 2322 1019 2356 scilicet
1039 2323 1128 2357 ultro
1151 2324 1194 2358 ad
1216 2325 1325 2369 ipsum
1346 2325 1461 2359 hostes
1493 2337 1595 2360 acce-

143 2369 281 2413 dentes,
314 2369 513 2415 digestoque
534 2370 569 2403 in
591 2369 699 2403 aciem
720 2367 955 2402 innumerabili
977 2369 1125 2404 exercitu
1138 2394 1149 2411 ,
1177 2371 1307 2414 maguis
1329 2371 1449 2405 animis
1471 2377 1507 2405 et
1530 2372 1592 2405 mi-

142 2414 221 2449 naci
243 2415 447 2449 confidentia
467 2427 553 2459 prae
575 2426 614 2449 se
632 2415 697 2448 iam
720 2415 876 2448 ferebant
899 2414 988 2447 haud
1018 2414 1231 2450 dubitaturos
1251 2417 1287 2450 in
1307 2416 1419 2462 ipsum
1439 2417 1591 2462 quantis-

142 2460 195 2494 vis
222 2461 427 2495 succinctum
458 2461 566 2506 copiis
596 2460 831 2506 imperatorem
859 2460 1003 2494 irruere.
1050 2461 1164 2494 audito
1210 2473 1248 2495 er
1267 2463 1500 2508 exploratores
1522 2462 1591 2496 Mi-

99 2542 104 2551 ,
143 2505 239 2539 chael
261 2507 456 2542 convenisse
478 2507 611 2552 quidem
633 2507 749 2541 hostes
769 2517 905 2540 numero
929 2505 1079 2549 ingenti,
1111 2518 1177 2541 non
1203 2519 1257 2541 um
1287 2508 1447 2553 expedire
1478 2514 1592 2542 tamen

141 2549 325 2596 impetum3
355 2552 436 2596 quin
458 2563 626 2598 apparere
647 2551 800 2586 cunctari
822 2563 954 2585 rursum
976 2551 1050 2585 illos
1073 2555 1109 2585 et
1134 2552 1199 2586 sibi
1219 2553 1378 2588 diffidere
1399 2553 1592 2598 inceptique

143 2594 283 2630 horrore
303 2597 477 2639 titubare,
506 2598 680 2632 consilium
701 2603 864 2632 momento
886 2597 1026 2642 expedit
1046 2607 1127 2631 sane
1148 2609 1367 2642 generosum,
1397 2611 1463 2632 non
1487 2609 1591 2642 expe-

145 2641 260 2674 ctandi
281 2642 358 2677 dum
380 2643 511 2687 priores
534 2644 576 2678 ad
609 2655 685 2678 sese
711 2643 865 2677 venirent
886 2643 1033 2683 Persae,
1067 2643 1126 2676 sed
1156 2643 1426 2690 praeoccupandi
1457 2648 1595 2678 strenue

144 2684 422 2722 deliberabundus
445 2689 554 2723 adhuc
576 2688 761 2734 dubiosque
783 2688 994 2729 sententiae3
1025 2699 1093 2733 quo
1115 2692 1208 2724 statu
1230 2695 1327 2724 tanto
1351 2689 1457 2733 magis
1479 2688 1598 2722 citius-

145 2741 213 2782 que
245 2733 448 2776 percellendi
479 2735 675 2768 viderentur
704 2734 890 2779 improvisa
920 2733 1062 2767 audacia
1084 2735 1253 2770 exercitus
1274 2735 1310 2770 in
1333 2735 1424 2779 ipsos
1446 2733 1597 2778 undique

144 2785 179 2808 vn
203 2787 329 2813 summa
349 2778 571 2825 incurrentis,
606 2780 662 2816 cui
683 2791 784 2826 pares
804 2779 998 2815 sustinendo
1021 2791 1086 2814 non
1107 2781 1240 2817 futuros
1261 2779 1496 2816 verisimillima
1518 2790 1598 2825 spes
