1858 3126
267 185 364 230 396
687 184 921 228 GEORGII
949 185 1299 232 PACHYMERIS

216 303 245 336 B
271 299 374 343 ὅπου
408 293 634 340 &evasione
671 299 739 340 καὶ
774 296 1048 356 τραφήσαιτο.
1122 299 1243 359 (13)
1277 302 1383 358 παρ’
1418 302 1469 358 ἣν
1497 304 1632 347 αι’τίαν
1660 305 1728 347 καὶ

266 366 440 422 ΖΙἸιχαὴλ
465 364 485 408 ὅ
508 363 708 421 δεσπότης
728 369 876 418 αἰτίαις
892 366 1149 425 ὖποβληθεὶς
1167 367 1473 415 κεκινδύνευκεν.
1540 373 1623 415 ἐπεὶ
1649 373 1727 430 γὰρ

264 436 285 479 ὅ
316 436 390 490 μὲν
422 434 615 488 βασιλεὺς
642 435 776 493 ἤπειγε
802 442 949 480 τοῦτον
969 441 1023 488 εἷς
1045 439 1223 481 Νίκαιαν
1244 437 1409 492 συνάμα
1433 443 1490 499 τῷ
1507 437 1580 482 ὕπ’
1601 440 1727 484 ‹zi-162·

261 508 348 563 λαῷ
386 502 746 560 στρατηγήσοντα,
792 506 941 556 ἐκεῖνος
971 508 1015 549 δὲ
1046 505 1239 558 πολλάκις
1273 506 1442 564 γράψας
1470 513 1724 562 μετεκαλεῖτο

258 572 332 617 τὸν
364 573 491 626 ἴδιον,
531 573 706 617 κάκεῖνοι
735 573 1108 632 κατερραθῦμουν,
1150 576 1218 618 διὰ
1249 581 1381 620 ταῦτα
1407 577 1519 628 ἔδοξε
1539 581 1759 634 χρῆσθαι5

261 649 347 692 τοῖς
369 642 570 696 βασιλέως
603 641 658 693 ὥς
685 642 928 699 ὑπηρέταις,
966 644 1047 700 ἤδη
1076 644 1295 699 ἀπολέμοις
1316 646 1360 688 ἔκ
1376 650 1450 701 τῆς
1467 644 1642 702 ἀνάγκης
1660 663 1727 703 γε-

259 711 511 768 γενημένοις,
557 713 623 754 καὶ
654 712 823 766 πέμψας
855 717 1024 769 συνῆγε,
1072 714 1178 769 πλὴν
1206 713 1298 757 οὕτε
1326 714 1527 768 βασιλέως
1554 713 1723 768 εῗδότος,

261 782 326 823 καὶ
348 779 495 836 ὅρκους
515 779 699 824 ἀπαιτῶν
720 782 893 832 ἐκείνους
911 781 967 832 ὥς
985 784 1073 837 περὶ
1095 781 1240 826 ἑκατὸν
1255 782 1391 836 ὄντας,
1427 785 1494 826 καὶ
1514 784 1726 841 κρυφηδὸν

215 855 245 890 C
269 847 491 904 λαμβάνων
515 851 580 891 καὶ
596 850 706 906 μέρει
731 851 871 901 διδοὺς
891 851 992 908 πρὸς
1014 852 1200 902 ἐκείνους.
1268 848 1318 906 ἦν
1340 852 1385 895 δ’
1411 850 1432 896 ὅ
1456 850 1576 909 ὅρκος
1602 856 1726 906 βασι-

264 924 329 961 λεΐ
342 918 505 975 πρέπων
515 951 528 971 ,
566 917 678 973 οἶμαι
689 952 701 972 ,
738 921 805 962 καὶ
822 917 935 979 μόνῳ
949 934 959 943 ·
996 919 1094 963 εἶναι
1115 921 1193 977 γὰρ
1211 925 1294 964 τῶν
1313 923 1476 979 ἐχθρῶν
1494 922 1639 978 ἐχθροὶ
1659 922 1724 964 καὶ
1737 929 1781 964 10

263 992 346 1031 τῶν
376 989 505 1044 φίλων
535 989 646 1045 φίλοι
676 993 750 1031 τοῦ
781 989 880 1039 τέως
901 987 1100 1032 δεσπότου
1125 987 1351 1044 ἐπώμνυον,
1421 989 1444 1033 ὃ
1469 990 1519 1045 δὴ
1542 1006 1726 1047 προσαγ-

263 1057 431 1113 γελθέν,
478 1057 671 1110 βασιλεὺς
710 1059 778 1099 καὶ
813 1063 946 1100 ταῦτα
983 1060 1050 1101 καὶ
1081 1058 1187 1101 ἄλλα
1221 1063 1389 1102 πλεῖστα
1422 1057 1721 1116 συνηθροικῶς,

263 1130 551 1176 συνοικοῦντος
582 1128 650 1168 καὶ
679 1131 730 1184 τῇ
758 1131 831 1169 τοῦ
863 1131 1042 1183 Τερτερῆ
1070 1129 1271 1184 θυγατρί,
1304 1132 1485 1183 λιπαρῶς
1511 1125 1725 1170 ὑπώπτευε

262 1195 358 1238 κατ’
391 1195 519 1237 αὐτοῦ
547 1194 738 1245 ἀπιστίας
757 1195 965 1251 μελέτημα
977 1229 991 1249 ,
1022 1198 1088 1238 καὶ
1107 1196 1153 1239 τὸ
1173 1196 1332 1253 γεγονὸς
1356 1199 1412 1246 εἲς
1429 1197 1559 1252 κρίσιν
1579 1197 1720 1249 ἐτίθει,

261 1266 327 1307 καὶ
355 1263 427 1307 τὸν
454 1263 853 1321 προσαγγελλόμενον
875 1266 1143 1317 κατεδίκαζεν.
1212 1265 1317 1308 ἀλλὰ
1338 1270 1471 1308 ταῦτα
1486 1266 1561 1320 μὲν
1576 1265 1722 1319 μικρὸν
1733 1271 1777 1307 15

259 1331 431 1390 ὕστερον
465 1335 532 1375 καὶ
561 1331 815 1390 ῥηθήσεται·
852 1331 943 1377 τότε
971 1334 1016 1376 δὲ
1039 1334 1233 1388 βασιλεὺς
1261 1333 1456 1383 τοιαύτας
1484 1334 1620 1376 ἐδίδου
1646 1334 1723 1383 τὰς

205 1410 237 1444 D
262 1404 414 1452 πίστεις
439 1406 497 1462 τῷ
520 1400 763 1463 Ῥοντζερίῳ.
835 1400 856 1446 ὅ
887 1403 932 1446 δὲ
959 1402 1100 1458 λαβὼν
1134 1403 1186 1446 τὰ
1213 1401 1436 1461 γράμματα
1448 1435 1462 1456 ,
1495 1401 1551 1453 ὥς
1576 1401 1627 1447 ἂν
1654 1403 1722 1446 καὶ

347 1513 381 1547 9.
405 1511 490 1558 καὶ]
515 1512 576 1549 καὶ
602 1512 672 1549 ἐν’.)

253 1604 430 1650 praeclare
465 1615 578 1639 secum
610 1604 668 1648 agi
701 1604 892 1640 crederent.
938 1606 1041 1650 (13)
1065 1616 1133 1651 qua
1156 1617 1199 1640 ex
1222 1617 1324 1640 causa
1346 1610 1384 1640 et
1405 1604 1553 1640 Michael
1575 1604 1720 1650 despota

257 1651 291 1684 in
325 1650 524 1684 defectionis
556 1651 741 1684 meditatae
772 1651 995 1696 suspicionem
1026 1653 1164 1686 veniens
1186 1657 1240 1686 est
1262 1652 1485 1696 periclitatus.
1534 1662 1609 1684 cum
1632 1652 1719 1685 enim

255 1697 348 1731 illum
382 1697 568 1741 imperator
600 1697 729 1731 crebris
763 1697 891 1731 nuntiis
926 1697 1071 1732 ursisset
1102 1702 1141 1731 ut
1172 1698 1304 1731 delectu
1326 1698 1361 1731 in
1383 1697 1454 1732 suis
1476 1695 1580 1731 terris
1602 1697 1719 1731 habito

259 1743 322 1777 sibi
355 1748 492 1787 praesto
525 1754 599 1777 cum
633 1743 740 1787 copiis
775 1743 933 1784 adesset,
969 1744 1037 1777 dux
1061 1755 1082 1778 a
1105 1755 1142 1777 se
1163 1743 1325 1778 Nicaeam
1349 1743 1550 1785 mittendus,
1583 1746 1618 1776 et
1645 1743 1719 1788 ipse

258 1788 372 1823 multis
410 1788 522 1823 literis
557 1800 812 1835 quoquoversus
842 1789 978 1834 scriptis
1011 1801 1091 1823 suos
1121 1789 1346 1834 nequidquam
1374 1794 1532 1824 vocasset
1553 1788 1597 1822 ad
1619 1788 1719 1833 signa

259 1835 413 1869 subditos
437 1836 588 1882 (quippe
610 1835 643 1869 hi
667 1835 853 1880 periculum
875 1836 955 1870 talis
978 1835 1119 1870 militiae
1135 1840 1333 1880 reputantes
1347 1835 1449 1869 fracti
1462 1833 1583 1870 animis
1595 1833 1720 1879 ignave

261 1882 509 1916 cunctabantur
539 1881 731 1927 obsequi),
760 1882 845 1923 hos,
878 1881 923 1915 de
955 1882 1076 1927 quibus
1099 1881 1171 1916 dixi
1193 1892 1320 1927 nuper,
1353 1880 1567 1927 imperatoris
1598 1880 1720 1915 milites

261 1939 348 1961 nunc
381 1927 414 1961 in
447 1938 509 1961 sua
539 1927 668 1962 ditione
695 1927 856 1972 fugitivos
880 1929 1060 1973 explorare
1087 1939 1290 1973 aggressus,
1321 1931 1501 1973 postquam
1519 1926 1556 1960 in
1578 1937 1653 1961 eam
1675 1926 1721 1961 de

261 1985 329 2019 qua
353 1973 540 2018 significavi
561 1973 782 2008 humilitatem
804 1977 1037 2009 consternatos
1059 1974 1209 2019 reperit,
1244 1973 1455 2008 occasionem
1486 1984 1553 2008 non
1584 1972 1721 2018 putavit

261 2020 596 2065 praetermittendam
619 2032 677 2054 eos
698 2020 761 2055 sibi
784 2021 827 2054 ad
850 2020 983 2066 quidvis
1006 2021 1169 2055 obnoxios
1188 2019 1360 2054 reddendi.
1408 2031 1491 2064 ergo
1511 2019 1647 2063 negotio
1670 2017 1723 2053 eis

262 2065 343 2099 dato
367 2066 477 2100 socios
501 2066 543 2100 ad
567 2078 604 2100 se
629 2067 714 2100 clam
737 2067 900 2111 cogendi,
937 2071 1161 2112 congregatos
1192 2078 1234 2100 ex
1262 2066 1328 2100 illis
1351 2065 1485 2100 circiter
1507 2068 1638 2099 centum
1661 2075 1720 2098 ar-

262 2122 347 2145 cano
376 2111 550 2157 alloquens
582 2112 716 2146 induxit
750 2113 794 2147 ad
826 2113 892 2148 sibi
921 2112 1022 2147 fidem
1053 2117 1264 2147 sacramento
1289 2112 1324 2146 in
1347 2112 1412 2146 hoc
1433 2109 1719 2155 obstringendam,

262 2163 302 2190 ut
325 2157 437 2190 hostes
461 2158 606 2192 hostium
631 2170 786 2200 suorum,
810 2158 909 2194 amici
927 2161 1127 2201 amicorum,
1151 2159 1223 2192 sine
1248 2159 1315 2192 ullo
1337 2162 1495 2203 respectu
1517 2163 1579 2192 aut
1600 2155 1719 2191 discri-

261 2202 373 2244 mine,
403 2203 561 2249 deinceps
585 2206 720 2246 forent,
752 2217 790 2240 se
813 2216 948 2250 quoque
970 2206 1077 2251 ipsum
1100 2205 1248 2239 vicissim
1270 2205 1471 2250 protegendi
1493 2215 1552 2238 eos
1575 2201 1719 2248 promis-

262 2248 310 2283 sis
333 2248 454 2282 iuratis
472 2251 636 2294 obligans.
684 2251 748 2284 hoc
772 2252 838 2286 etsi
858 2255 991 2286 secreto
1015 2257 1125 2286 actum
1147 2263 1168 2285 a
1190 2251 1335 2296 despota
1356 2250 1416 2284 ubi
1437 2249 1506 2284 fido
1528 2248 1575 2282 ad
1596 2258 1635 2281 so
1657 2245 1718 2280 de-

258 2296 363 2328 latum
387 2294 511 2329 indicio
543 2296 680 2331 rescivit
701 2297 906 2342 imperator,
938 2298 1078 2332 contulit
1107 2297 1224 2332 eodem
1252 2296 1387 2331 aliunde
1417 2297 1589 2339 comperta
1619 2291 1718 2336 signa

259 2340 403 2385 plurima
427 2340 522 2374 infidi
541 2342 639 2376 animi
662 2353 703 2376 ac
727 2344 943 2378 rebellionem
965 2343 1206 2385 machinantis,
1239 2342 1362 2388 quibus
1383 2351 1536 2385 magnum
1559 2338 1603 2373 ad
1625 2338 1718 2372 veri—

261 2385 514 2420 similitudinem
538 2388 681 2422 colorem
705 2389 873 2431 addebat,
908 2390 997 2434 quod
1023 2390 1113 2423 idem
1139 2389 1283 2433 despota
1314 2387 1487 2430 coniugem
1509 2385 1653 2419 haberet
1674 2384 1717 2418 fi-

259 2431 336 2466 liam
368 2432 542 2473 Terteris,
573 2445 616 2467 ex
648 2445 773 2478 genere
806 2435 923 2480 utique
948 2435 1079 2469 infenso
1102 2435 1276 2468 Romanae
1298 2433 1358 2467 rei.
1405 2442 1511 2477 quare
1534 2436 1716 2474 antequam

258 2477 407 2512 defectio
430 2484 632 2523 erumperet,
655 2484 789 2513 mature
810 2481 1091 2524 praevertendum
1115 2479 1319 2520 arbitratus,
1344 2477 1453 2512 dicam
1477 2475 1635 2511 Michaeli
1657 2488 1717 2510 co-

260 2523 390 2568 gitatae
414 2524 652 2570 perduellionis
674 2525 841 2569 impingit,
866 2527 1138 2571 compulsumque
1161 2525 1258 2558 obire
1280 2523 1500 2557 vadimonium
1523 2533 1627 2556 causa
1649 2521 1717 2556 rite

260 2569 395 2614 cognita
417 2569 599 2604 damnavit.
646 2570 708 2604 sed
732 2571 795 2604 hoc
818 2571 959 2615 contigit
980 2573 1082 2615 paulo
1106 2575 1184 2615 post
1207 2575 1244 2604 et
1265 2570 1299 2604 in
1321 2570 1395 2603 loco
1416 2569 1606 2611 reseretur,
1628 2579 1718 2602 nunc

262 2627 303 2649 eo
334 2616 558 2661 praelibatum
591 2627 657 2660 quo
689 2615 858 2650 indicetur
881 2622 917 2649 et
943 2617 1029 2650 hauc
1054 2621 1165 2650 mente
1187 2619 1356 2649 versatam
1376 2614 1571 2660 imperatori
1592 2625 1719 2656 curam,

264 2661 398 2707 quando
420 2661 512 2696 illum
536 2673 557 2696 a
582 2662 763 2696 Rontzerio
786 2661 877 2696 missi
899 2673 1106 2705 convenere,
1138 2662 1377 2706 promptiorem
1398 2660 1586 2694 reddidisse
1608 2660 1716 2706 ipsum

264 2707 308 2742 ad
329 2707 414 2742 adeo
435 2707 564 2754 prolixe
587 2707 792 2743 admittenda
822 2707 1077 2752 liberaliterque
1106 2707 1351 2742 remuneranda
1373 2707 1483 2741 exteri
1505 2706 1599 2740 ducis
1619 2707 1717 2740 obse-

264 2753 356 2798 quia.
391 2765 492 2798 porro
514 2753 588 2788 istis
610 2754 751 2798 Augusti
772 2753 884 2788 literis
905 2754 1110 2788 Rontzerius
1130 2753 1292 2798 acceptis,
1314 2764 1428 2787 curam
1450 2753 1622 2797 ingressus
1643 2752 1718 2786 exi-

265 2799 468 2834 stimationis
502 2800 647 2834 tuendae
679 2804 798 2835 tantae
825 2803 985 2845 quantam
1007 2799 1051 2833 de
1073 2799 1148 2846 ipso
1171 2799 1388 2844 praecepisse
1419 2810 1503 2845 prae
1525 2810 1562 2832 se
1584 2798 1719 2833 ferebat

267 2843 474 2890 imperator,
497 2857 563 2881 non
585 2857 643 2881 eos
665 2846 770 2881 solum
793 2857 876 2892 quos
899 2845 942 2881 ad
965 2856 1095 2881 manum
1116 2845 1266 2882 habebat
1287 2845 1412 2881 ducere
1435 2846 1480 2881 ad
1502 2856 1575 2880 eum
1597 2843 1720 2878 milites
