1820 3112
306 162 381 205 DE
415 158 746 204 ANDRONICO
775 158 1153 222 PALAEOLOGO
1190 160 1236 203 L.
1257 158 1334 203 111.
1459 158 1554 205 241

90 274 277 335 χρότεροι
304 279 380 331 τῆς
410 274 574 323 ἐλπίδος
604 268 948 327 ἀποχωρήσαντες
976 270 1194 328 ἀνακωχῆν
1225 289 1269 316 τε
1301 276 1360 332 τῷ
1387 273 1554 333 πολέμῳ

91 347 253 391 ἐδίδουν
272 346 341 388 καὶ
360 342 456 388 κατ’
478 341 630 392 αὐτοὺς
649 336 771 396 ἦσαν.

235 415 310 460 19.
381 408 488 455 Τότε
508 412 575 454 καὶ
594 408 788 466 βασιλεὺς
804 406 973 461 πέμψας
998 406 1071 449 τὸν
1090 408 1147 456 εἷς
1162 409 1339 464 κεφαλὴν
1356 409 1550 467 τεταγμέ·
1574 419 1606 454 D

94 501 167 528 νον
182 484 343 526 ἐκείνων
361 483 646 536 μετακαλεῖται
662 475 770 532 μεθ’
796 474 859 519 ὅτι
876 475 1067 529 πλείστης
1087 478 1162 528 τῆς
1182 474 1424 534 ἱλαρότητος
1435 512 1448 531 ‚
1487 481 1555 522 ,mi

61 551 176 596 sz‘ma
192 555 245 610 τῇ
262 546 528 607 προσηκούσῃ
544 546 748 606 ἀσφαλείᾳ
763 544 839 588 σὺν
858 541 1010 600 ἑτέροις
1029 540 1309 596 καταλαβόντι
1324 542 1498 600 ὠνείδιζέ
1512 565 1556 591 τε

93 621 170 671 τὰς
194 616 454 677 παραλόγους
477 613 631 673 ὁρμάς,
679 615 747 658 καὶ
774 613 848 669 τὴν
880 616 963 656 τῶν
994 612 1263 668 συγκειμένων
1292 615 1343 668 τῇ
1369 616 1555 673 βασιλείᾳ

92 688 198 744 μετὰ
224 685 382 732 τούτων
410 684 677 743 παραβασίαν
707 684 762 733 εἷς
793 681 977 740 φανερὰν
1006 681 1134 724 ἐτίθει
1160 681 1322 733 aalma,
1358 680 1406 723 τὸ
1426 681 1558 724 δὲκαὶ

92 761 176 814 πῦρ
205 756 351 800 ἐνιέναι
377 753 589 810 Ῥωμαίων
614 753 760 802 οἰκίαις
784 749 1050 805 ταττομένοις
1075 749 1117 792 ἓν
1146 750 1283 805 φίλοις
1317 746 1552 806 ὑπερβολὴν
1574 761 1608 796 Ε

91 827 244 881 μανίας
270 825 434 882 ἔκρινεν.
505 821 527 867 ὅ
558 823 604 865 δὲ
628 818 754 865 πόλλ’
791 819 898 863 ἅττα
929 818 1034 874 πρὸς
1059 818 1233 871 βασιλέα
1261 818 1386 874 λέγων
1417 835 1461 862 τε
1488 820 1557 862 καὶ

40 904 85 938 10
95 890 423 950 ἀπολογούμενος
445 891 564 935 οὐδέν
587 890 710 934 πλέον
727 893 804 932 τοῦ
834 891 970 938 κακῶς
999 884 1116 938 δόξαι
1143 884 1337 942 πράττειν
1356 887 1424 930 καὶ
1442 889 1557 943 παρὰ

91 963 139 1006 τὸ
160 962 265 1012 εἰκὸς
285 961 552 1016 ἀπηνέγκατο.
621 956 733 1013 ὅμως
765 959 790 999 δ
797 956 811 972 ²
841 957 886 1007 ἐξ
915 955 1042 1011 αὐτῆς
1070 956 1290 1011 πρεσβείαν
1309 956 1383 1010 μέν
1401 956 1558 999 στέλλει

90 1030 193 1087 πρὸς
214 1029 291 1084 τὴν
307 1029 466 1072 ἐκείνων
488 1024 750 1083 συναγωγήν,
790 1025 926 1069 αὐτῶν
946 1041 990 1080 γε
1009 1022 1224 1077 λαβόντων
1250 1025 1314 1066 ἐπὶ
1336 1028 1421 1068 τῶν
1438 1026 1554 1069 ἰδίων
1578 1029 1607 1065 Ρ
1634 1036 1699 1070 164

90 1103 193 1143 νεῶν
208 1097 282 1142 τὸν
303 1099 360 1148 εἷς
385 1095 639 1153 πρεσβευτὴν
657 1094 881 1150 ταχθέντα.
937 1091 959 1136 ὅ
982 1093 1027 1136 δ’
1048 1088 1099 1147 ἦν
1120 1091 1142 1135 ὃ
1173 1090 1343 1149 Κρήτης
1363 1092 1556 1151 Νικηφό-

91 1183 185 1224 ρος,
228 1165 332 1222 ἇνὴρ
358 1165 532 1222 γεραρὸς
559 1166 626 1207 καὶ
657 1165 789 1219 τίμιος
810 1164 877 1206 καὶ
898 1162 967 1205 διὰ
986 1161 1119 1205 πολλὰ
1137 1162 1212 1216 μὲν
1241 1164 1479 1218 προκριθεὶς
1498 1165 1556 1214 εἷς

37 1245 80 1281 15
90 1239 214 1279 τοῦτο
225 1268 239 1288 ,
274 1234 397 1278 πλέον
422 1235 467 1277 δὲ
490 1234 556 1277 καὶ
575 1232 638 1276 ὅτι
663 1231 720 1282 ὦς
739 1234 883 1275 οἰκεῖον
912 1233 1041 1286 δῆθεν
1062 1230 1250 1287 ἀρχιερέα
1270 1230 1438 1285 ἔμελλον
1457 1233 1555 1286 βλέ-

89 1321 178 1347 πειν
200 1305 428 1347 Βενετικοί·
464 1301 611 1357 Κρήτη
630 1301 709 1358 γὰρ
727 1300 808 1344 ὗπὸ
827 1298 1000 1349 τούτους
1011 1295 1076 1354 ἦν,
1109 1293 1160 1354 ’ἧς
1180 1300 1328 1349 ἐκεῖνος
1348 1298 1556 1357 ἀρχιερεὺς

90 1369 400 1428 ἐπικεκήρυκτο,
439 1373 473 1413 εἲ
492 1372 560 1413 καὶ
589 1368 731 1426 πόρρω
765 1371 875 1425 διῆγε
902 1365 1058 1423 ταύτης
1086 1367 1155 1410 διὰ
1183 1367 1259 1422 τὴν
1285 1372 1369 1412 τῶν
1385 1369 1555 1412 Ἰταλῶν

90 1438 357 1498 ἐπικράτειαν.
428 1438 552 1488 αὐτὸς
573 1439 619 1482 δὲ
632 1438 825 1492 βασιλεὺς
848 1439 903 1486 εἷς
923 1434 1199 1493 ἀγανάκτησιν
1222 1437 1299 1492 τὴν
1317 1437 1552 1494 πρέπουσαν
1577 1443 1605 1478 Β

178 1563 234 1597 10.
258 1559 371 1605 δόξας
394 1560 432 1594 Ρ.

85 1662 188 1706 dore,
220 1661 381 1697 cedentes
410 1666 505 1698 retro
530 1662 653 1697 Veneti
685 1661 766 1696 belli
796 1660 959 1706 quasdam
993 1660 1141 1695 indutias
1166 1662 1343 1707 fecerunt,
1376 1662 1551 1698 subductis

86 1712 186 1744 extra
203 1707 329 1743 iactum
350 1708 565 1755 quiescentes
583 1708 739 1744 navibus.

168 1754 233 1790 19.
277 1755 379 1790 Tunc
398 1755 587 1801 imperator
605 1754 785 1789 invitatum
807 1752 851 1787 ad
875 1752 1088 1798 colloquium,
1108 1751 1178 1786 fide
1200 1753 1394 1788 securitatis
1415 1753 1551 1788 abunde

85 1799 203 1841 ficu,
232 1799 351 1836 ducem
379 1812 571 1846 supremum
600 1800 717 1835 classis
739 1800 894 1834 Venetae
925 1799 1019 1833 vultu
1040 1798 1183 1833 maxime
1206 1799 1305 1834 hilari
1325 1811 1367 1833 ac
1389 1809 1548 1834 summam

84 1846 303 1890 praeferente
322 1846 479 1882 fiduciam
500 1847 638 1892 excepit
660 1857 735 1880 cum
757 1856 879 1890 magno
901 1843 1042 1879 aliorum
1066 1844 1225 1879 comitatu
1249 1845 1450 1879 venientem.
1497 1845 1551 1880 his

84 1891 257 1935 Augustus
278 1892 369 1927 haud
387 1904 495 1938 parce
516 1892 741 1938 exprobravit
755 1890 962 1926 inconsultos
982 1902 1107 1932 ausus3
1130 1895 1166 1924 et
1189 1889 1282 1924 cuius
1304 1890 1472 1925 manifesti
1494 1895 1550 1926 te-

85 1940 248 1972 necentur
266 1937 479 1983 foedifragae
499 1939 534 1973 in
557 1950 651 1972 suam
674 1937 885 1973 maiestatem
906 1936 1133 1977 temeritatis,
1156 1940 1275 1969 contra
1295 1935 1420 1970 dudum
1441 1936 1549 1971 stabi-

84 1981 147 2017 litu
164 1981 308 2017 invicem
329 1987 432 2028 pacta
452 1983 636 2029 perfidiose
656 1991 845 2028 grassatae,
866 1982 1057 2027 increpavit
1079 1981 1225 2022 crimen,
1248 1980 1347 2015 huius
1370 1982 1470 2017 etiam
1494 1982 1549 2016 di-

84 2025 261 2071 stinguens
281 2028 420 2071 gradus.
463 2041 541 2064 nam
563 2034 599 2063 et
621 2029 785 2063 nefarium
808 2028 914 2063 fuisse
943 2028 1118 2061 incurrere
1138 2026 1283 2060 infestos
1304 2026 1395 2072 ipsos
1415 2027 1451 2062 in
1469 2028 1547 2064 loca

85 2071 325 2117 imperatoriae
344 2073 499 2116 ditionis,
528 2074 683 2119 adeoque
703 2074 738 2108 in
760 2079 878 2119 partes
898 2073 993 2107 urbis
1014 2072 1131 2117 regiae
1153 2071 1210 2105 ubi
1231 2082 1293 2106 suo
1314 2073 1481 2117 permissu
1503 2085 1547 2109 ac

84 2118 149 2154 sub
171 2117 383 2162 protectione
414 2119 551 2165 imperii
574 2121 774 2154 Genuenses
803 2119 1008 2155 habitarent.
1055 2121 1225 2151 caeterum
1255 2129 1360 2163 super
1376 2119 1459 2154 illud
1481 2131 1546 2166 per

83 2174 125 2199 se
145 2163 289 2199 immane
308 2164 454 2207 facinus,
478 2177 544 2200 non
564 2165 739 2199 dubitasse
759 2164 852 2209 ipsos
873 2165 1097 2198 Romanorum
1119 2174 1254 2208 quoque
1274 2163 1445 2210 ipsorum,
1468 2177 1544 2202 cum

84 2209 208 2255 quibus
228 2220 349 2255 pacem
370 2211 547 2252 haberent,
565 2210 652 2245 sitas
674 2210 765 2256 apud
779 2210 940 2244 Galatam
962 2209 1078 2244 domos
1100 2208 1294 2252 incendere,
1317 2211 1441 2246 furoris
1462 2223 1545 2257 pro-

82 2256 176 2290 fecto
200 2256 365 2291 cumulum
388 2260 425 2291 et
447 2267 576 2291 omnem
595 2257 663 2291 iam
685 2256 853 2291 excedens
877 2254 1009 2288 modum
1033 2259 1216 2300 protervae
1235 2255 1404 2300 perfidiae
1424 2257 1544 2311 piacu—

84 2300 152 2336 lum
172 2300 293 2336 fuisse.
337 2302 382 2337 ad
405 2314 447 2337 ea
468 2304 663 2348 praefectus
685 2301 804 2336 classis
819 2301 971 2335 Venetae
992 2311 1066 2334 cum
1088 2300 1193 2335 multa
1213 2312 1380 2339 excusare
1400 2303 1542 2338 dicendo

84 2349 227 2382 conatu
245 2353 363 2390 esset,
395 2348 478 2383 nihil
499 2359 686 2383 memorare
715 2346 828 2383 valuit
848 2358 915 2392 quo
935 2345 1019 2382 satis
1049 2351 1215 2392 purgaret
1232 2346 1380 2384 insolam
1401 2350 1542 2392 factum,

84 2391 305 2440 efficeretque
326 2397 366 2429 ut
386 2394 479 2429 alind
501 2395 677 2430 audientes
709 2393 901 2428 iudicarent
931 2404 1033 2438 quam
1065 2403 1106 2426 se
1135 2404 1178 2427 ac
1198 2404 1279 2428 suos
1308 2394 1419 2439 egisse
1439 2395 1475 2430 in
1498 2407 1540 2434 eo

295 2444 333 2474 et
353 2443 474 2476 contra
504 2452 602 2476 omne
622 2441 679 2475 fas
700 2444 885 2485 grassatou.
931 2443 1046 2474 tamen
1066 2438 1251 2484 imperator
1273 2451 1317 2475 ex
1334 2446 1418 2475 tunc
1438 2446 1540 2486 puta-

83 2484 136 2519 vit
233 2485 357 2525 tionem
379 2486 424 2521 ad
445 2498 561 2522 eorum
582 2491 736 2522 senatum
766 2483 1021 2527 destinandam,
1051 2484 1136 2529 ipsis
1159 2484 1307 2521 libenter
1326 2485 1541 2522 admittenti-

83 2529 149 2565 bus
176 2534 212 2564 et
235 2531 403 2568 delectum
435 2532 480 2568 ad
511 2533 547 2568 id
567 2532 716 2578 legatum
738 2531 774 2566 in
795 2541 876 2566 suas
898 2541 938 2565 eo
970 2530 1190 2566 deferendum
1210 2531 1456 2577 accipientibus
1478 2544 1543 2568 na·-

84 2585 157 2613 να,
199 2577 267 2613 fuit
284 2577 343 2613 ille
363 2577 505 2617 antistes
527 2577 740 2615 Cretensium
762 2576 996 2622 Nicephorns,
1027 2587 1127 2621 quem
1147 2577 1224 2611 fore
1245 2577 1388 2613 Venetis
1408 2582 1540 2622 gratum

84 2631 126 2656 oo
146 2623 279 2659 nomine
299 2623 434 2668 putavit
453 2624 656 2669 imperator,
687 2623 778 2669 quod
808 2633 883 2657 cum
904 2622 972 2656 iam
993 2621 1077 2667 ipsis
1097 2622 1253 2658 subesset
1274 2623 1383 2659 Creta
1414 2623 1536 2666 insula,

82 2666 276 2713 episcopum
294 2669 360 2705 loci
381 2681 466 2708 sune
485 2670 607 2705 didoni
628 2669 756 2705 subditi
778 2667 924 2703 libenter
945 2667 993 2702 illi
1014 2667 1105 2713 apud
1125 2678 1165 2705 se
1185 2667 1295 2704 visuri
1315 2669 1435 2704 merito
1457 2680 1537 2714 spe-

82 2717 251 2750 rarentur.
294 2714 352 2750 hic
372 2726 475 2760 pom
495 2715 710 2762 Nicephorus
742 2714 870 2749 electus
902 2713 1039 2759 quidem
1061 2718 1099 2748 et
1118 2714 1187 2748 rite
1207 2714 1382 2750 ordinatus
1404 2714 1538 2759 episco-

83 2769 149 2811 pus
171 2758 298 2796 Cretae
317 2761 447 2805 fuerat,
477 2761 541 2796 sed
561 2773 585 2796 a
604 2772 667 2796 sna
689 2759 835 2796 ecclesia
855 2758 974 2805 procul
995 2759 1144 2804 degebat
1163 2766 1307 2806 propter
1329 2760 1539 2795 dominantes

83 2814 119 2837 m
142 2815 186 2840 ea
206 2804 325 2840 Italos.
365 2806 419 2842 his
449 2807 614 2851 profectis
638 2807 843 2851 imperator,
876 2809 979 2851 prout
998 2815 1063 2851 par
1083 2809 1171 2848 erat,
1194 2806 1387 2851 indignatus
1408 2805 1453 2841 ob
1475 2805 1539 2840 ho-

140 2857 314 2902 ῦθον-Βίας
339 2858 563 2903 pachymeres
590 2858 638 2892 11.
1211 2855 1263 2894 16
