1858 3126
630 158 733 203 LIB.
760 158 813 203 11.
862 204 865 207 ,
881 158 1084 203 NOTAE.
1488 155 1582 202 731

132 283 226 310 cum
253 267 639 324 προσαρθρούμενος
664 274 858 307 mutasse:
894 267 1090 307 sententia
1119 265 1422 321 percommode,
1466 279 1586 318 quam

130 324 404 379 interpretatio
423 339 506 364 mea
523 325 723 378 exprimit.

245 397 286 435 p.
304 382 359 423 34
375 395 414 420 v.
431 385 498 424 29.
555 390 601 420 at
633 382 784 420 Veccm
807 378 931 418 aliud
949 382 1093 432 potius
1118 378 1292 431 quodvis
1310 386 1386 418 etc.
1442 384 1587 418 noten-

129 445 200 479 tur
224 438 326 478 haec
354 438 406 476 ad
434 438 704 476 excusandum
724 437 915 485 Veccum,
944 436 978 474 si
998 437 1192 487 quando
1179 450 1222 475 in
1241 436 1305 474 his
1325 435 1585 475 concertatio-

129 495 272 543 nibus,
301 494 528 546 praesertim
556 497 599 533 in
627 492 824 545 colloquio
857 492 942 531 eius
974 505 1066 530 cum
1094 492 1330 532 adversariis
1348 492 1454 530 infra
1473 505 1508 533 c.
1526 491 1582 535 35
1609 491 1638 527 P
1659 492 1724 528 5²1

130 550 224 590 libri
241 550 359 589 huius
373 551 554 596 recitato,
581 551 706 589 multa
722 548 957 588 subticuerit
974 549 1026 586 sd
1046 562 1204 587 causam
1222 549 1460 600 pertinentia
1471 577 1483 598 ‚
1513 547 1585 587 sed

130 619 232 659 quae
251 606 285 645 si
302 606 546 653 dicerentur,
568 606 767 645 auditores
786 604 1066 657 praeiudicatis
1085 611 1245 643 ruentes
1265 604 1472 643 affectibus
1488 603 1587 643 effe-

128 667 278 702 ran-eut.
332 675 423 700 nam
441 663 536 700 talia
558 663 631 701 etsi
648 663 749 700 iusta
772 668 811 700 et
832 674 945 709 vera,
974 661 1085 713 pacis
1107 674 1224 699 causa
1245 661 1501 700 laudabiliter
1518 660 1586 698 in-

128 718 288 758 terdum
307 718 462 757 silentio
483 718 706 771 comprimi,
734 717 975 768 intelligitur
994 730 1043 756 ex
1060 718 1167 755 facto
1184 718 1221 755 S.
1242 717 1424 768 Gregorii
1444 730 1582 769 papae,

129 774 225 827 qui,
254 780 299 813 ut
324 774 408 826 ipse
433 781 623 823 testatur,
651 774 796 826 synodi
814 774 841 815 5
867 773 941 812 etsi
962 773 1151 825 probatae
1170 772 1244 812 sibi
1261 774 1502 812 mentionem
1518 774 1585 812 sa-

129 844 220 870 cere
238 831 460 882 supersedit
477 831 582 883 apud
600 844 666 870 eos
683 830 751 882 qui
769 844 812 868 ea
831 829 1136 869 offenderentur.
1192 829 1311 868 verba
1328 829 1457 868 sancti
1477 843 1583 880 pon-

126 887 246 926 tificis
269 885 368 924 haec
392 893 487 925 sunt
515 901 565 926 ex
590 887 756 940 epistola
782 889 838 929 37
869 887 895 925 l.
921 889 969 935 8,
1016 887 1067 925 ad
1106 886 1384 924 Constantium
1425 885 1583 938 episco-

127 955 226 996 pum
252 942 603 982 Mediolanensem:
651 941 764 994 quod
790 950 926 980 autem
955 944 1198 994 scripsistis,
1238 945 1340 994 quia
1370 942 1582 994 epistolam

127 1012 258 1036 meam
297 998 586 1037 D‘zeodelindae
610 1001 772 1050 reginae
803 1002 1073 1036 transmittere
1101 1001 1264 1036 minime
1291 999 1486 1036 voluistis
1503 1013 1582 1049 pro

126 1068 171 1093 eo
191 1052 304 1107 quod
320 1057 366 1092 in
384 1069 431 1092 ea
449 1058 596 1107 quinta
614 1054 792 1106 synodus
810 1055 1118 1104 nominabatur,
1146 1056 1186 1092 si
1202 1069 1288 1092 eam
1305 1054 1442 1093 exinde
1458 1068 1584 1092 scan-

126 1109 307 1149 dalizan‘
321 1125 443 1162 posse
460 1111 714 1160 credidistis,
742 1119 845 1149 recte
855 1113 1024 1162 sactum
1042 1119 1100 1149 est
1121 1119 1166 1149 ut
1185 1113 1348 1148 minime
1369 1112 1583 1149 transmit-

127 1165 274 1206 teretis.
330 1180 425 1205 mox
450 1167 518 1206 ubi
544 1168 593 1206 de
620 1168 696 1206 ista
722 1169 876 1219 synodo
902 1167 1362 1219 constantinopolitana,
1391 1181 1414 1204 a
1442 1166 1582 1205 multis

127 1223 266 1276 quinta
286 1223 508 1273 nominata,
537 1223 748 1262 subiunxit
770 1223 930 1277 probari
952 1237 1035 1262 eam
1055 1223 1151 1271 sibi,
1181 1223 1312 1261 addit:
1340 1237 1414 1261 nos
1433 1230 1581 1272 tamen,

125 1281 236 1317 sicut
260 1279 470 1329 voluistis,
500 1282 562 1318 ita
576 1282 782 1332 fecimus,
812 1288 859 1318 ut
890 1279 1068 1318 eiusdem
1090 1252 1235 1330 syizodi
1253 1281 1415 1318 nullam
1434 1293 1584 1325 memo-

126 1337 235 1373 riam
248 1335 494 1384 faceremus.

237 1404 279 1443 p
294 1393 351 1434 89
367 1405 407 1434 v.
427 1391 466 1434 5-
523 1387 756 1444 Πάτροκλος
773 1386 814 1431 δ’
832 1390 966 1439 ἔδοξεν
976 1386 1137 1442 Ἰωσήφ.
1179 1397 1398 1443 usurpatur
1413 1390 1482 1429 hic
1498 1403 1583 1430 vox

128 1442 363 1499 Πατροκλος
382 1448 684 1500 proverbialiter
704 1447 927 1497 significatu
945 1445 1198 1496 προφάσεως.
1244 1448 1311 1499 qui
1333 1461 1429 1486 usus
1447 1446 1585 1486 creber

126 1503 236 1554 apud
254 1503 408 1542 Annam
430 1505 690 1553 Comnenam,
720 1510 764 1542 ut
787 1504 837 1541 ad
855 1504 940 1542 eius
959 1503 1225 1542 Alexiadem
1212 1517 1256 1540 m
1277 1503 1479 1542 Glossario
1506 1517 1585 1541 no·-

124 1559 233 1623 tavi,
262 1559 332 1597 sed
352 1566 390 1598 et
407 1560 514 1612 apud
538 1560 635 1598 alios
657 1560 850 1598 citerioris
870 1559 959 1598 aevi
982 1560 1155 1599 Graecos
1175 1559 1402 1611 scriptores.
1459 1559 1586 1598 trahit

125 1615 316 1683 originem
349 1629 371 1654 e
394 1629 513 1655 versu
545 1615 705 1654 Homeri
734 1616 941 1654 notissimo
970 1617 1020 1655 11.
1040 1631 1083 1656 τ.-
1111 1637 1168 1645 —
1196 1615 1262 1657 ἐπι
1285 1614 1328 1656 δὲ
1347 1611 1583 1667 στενάχοντο

124 1674 311 1725 γυναῖκες
332 1668 567 1724 Πάτροκλον
583 1667 808 1723 πρόφασιν,
838 1675 954 1720 σφῶν
973 1668 1015 1713 δ’
1035 1668 1171 1712 αὐτῶν
1191 1667 1307 1723 κήδε’
1326 1669 1484 1722 ἑκάστη.
1531 1671 1584 1710 ad

126 1740 244 1778 quem
262 1727 396 1766 locum
418 1735 582 1767 annotat
598 1729 826 1767 Eustathius
844 1729 931 1766 illic
950 1743 972 1766 a
992 1742 1055 1766 me
1070 1729 1217 1766 relatus
1236 1727 1375 1766 abiisse
1391 1740 1475 1765 rem
1495 1740 1582 1766 eam

125 1782 171 1820 in
199 1783 475 1834 proverbium,
501 1791 549 1822 ut
568 1781 802 1837 Πατρόκλου
827 1785 951 1823 verbo
977 1784 1255 1835 compendiose
1282 1783 1504 1833 signaretur
1522 1782 1582 1820 si-

125 1839 315 1887 mulatio,
344 1853 419 1889 qua
439 1840 526 1891 quis
546 1841 677 1891 aliqua
697 1855 811 1879 causa
832 1841 962 1879 facere
981 1855 1023 1878 se
1039 1840 1241 1890 quidpiam
1263 1838 1426 1878 studens
1445 1844 1580 1876 osten-

126 1892 244 1942 dere,
272 1894 378 1932 aliud
395 1909 438 1933 re
458 1909 552 1933 vera
570 1896 760 1946 sequitur.
805 1896 848 1933 in
874 1910 919 1934 eo
947 1909 1022 1933 usu
1046 1895 1124 1932 hoc
1146 1894 1261 1932 habet
1283 1895 1479 1944 singulare
1498 1907 1575 1932 no-

125 1956 220 1998 ster,
247 1949 355 2000 quod
373 1951 455 1988 fere
473 1952 587 1988 Anna
605 1951 686 1989 duo
702 1952 890 1990 continue
904 1951 1099 1989 vocabula
1117 1946 1352 2001 Πάτροκλον
1368 1946 1576 2001 πρόφασιν

125 2005 280 2055 iungit,
319 2005 576 2057 Pachymeres
606 2006 675 2044 hic
705 2007 834 2044 solum
866 2002 1103 2058 Πάτροκλον
1131 2006 1333 2057 exprimit.
1383 2005 1507 2049 letiam
1534 2012 1577 2044 et

124 2061 228 2099 illud
247 2061 524 2110 admoneatur,
552 2062 596 2099 in
616 2061 714 2110 hoc,
739 2069 787 2100 ut
804 2062 905 2100 etin
927 2062 1131 2099 vocabulis
1153 2062 1283 2100 crebri
1307 2075 1425 2111 usus,
1451 2075 1574 2101 manu

125 2117 297 2168 scriptos
313 2118 471 2168 antiqua
495 2117 648 2155 codices
666 2117 726 2154 uti
747 2117 990 2167 compendio.
1045 2117 1180 2168 itaque
1208 2118 1335 2156 nostri
1363 2118 1574 2157 codices.B

126 2179 168 2211 et
189 2174 225 2211 A
253 2172 397 2223 integri
425 2173 497 2210 soli
528 2173 646 2224 (nam
674 2173 761 2213 Vat.
783 2174 1019 2224 epitomator
1039 2172 1136 2210 haec
1154 2179 1201 2211 ut
1219 2175 1322 2212 solet
1347 2174 1576 2224 decurtans,

126 2242 178 2268 ne
198 2229 430 2267 sententiam
449 2230 607 2280 quidem
627 2229 707 2266 loci
725 2228 845 2266 huius
869 2227 1025 2280 reddit)
1053 2231 1223 2282 πρόοιλος
1247 2244 1322 2282 pro
1343 2226 1578 2284 Πάτροκλος

125 2284 338 2323 habebant.

237 2355 280 2393 p.
296 2339 352 2382 43
372 2353 411 2378 v.
431 2343 467 2380 1.
523 2340 602 2378 Cur
619 2339 687 2378 hic
704 2341 904 2392 σφραγῖδα
921 2338 1224 2379 benedictionem
1242 2343 1428 2381 verterim
1441 2373 1453 2392 ‚
1482 2357 1579 2382 cau-

126 2409 211 2434 sam
230 2396 320 2435 dico
339 2396 382 2434 in
401 2396 613 2434 Glossario.
670 2396 719 2434 de
748 2409 845 2434 voce
871 2399 1294 2451 πρωτοαποστολαρίου
1318 2405 1359 2438 et
1390 2399 1475 2438 eius
1492 2414 1578 2438 no-

126 2451 239 2491 tione
257 2452 360 2490 nihil
383 2452 485 2490 addo
507 2452 555 2490 ad
580 2451 806 2491 Meursium.

238 2508 343 2559 p.46
365 2521 402 2549 v.
414 2512 481 2550 27.
538 2523 587 2546 ne
604 2510 676 2560 qui
693 2515 829 2545 autem
848 2509 892 2545 in
909 2508 1184 2559 superioribus
1198 2515 1272 2550 etc.
1318 2515 1443 2548 totam
1458 2509 1579 2549 huius

127 2561 209 2600 loci
228 2563 461 2602 sententiam
479 2564 727 2603 abbreviator
744 2563 955 2602 Vaticanus
968 2593 978 2612 ,
1008 2564 1077 2602 vix
1098 2565 1275 2615 quintam
1294 2565 1415 2604 huius
1436 2566 1578 2617 capitis

130 2617 319 2656 exhibens
345 2626 518 2670 partem,
548 2621 665 2659 etiam
692 2620 735 2658 in
765 2621 1007 2658 contrarium
1034 2621 1154 2658 menti
1186 2622 1360 2660 auctoris
1384 2622 1580 2660 deformat

128 2685 300 2713 sensum.
356 2687 447 2713 cum
477 2676 581 2715 enim
614 2676 870 2727 Pachymeres
904 2675 1107 2714 manifeste
1137 2677 1305 2715 affirmet
1334 2690 1385 2715 ne
1418 2690 1441 2714 e
1464 2678 1580 2715 Cate-

130 2727 358 2767 chumeneis
386 2731 544 2781 quidem
576 2732 827 2784 despectandi
855 2732 898 2770 in
929 2732 1122 2783 templum
1140 2733 1368 2772 facultatem
1393 2732 1576 2783 cuiquam

132 2795 377 2834 concessam,
404 2786 542 2838 positis
565 2787 623 2827 ibi
647 2788 699 2827 ad
726 2787 804 2827 hoc
828 2787 1119 2840 prohibendum
1140 2789 1392 2841 custodibus,
1418 2788 1488 2828 ille
1507 2795 1582 2840 ωε
