1858 3126
353 173 430 217 DE
462 168 793 214 ANDRONICO
828 165 1200 211 PALAEOLOGO
1235 166 1284 210 L.
1304 166 1359 208 V.
1511 164 1609 212 409

150 305 230 332 σαν
244 285 418 342 Ιὕπαρξιν
435 286 510 340 τὴν
530 285 678 328 ἐκείνου
698 285 764 326 καὶ
783 278 971 337 κτήματα
988 285 1047 340 τῷ
1068 281 1145 339 υἱῷ
1164 281 1229 323 καὶ
1247 284 1416 334 βασιλεῖ
1427 280 1607 325 δίδωσιν.

152 357 201 401 οὗ
221 356 304 412 μὴν
324 355 367 399 δ’
393 354 501 398 ἀλλὰ
522 355 589 396 καὶ
610 353 739 408 αὐτὴν
758 351 833 406 τὴν
852 351 1001 393 ἐκείνου
1022 351 1151 392 οἰκίαν
1173 354 1230 407 τῷ
1250 347 1428 406 δεσπότῃ
1446 348 1614 407 Ἰωάννῃ

151 425 380 481 προσνέμει.
446 421 619 478 ὕστερον
639 422 682 464 δ’
707 422 860 464 ἐκεῖθεν
882 418 1113 474 ἀποδρᾶναι
1140 420 1372 475 πειραθείς,
1409 419 1609 474 γνωσθέν,

151 501 244 544 ταῖς
268 493 373 536 κατὰ
397 491 473 540 τὰς
498 491 733 545 Βλαχέρνας
754 489 930 543 εἱρκταῖς
952 488 1180 542 ε’γκλειέται.

118 572 140 607 5
243 563 251 566 ”
290 562 368 607 20.
439 559 680 604 Κᾶντεῦθεν
705 557 834 613 μηνὸς
860 560 935 598 τοῦ
965 555 1095 598 αὐτοῦ
1119 555 1300 611 Κρονίου
1324 557 1391 597 καὶ
1414 556 1453 598 οἱ
1474 554 1608 610 σχιζό-
1634 567 1663 600 C

150 647 264 684 μενοι
304 634 388 673 τῶν
425 628 641 683 ἀρχιερέων
672 623 951 680 ἇπηυδηκότες
980 622 1067 667 οἷον
1095 626 1162 666 καὶ
1188 624 1399 672 πείσαντες
1426 623 1613 675 ἑαυτούς,

150 696 270 752 μόλις
287 696 717 751 καταμαλακισθέντες
733 694 806 743 τὰς
825 692 990 750 γνώμας
1009 693 1211 747 βασιλέως
1229 690 1284 741 ὦς
1300 691 1477 735 δυνατὸν
1496 710 1615 736 κατε-

150 767 370 823 πείγοντος,
405 767 447 808 ἓν
464 770 515 823 τῇ
535 769 617 808 τῶν
636 768 767 818 βαΐων
785 761 906 819 ἑορτῇ
927 766 977 820 τῇ
994 761 1098 815 μετὰ
1116 766 1190 804 τοῦ
1204 761 1457 804 Ἀθανασιόυ
1480 759 1616 819 εἰρήνῃ

150 832 466 891 ἀφωσιώσαντο.
536 831 558 876 ὃ
594 833 641 875 δέ
670 832 712 889 y'
735 831 1041 887 Ἀλεξανδρείας
1056 827 1307 878 Ἀθανάσιος
1331 828 1527 879 πολλάκις
1548 833 1617 872 καὶ

98 903 277 952 ιοαῦτός
307 902 423 959 παρὰ
452 901 651 956 βασιλέως
683 897 1030 956 παρακινοῦμενος
1060 898 1183 953 ἀπρὶξ
1199 903 1274 953 τῆς
1294 895 1459 954 γνώμης
1486 899 1613 953 εἴχετο

150 973 218 1015 καὶ
236 971 311 1015 οὐκ
329 971 507 1014 ἐνεδίδου
530 969 635 1020 ὅλως
656 970 751 1012 οὐδὲ
769 969 953 1012 κατένευε
975 968 1050 1023 τὴν
1071 965 1277 1020 ὁμόνοιαν.
1348 967 1452 1023 παρ’
1474 967 1525 1023 ἣν
1548 971 1613 1010 αἴ-

149 1042 264 1093 τίαν,
294 1041 367 1082 ’καὶ
393 1044 469 1083 τοῦ
500 1037 619 1090 δόξαι
646 1043 795 1081 τοῦτον
818 1039 925 1092 μηδὲ
957 1036 1159 1091 βασιλέως
1190 1035 1319 1078 αὐτοῦ
1344 1034 1610 1091 μνημονεύειν
1634 1042 1664 1076 D

150 1108 220 1151 διὰ
252 1113 407 1162 ταῦτα,
442 1107 597 1162 ἤθελον
613 1108 688 1162 μὲν
706 1109 773 1150 καὶ
795 1107 912 1149 αὐτοὶ
943 1110 1016 1149 τοῦ
1038 1102 1292 1159 πατριάρχου
1309 1103 1614 1161 Ἀλεξανδρείας

150 1175 354 1220 ἐκκόπτειν
375 1181 458 1220 τῶν
482 1174 687 1231 διπτύχων
719 1174 982 1230 μνημόσυνον
996 1207 1010 1227 ,
1047 1173 1176 1217 δεινὸν
1203 1171 1419 1228 ἡγούμενοι
1440 1172 1491 1229 ἢν
1513 1175 1613 1217 ἐκεῖ·

97 1253 139 1288 15
152 1262 222 1295 νος
240 1246 315 1299 μὲν
344 1245 440 1288 οὐδ’
462 1245 582 1301 ἴκταρ
595 1278 607 1297 ,
641 1245 689 1287 τό
712 1249 786 1287 τοῦ
809 1242 956 1299 λόγου,
995 1247 1105 1299 σᾳᾶς
1122 1259 1164 1298 γε
1185 1242 1450 1298 προσδέχοιτο
1462 1276 1475 1295 ,
1511 1244 1613 1286 ἐκεῖ·

150 1331 214 1357 νοι
241 1314 287 1357 δὲ
314 1316 382 1356 καὶ
411 1312 542 1363 οὕτως
568 1314 716 1363 ἀξιοῖεν
738 1314 886 1356 ἐκεῖνον
903 1314 971 1355 καὶ
988 1308 1290 1366 μνημονεύοιεν.
1359 1311 1460 1362 τέως
1482 1313 1527 1355 δὲ
1547 1314 1615 1355 καὶ

150 1380 274 1424 πόλλ’
294 1381 401 1425 ἅττα
429 1381 524 1424 κατ’
548 1380 735 1436 ἐπήρειαν
763 1379 1020 1434 αἰτιώμενοι,
1050 1381 1374 1433 καραδοκοῦντες
1394 1383 1462 1422 καὶ
1482 1380 1616 1431 οὕτως

149 1449 226 1505 τὴν
243 1454 318 1506 τῆς
332 1447 496 1506 γνώμης
513 1448 759 1504 μετάθεσιν,
793 1449 842 1492 τὸ
863 1450 938 1504 μὲν
956 1449 1252 1505 ἀποθαρρῆσαι
1272 1447 1420 1491 αὐτίκα
1441 1449 1517 1504 τὴν
1536 1454 1612 1493 τοῦ
1635 1459 1665 1494 P
1687 1460 1754 1494 285

150 1517 354 1573 ὀνόματος
374 1519 548 1574 ἐκκοπὴν
570 1517 625 1568 ὥς
645 1518 781 1569 ἄλλως
803 1518 959 1561 ἄτοπον
978 1517 1048 1570 ὄν,
1083 1517 1141 1572 μὴ
1174 1518 1369 1574 φανείσης
1399 1516 1613 1574 ἀξιολόγου

94 1588 286 1638 Ξοαῖτίας
303 1589 371 1630 καὶ
387 1587 578 1642 ἄντικρυς
594 1589 657 1630 ε’πὶ
677 1586 870 1642 δόγματι,
909 1584 1164 1644 πατριάρχου
1186 1583 1498 1639 ἀποβάλλεσθαι
1518 1587 1614 1631 ὄνο-

148 1673 231 1710 μα,
260 1656 319 1711 μὴ
350 1658 418 1699 καὶ
448 1660 605 1710 μᾶλλον
634 1654 751 1713 θήρα
773 1673 834 1706 τις
857 1655 1140 1711 ἀνασοβηθειή
1165 1657 1231 1697 καὶ
1253 1655 1478 1710 ἀντιλαβάς
1506 1658 1613 1699 δοῖεν

148 1775 231 1798 vero
254 1765 367 1809 magni
389 1776 550 1810 equorum
572 1776 696 1810 greges
718 1776 868 1810 opesque
891 1777 932 1799 ac
952 1776 1009 1800 res
1031 1763 1207 1798 familiaris
1230 1764 1338 1798 omnis
1361 1763 1496 1808 generis
1511 1775 1614 1808 prae-

147 1809 272 1855 diaque
302 1822 345 1844 ac
374 1812 462 1844 bona
492 1810 556 1844 soli
590 1816 713 1845 cuncta
736 1811 772 1845 in
794 1812 912 1845 fiscum
935 1812 1076 1845 redacta
1098 1810 1284 1856 imperator
1310 1809 1436 1843 iuniori
1458 1811 1613 1854 Augusto

149 1866 211 1889 suo
232 1856 304 1890 filio
326 1856 488 1898 donavit,
515 1858 669 1901 exceptis
691 1862 804 1891 tamen
827 1857 974 1891 eiusdem
997 1857 1136 1890 aedibus
1161 1856 1316 1897 urbanis,
1345 1866 1431 1900 quas
1453 1857 1613 1890 attribuit

149 1899 268 1934 loanni
282 1901 457 1947 despotae.
493 1902 545 1936 sic
560 1903 768 1948 mancipatus
782 1907 920 1936 aeterno
935 1901 1065 1936 carceri
1081 1901 1227 1936 MichaeI
1249 1902 1365 1945 fugam
1386 1901 1466 1934 inde
1490 1908 1613 1946 postea

149 1946 309 1981 tentavit.
354 1947 414 1980 sed
445 1947 674 1992 deprehensus
696 1949 733 1983 in
754 1950 928 1993 ergastula
949 1949 1214 1982 Blachernarum
1238 1951 1291 1980 est
1313 1946 1519 1989 translatus,
1552 1959 1610 1982 se-

150 1990 264 2024 curius
283 1991 355 2025 illic
377 1993 563 2026 habendus.

240 2038 298 2071 20.
343 2037 427 2070 Inde
449 2038 514 2071 hoc
535 2038 610 2082 ipso
634 2049 746 2072 mense
768 2038 894 2072 Martio
922 2038 1063 2072 abscissi
1094 2037 1285 2078 antistites,
1318 2038 1469 2082 pertaesi
1494 2050 1609 2073 seces-

149 2081 276 2123 sionis,
310 2083 511 2127 tandemque
539 2084 735 2128 persuaderi
764 2083 832 2117 sibi
863 2084 955 2128 passi
976 2085 1020 2117 ab
1043 2084 1192 2118 instante
1215 2084 1372 2117 continuo
1403 2083 1609 2129 imperatore

150 2133 190 2162 ut
212 2128 313 2162 finem
337 2129 515 2173 aliquando
539 2129 695 2163 turbandi
715 2131 890 2171 facerent,
910 2129 946 2162 in
968 2130 1057 2162 festo
1081 2129 1264 2173 palmarum
1288 2130 1524 2165 convenientes
1547 2138 1611 2176 pa-

149 2185 223 2208 cem
247 2186 320 2208 cum
344 2174 526 2208 Athanasio
548 2175 714 2208 fecerunt.
759 2174 1005 2208 Alexandrinus
1037 2178 1148 2208 tamen
1170 2175 1394 2216 Athanasius,
1426 2183 1609 2223 utcumque

150 2221 271 2254 crebro
293 2220 337 2254 ad
359 2221 445 2254 idem
469 2220 659 2254 faciendum
688 2220 870 2264 instigatus
893 2221 937 2254 ab
959 2221 1136 2264 Augusto,
1167 2220 1435 2256 irrevocabiiiter
1462 2222 1496 2257 iu
1529 2235 1610 2258 sen-

149 2266 258 2300 tentia
277 2266 448 2311 perstitit,
471 2266 568 2300 nullis
592 2266 840 2300 conditionibus
862 2266 896 2299 in
920 2266 1120 2300 concordiae
1143 2266 1316 2301 consilium
1338 2269 1467 2302 attrahi
1490 2281 1532 2304 ac
1554 2271 1608 2304 vel

149 2311 319 2357 paululum
347 2311 478 2345 inflecti
510 2324 586 2346 sese
613 2323 746 2357 passus.
792 2323 892 2356 quam
923 2312 967 2345 ob
999 2323 1133 2346 causam
1163 2312 1311 2358 episcopi
1344 2315 1535 2358 cogitarunt
1566 2317 1610 2350 de

150 2358 282 2391 nomine
314 2357 421 2403 ipsius
451 2358 619 2391 eradendo
646 2369 689 2391 ex
713 2357 952 2391 ecclesiasticis
975 2357 1143 2402 diptychis
1165 2358 1349 2393 omittenda
1374 2371 1417 2394 ue
1438 2361 1530 2395 inter
1551 2374 1609 2396 sa-

150 2413 211 2436 cra
235 2404 546 2438 commemoratione
568 2404 658 2446 eius,
690 2415 765 2437 cum
787 2403 986 2448 praesertim
1008 2407 1043 2437 et
1063 2404 1138 2449 ipse
1160 2409 1340 2449 putaretur
1360 2416 1394 2440 m
1417 2407 1486 2441 suis
1509 2408 1610 2442 litur-

150 2447 218 2491 giis
246 2449 391 2490 Augusti
422 2450 620 2484 mentionem
655 2449 948 2495 praetermittere,
981 2449 1071 2493 quod
1103 2449 1321 2494 patriarchae
1344 2451 1412 2486 sibi
1442 2465 1507 2487 non
1530 2465 1612 2499 pro-

149 2493 234 2528 bato
258 2495 474 2529 adhaereret.
520 2508 583 2530 nec
606 2496 693 2530 euim
715 2495 889 2529 ferendum
919 2495 1173 2529 arbitrabantur
1194 2495 1427 2532 inconcussam
1449 2499 1514 2545 ipsi
1538 2511 1612 2533 ser-

150 2540 226 2573 vari
257 2541 344 2574 tanti
377 2541 620 2586 possessionem
649 2540 805 2584 honoris,
840 2541 975 2576 interim
1010 2541 1089 2575 dum
1117 2541 1174 2575 isse
1205 2553 1248 2576 ue
1278 2543 1444 2578 minimum
1476 2545 1611 2590 quidem

151 2585 254 2620 veliet
275 2586 450 2621 remittere
474 2588 517 2621 de
542 2588 652 2627 fastu,
682 2599 749 2632 quo
772 2588 839 2621 iam
861 2587 1094 2632 conspirantia
1122 2591 1316 2622 cunctorum
1349 2590 1534 2624 antistitum
1557 2592 1612 2624 iu-

150 2629 238 2664 dicia
267 2643 353 2665 unus
386 2632 602 2676 pertinaciter
635 2633 838 2668 dissentiens
873 2633 1065 2668 damnabat.
1110 2633 1194 2667 haec
1225 2633 1317 2668 iuter
1346 2647 1385 2670 se
1416 2636 1520 2669 locuti
1544 2647 1611 2670 nou

150 2679 262 2710 tamen
294 2678 454 2722 expedire
481 2679 516 2713 in
547 2681 780 2713 executionem
811 2679 970 2724 impetum
1002 2678 1076 2712 ausi
1107 2683 1208 2720 sunt,
1244 2691 1307 2715 seu
1330 2693 1392 2726 spe
1415 2682 1611 2715 attrahendi

150 2721 284 2774 tandem
305 2723 379 2757 eius
401 2723 436 2757 in
458 2727 587 2768 partes,
609 2736 670 2759 seu
688 2725 790 2759 veriti
812 2737 855 2759 ne
877 2737 943 2759 non
967 2725 1050 2759 satis
1073 2725 1233 2760 canonica
1251 2726 1359 2760 videri
1381 2731 1500 2772 posset
1521 2727 1609 2762 tanti

150 2767 366 2810 patriarchae
388 2769 448 2803 tali
471 2772 512 2804 de
535 2781 638 2804 causa
661 2782 681 2804 e
702 2771 811 2804 sacris
835 2771 962 2805 tabulis
985 2770 1110 2814 enisio,
1133 2771 1227 2805 cuius
1250 2772 1359 2806 nulius
1378 2773 1471 2807 circa
1485 2773 1606 2818 dogma

151 2823 248 2846 error
267 2819 479 2858 argueretur.
526 2827 607 2861 ergo
639 2827 683 2850 ue
711 2817 812 2862 quasi
841 2815 1076 2851 tumultuosior
1105 2817 1241 2853 venatio
1263 2819 1356 2853 feras
1378 2829 1608 2865 praepropere
