1858 3126
656 159 758 203 LlB.
784 157 840 204 11.
899 158 1095 205 NOTAE.
1499 160 1594 206 741

159 272 291 310 locum
311 267 351 323 p.
373 270 456 313 349
486 270 612 309 editae
645 271 694 309 de
729 271 905 323 Georgiis
944 271 1134 311 diatribae
1157 271 1276 310 modo
1312 270 1493 310 laudatus
1518 271 1595 310 Leo

156 327 325 366 Allatius
348 340 436 364 cum
458 327 587 376 aliqua
619 326 844 365 diversitate
872 333 952 365 tam
974 328 1015 364 in
1037 333 1225 366 contextu
1246 328 1396 365 Graeco
1412 339 1528 379 quam
1551 328 1594 366 in

156 383 294 421 Latina
312 382 657 433 interpretatione,
685 383 796 421 cuius
812 382 879 420 hic
894 383 1102 421 admonere
1119 384 1305 421 lectorem
1324 383 1457 421 debeo.
1512 383 1595 421 illic

155 438 277 489 igitur
304 438 371 475 illa
396 439 513 476 verba
541 434 675 487 ψύλλα
691 454 750 486 τις
778 444 988 477 vertuntur
1013 440 1126 476 culex
1146 441 1360 491 quispiam.
1417 439 1599 491 suspicor

155 494 342 533 mendum
361 493 609 545 typothetae,
638 494 705 545 qui
722 507 745 532 c
763 507 838 545 pro
857 508 882 546 p
902 494 941 532 in
961 494 1083 545 priori
1102 495 1294 533 vocabulo
1314 494 1503 546 posuerit,
1532 495 1594 533 fa-

156 550 225 588 cili
242 549 380 601 utique
393 550 527 602 lapsu,
558 550 712 600 qualem
734 550 1026 588 amanuensium
1045 551 1188 588 eruditi
1206 557 1422 600 agnoscunt
1440 550 1483 588 in
1502 550 1592 590 loco
1615 555 1644 591 P
1666 557 1732 594 529

154 605 273 645 Plinii
289 605 314 642 l.
335 607 386 648 19
409 618 443 646 c.
470 608 539 647 10:
569 607 690 656 napis
713 606 859 643 culices
886 613 959 646 etc.
985 605 1052 644 ubi
1078 619 1126 644 ex
1152 605 1444 658 Theophrasto,
1473 618 1593 658 quem

155 660 419 707 describebat,
441 661 598 711 pulices
616 667 754 699 auctor
779 662 864 700 aine
892 661 1012 700 dubio
1036 668 1230 713 posuerat.
1287 663 1355 700 sed
1374 668 1592 702 memoratu

154 715 312 767 dignior
333 716 375 753 in
405 717 561 755 Graecis
584 718 752 756 varietas
778 724 852 756 est.
906 717 974 756 ubi
1003 717 1106 755 enim
1125 717 1339 756 clarissime
1356 718 1482 756 codex
1496 718 1594 756 Bar-

153 771 334 821 berinus,
362 772 508 810 fundus
533 779 689 811 nostrae
713 772 919 821 editionis,
951 773 1068 811 habet
1098 769 1189 813 οὔτ’
1209 769 1393 813 ἀνασπᾶν
1410 771 1501 814 οὔτε
1519 789 1592 814 κα-

151 830 307 869 τασπᾶν
326 826 401 879 ἔχει
425 825 499 878 τὴν
527 829 738 880 πείρινθα,
771 829 832 867 Ill.
860 829 1027 867 Allatius
1043 860 1056 876 ,
1091 830 1157 867 vel
1186 842 1235 866 ex
1259 829 1422 881 proprio
1442 829 1591 881 codice,

153 897 266 935 quem
294 882 345 921 ad
369 896 528 921 manum
563 885 681 922 modo
710 898 792 922 non
819 883 963 932 habeo,
1006 885 1070 922 vel
1089 898 1138 922 ex
1159 885 1383 923 coniectura
1406 885 1499 934 legit
1515 883 1590 936 τήν

151 937 365 992 μήρινθον.
422 939 611 978 arbitrum
636 940 920 992 discrepantiae
948 940 1128 978 codicum
1158 940 1324 978 duorum
1356 940 1591 979 Vaticanum

151 994 352 1047 exemplar
370 994 531 1034 ferrem.
560 995 656 1034 sed
643 1010 677 1034 is
697 1002 899 1046 utramque
920 996 1028 1034 illam
1053 996 1198 1034 vitavit
1216 1009 1374 1044 vocem,
1403 995 1511 1034 hunc
1528 996 1591 1034 lo-

151 1064 242 1090 cum
258 1050 316 1090 sio
329 1050 580 1120 exprimens:
608 1053 709 1102 ψίλα
732 1048 933 1104 (scribere
961 1052 1089 1090 voluit
1107 1049 1256 1102 ψυλλα)
1274 1068 1333 1099 τις
1349 1048 1590 1092 ἐπεκάθισεν

148 1109 206 1160 ¹93
223 1109 300 1173 τῆς
315 1104 470 1158 ἆμαξης
500 1107 636 1162 ῥυμῷ,
670 1104 758 1159 ἥτις
781 1106 871 1148 οὔτε
896 1104 1019 1160 βάρος
1045 1107 1156 1159 φέρει
1179 1110 1230 1162 τῇ
1249 1103 1380 1161 αμοὲξῃ
1399 1104 1491 1147 οὔτε
1506 1122 1589 1159 μην

148 1147 326 1214 ἓὶαφρόν
345 1177 381 1202 τι
400 1161 470 1201 καὶ
483 1166 661 1214 κοῦφον,
683 1163 885 1202 verbosius
906 1177 1020 1214 quam
1040 1163 1299 1201 breviatorem
1322 1163 1474 1211 decuit,
1511 1175 1587 1201 nec

148 1218 315 1256 multum
337 1218 542 1267 eleganter.
598 1232 667 1269 ego
682 1232 752 1257 cur
769 1220 995 1269 abrogarem
1013 1219 1129 1257 fidem
1148 1232 1233 1257 meo
1252 1217 1466 1270 archetypo
1488 1231 1588 1256 cau-

147 1286 230 1311 sam
254 1286 336 1312 non
358 1273 501 1323 habui,
549 1286 640 1312 cum
666 1275 790 1326 proba
818 1282 854 1312 et
881 1274 1116 1326 Pachymere
1145 1275 1260 1325 digna
1282 1274 1462 1312 videatur
1488 1273 1587 1312 haec

145 1329 285 1376 lectio,
312 1334 450 1380 utpote
465 1343 579 1380 quam
597 1338 782 1397 appareat
809 1330 965 1368 ductam
986 1344 1035 1368 ex
1057 1330 1226 1368 Homero
1245 1330 1356 1368 Iliad.
1378 1345 1427 1369 m:
1458 1325 1584 1381 αυτιὶρ

146 1400 196 1438 oy
200 1381 326 1432 ὐἷας
343 1381 498 1456 αμαξαν
515 1382 699 1438 ἐΰτροχον
721 1382 931 1438 ἡμιονείην
949 1384 1104 1426 ὁπλίσαι
1131 1381 1298 1438 ἠνώγει,
1328 1386 1518 1437 πείρινθα
1541 1383 1585 1425 δὲ

147 1441 268 1492 δῆσαι
287 1436 354 1480 ἐπ’
369 1437 505 1491 αυτῆς,
536 1447 575 1479 et
598 1442 740 1492 Odyss.
765 1455 814 1482 o:
841 1458 908 1482 και
926 1439 974 1481 τὰ
996 1439 1068 1493 μὲν
1088 1441 1129 1488 ἐς
1151 1444 1340 1493 πείρινθα
1361 1442 1463 1481 τίθει
1485 1443 1585 1480 Πει-

146 1498 347 1548 σίστρατος
371 1493 492 1547 ἥρως.
549 1511 716 1548 quorum
738 1498 918 1536 locorum
947 1497 996 1534 ad
1019 1498 1190 1560 priorem
1220 1495 1447 1535 Eustathius
1466 1496 1585 1535 docet

144 1552 335 1604 πείρινθα
362 1551 440 1590 dici
466 1550 510 1592 τὸ
543 1554 734 1593 πλινθίον
764 1569 808 1594 το
837 1568 921 1593 ανω
947 1556 1019 1604 τῆς
1048 1548 1221 1621 ἁμάξης,
1250 1549 1351 1596 ’ὅπου
1369 1567 1418 1591 τα
1436 1552 1582 1604 φορτία

143 1606 410 1656 ἐπιτίθενται,
440 1609 490 1645 ad
507 1609 763 1659 posteriorem
784 1615 911 1647 autem
941 1609 1002 1660 εἴη
1020 1604 1059 1648 δ’
1084 1605 1136 1648 ὂν
1162 1609 1352 1660 πείρινθα
1370 1623 1437 1646 και
1458 1606 1488 1659 ἦ
1503 1605 1582 1672 πρᾶ

143 1677 286 1703 τουτου
306 1659 477 1731 ρηθεῖσά
501 1679 580 1704 που
598 1664 809 1730 ὖπερτερία
827 1663 891 1705 ἐπι
915 1667 987 1716 τῆς
1005 1679 1104 1704 κατα
1121 1678 1196 1714 την
1220 1659 1458 1703 Ναυσικάαν
1480 1658 1583 1713 οἱμᾶ-

143 1715 283 1770 ξης,“
262 1733 356 1771 οπερ
373 1716 454 1759 οἷ”
426 1731 592 1773 υστερον
605 1718 772 1774 ἐσχάραν
788 1723 989 1761 καλοῦσιν.
1045 1733 1095 1758 ex
1114 1720 1253 1770 quibus
1282 1718 1466 1756 habemus
1490 1718 1582 1757 πεί-

144 1778 270 1826 ρινθα
289 1775 422 1813 vocari
448 1776 624 1814 loculum
650 1782 719 1814 aut
743 1776 879 1815 cistam
905 1776 988 1814 sive
1025 1787 1182 1826 capsam
1211 1774 1404 1825 quandam
1430 1773 1580 1810 formae

143 1829 354 1880 quadratae
369 1830 576 1870 curribus
564 1832 716 1883 imponi
732 1832 887 1871 solitam
908 1831 1106 1882 capiendis
1124 1830 1242 1868 rebus
1264 1841 1362 1880 quae
1378 1827 1580 1866 vehendas

144 1883 247 1932 sint,
283 1883 515 1938 νπερτερίαν
544 1893 584 1925 et
614 1884 780 1939 ἐσχάραν
809 1887 896 1925 aliis
924 1887 1081 1924 dictam.
1134 1885 1241 1923 unde
1271 1884 1383 1931 satis,
1420 1883 1578 1934 opinor,

144 1938 371 1977 defenditur
396 1947 530 1979 nostra
559 1947 598 1979 et
626 1942 743 1979 lectio
777 1948 818 1980 et
843 1942 986 1980 versio.
1054 1952 1126 1977 nec
1158 1935 1287 1977 obstat
1316 1938 1424 1989 quod
1455 1938 1579 1975 verba

143 1991 328 2035 ἀνασπᾶν
356 2001 396 2032 et
424 1999 628 2035 κατασπᾶν
655 1996 776 2046 magis
804 1996 1012 2035 convenire
1037 1995 1248 2033 videantur
1274 1995 1459 2047 μηρίνθῳ
1470 1994 1578 2042 funi

144 2063 263 2101 quam
280 2050 458 2103 πείρινθι
476 2052 657 2102 plaustri
676 2053 809 2093 cistae.
868 2051 939 2089 etsi
963 2050 1066 2088 enim
1084 2048 1271 2086 trahendi
1291 2049 1402 2087 notio
1427 2062 1477 2086 ex
1494 2049 1578 2087 ori-

143 2105 232 2157 gine
249 2105 345 2169 ipsis
366 2106 468 2144 inest
495 2108 770 2157 congluentior
794 2107 881 2145 funi
903 2104 1104 2144 tractionis
1126 2105 1411 2152 instrumento,
1443 2110 1576 2143 tamen

142 2174 225 2199 non
246 2161 375 2199 minus
394 2162 574 2212 frequens
598 2169 657 2200 est
682 2164 846 2200 istorum
873 2161 1083 2200 verborum
1098 2173 1190 2198 usus
1207 2160 1256 2198 ad
1279 2159 1575 2209 significandam

143 2217 454 2268 depressionem,
484 2231 580 2268 quae
595 2217 642 2255 fit
663 2217 929 2267 aggravando,
958 2221 1027 2254 aut
1045 2215 1372 2263 sublevationem,
1402 2228 1502 2266 quae
1523 2215 1574 2253 fit

142 2273 351 2310 minuendo
376 2273 542 2325 pondus.
598 2279 642 2311 ut
660 2287 793 2311 sensus
813 2273 878 2310 hic
911 2272 982 2321 sit,
1011 2271 1180 2323 pulicem
1194 2271 1427 2309 insidentem
1443 2277 1572 2309 tracto

142 2341 233 2366 cum
258 2328 409 2380 impetu
436 2329 570 2368 currui
598 2342 669 2367 nec
697 2329 838 2367 addere
865 2340 938 2368 nec
967 2326 1168 2366 detrahere
1193 2326 1404 2378 quidquam
1429 2327 1573 2376 oneris,

143 2383 213 2422 aad
229 2384 392 2435 perinde
410 2384 552 2423 habere
568 2398 613 2422 ac
629 2385 663 2422 si
681 2398 762 2422 non
782 2389 893 2423 esset

253 2453 294 2492 p.
318 2443 398 2482 100
416 2453 453 2481 v.
470 2444 536 2482 22.
579 2441 671 2478 volo
693 2448 729 2477 et
749 2441 860 2477 vobis
879 2437 1091 2477 orthodoxe
1101 2443 1172 2478 eto.
1227 2451 1299 2489 per
1310 2436 1570 2488 hyperbolem

143 2493 239 2532 haec
262 2495 342 2533 dici
358 2496 596 2534 credendum
616 2502 700 2545 est,
729 2502 766 2534 et
787 2509 830 2534 ea
857 2494 1000 2532 fiducia
1027 2507 1124 2544 qua,
1153 2492 1188 2531 si
1210 2493 1349 2532 fierent
1365 2505 1464 2543 quae
1481 2491 1569 2531 fieri

142 2562 225 2587 non
244 2563 358 2602 posse
373 2552 440 2602 qui
456 2552 635 2604 loquitur
648 2551 847 2602 intelligit,
877 2550 911 2588 is
930 2563 970 2587 se
986 2549 1107 2587 durae
1128 2549 1296 2601 cuipiam
1318 2548 1454 2586 obiicit
1472 2560 1569 2584 con-

145 2603 301 2644 ditioni.
356 2607 522 2646 similem
554 2608 748 2659 quandam
771 2605 954 2645 nonnulli
981 2605 1211 2656 interpretes
1237 2605 1455 2656 appingunt
1475 2615 1568 2640 sen-

142 2659 304 2698 tentiam
320 2661 398 2700 illis
418 2663 535 2701 Musis
556 2669 595 2701 et
610 2663 718 2703 Pauli
739 2662 891 2702 verbis:
915 2660 1070 2698 dimitte
1099 2659 1205 2710 illis,
1234 2667 1308 2697 aut
1329 2657 1413 2695 dele
1435 2671 1494 2694 me
1519 2655 1582 2695 de>

142 2714 260 2763 libro,
278 2716 403 2756 Exod.
416 2721 471 2761 32
486 2721 554 2767 32,
571 2724 610 2757 et
628 2718 816 2771 optabam
832 2717 1048 2759 anathema
1063 2729 1143 2757 eoae
1159 2730 1188 2754 a
1208 2715 1367 2755 Christo
1376 2726 1455 2770 pro
1474 2712 1567 2766 fia-

143 2768 271 2808 tribus
287 2773 403 2823 meis,
431 2773 542 2812 Rom.
557 2777 585 2819 9
600 2777 638 2817 8.
