1820 3112
341 151 416 194 DE
446 150 779 195 ANDRONICO
809 149 1179 211 PALAEOLOGO
1208 151 1255 194 L.
1284 150 1338 194 11.
1484 148 1576 195 185

126 269 311 320 σκληρῶν
335 263 571 319 ἀνωμαλίαν
590 265 656 306 καὶ
676 261 850 308 κάκωσιν
869 263 1056 319 μαλακὸν
1074 258 1181 318 ἦθος
1201 264 1266 306 καὶ
1287 261 1436 319 ἥμερον
1453 259 1580 306 αὐτό-

124 338 202 376 θεν
230 330 469 379 ἀπόδεκτον.
538 332 637 376 ὅθεν
661 334 726 375 καὶ
748 337 845 386 μιᾶς
872 330 1076 388 γεγονότες
1094 330 1256 387 γνώμης
1279 336 1425 374 τοῦτον
1444 332 1581 389 ψηφί-

126 403 274 454 ζονται.
345 397 396 456 ἦν
413 401 490 457 γὰρ
511 399 532 443 ὃ
556 401 658 457 ἀνὴρ
674 408 764 451 ταῖς
783 401 998 455 ἀληθείαις
1006 433 1020 452 ,
1057 401 1161 455 πλὴν
1191 398 1279 450 ἑνὸς
1300 405 1372 443 τοῦ
1395 399 1580 456 ἀμηγέπη

125 471 373 527 φιλοκερδεῖν
400 471 442 520 ἓξ
463 467 693 524 ἁπλότητος
711 471 778 512 καὶ
801 471 1024 522 ἰδιωτείας,
1057 468 1154 510 ἀλλ’
1177 468 1252 511 οὐκ
1274 469 1316 511 ἔκ
1333 466 1499 518 πάθους
1517 470 1583 512 ἔν-

91 535 339 592 5τετηκότος
358 542 517 593 ψυχῆς,
546 533 676 581 τᾶλλα
696 534 912 592 προσήκων
928 542 979 594 τῇ
999 535 1128 595 ψήφῳ
1142 551 1152 561 ·
1181 537 1228 579 τὸ
1246 536 1323 591 γὰρ
1344 538 1578 590 συμπαθές,
1602 548 1633 583 Β

126 605 225 662 ὅπερ
251 608 319 649 καὶ
350 611 453 649 θεοῦ
481 613 567 656 τοῖς
594 605 831 662 ἀνθρώποις
860 605 963 649 ἴδιον
991 605 1198 660 λέγουσιν,
1235 603 1336 662 ὖπὲρ
1357 601 1488 648 τᾶλλα
1508 610 1581 661 τῆς

123 674 272 717 ἐκείνου
295 679 433 730 ψυχῆς
451 674 552 728 μεθ’
579 675 719 728 ἱκανῆς
738 672 967 729 ἁπλότητος
986 671 1215 725 ἐπεπόλαζε.

261 743 339 788 28.
413 747 559 786 Ταῦτα
593 742 746 798 μαθών
778 740 799 786 ὃ
827 742 1020 797 βασιλεὺς
1050 741 1293 796 ἄποδὲχεταί
1314 758 1358 784 τε
1388 739 1444 791 ὥς
1473 742 1578 792 εῗκὸς
1600 752 1631 787 C

122 810 199 866 τὴν
226 814 396 868 ψῆφον,
433 813 499 854 καὶ
523 815 807 867 προσκαλεῖται
833 809 1067 867 μηνύμασι,
1105 812 1171 852 καὶ
1196 809 1324 859 eir-9&
1358 808 1580 864 κατανεύει,

70 886 115 921 10
125 880 191 921 καὶ
212 878 314 935 πρὸς
331 884 388 939 τῷ
410 884 697 936 προβληθῆναι
714 875 778 934 ἦν,
816 881 881 922 καὶ
900 878 925 935 ἦ
947 883 1066 935 κυρία
1085 883 1233 935 παρῆν,
1270 880 1335 920 καὶ
1357 877 1479 921 πάντ’
1501 878 1579 935 ηὖ-

121 947 326 1003 τρέπιστο.
394 943 446 1002 ἦν
467 949 515 990 δέ
531 965 591 998 τις
609 948 788 1003 μοναχός
805 951 845 990 Γ
842 946 1030 1004 ρηγόριος
1051 949 1092 990 ἐν
1111 952 1160 1003 τῇ
1182 951 1254 989 τοῦ
1276 945 1577 991 Παντεπόπτου

122 1018 254 1072 μονῇ,
285 1015 331 1066 ὃς
358 1016 478 1059 ταῦτ’
509 1015 669 1059 ἀκούων
696 1016 806 1073 παρὰ
826 1021 898 1059 τοῦ
921 1018 1066 1059 οἰκείου
1088 1014 1312 1071 ἦγοιμείὀυ
1334 1018 1488 1058 Aoum}
1506 1016 1579 1059 τὸν

121 1081 241 1138 λόγον
262 1083 310 1126 ου’
332 1085 595 1140 παρεδέχετο·
629 1086 735 1140 μηδὲ
755 1085 834 1142 γὰρ
856 1088 1030 1139 Κοσμᾶν
1055 1084 1150 1126 ἀλλ’
1174 1082 1365 1139 Ἰωάννην
1389 1085 1578 1128 ε’ντεῖθεν

121 1151 279 1205 μέλλειν
306 1153 519 1209 γενέσθαι,
558 1152 634 1195 κᾶν
666 1152 687 1196 ὅ
716 1144 758 1196 τι
783 1155 978 1210 γήινοιτο,
1012 1153 1069 1207 μὴ
1091 1151 1190 1196 εἶναι
1214 1153 1261 1195 τὸ
1282 1151 1578 1206 βουλευόμενον

68 1223 112 1260 15
125 1218 314 1264 ἀνυστόν.
385 1226 506 1264 τοῦτο
529 1221 571 1263 δ’
593 1221 721 1277 ἔλεγεν
742 1221 785 1264 ἔκ
801 1224 957 1276 βίβλων
977 1222 1079 1276 ἔχων
1088 1254 1102 1274 ,
1140 1219 1250 1274 οἶμαι
1264 1253 1278 1273 ,
1317 1220 1411 1262 ἀλλ’
1439 1221 1512 1263 οὐκ
1532 1221 1574 1264 ἕκ
1596 1227 1628 1262 D

120 1304 229 1338 τινος
249 1289 460 1347 θειοτέρας
478 1288 680 1345 μυήσεως.
752 1288 807 1340 ὥς
829 1295 926 1345 γοῦν
956 1289 1080 1332 πάντ’
1107 1289 1352 1346 ηὐτρέπιστο
1373 1292 1439 1331 καὶ
1462 1288 1486 1344 ἧ
1505 1308 1578 1333 κυ-

122 1356 191 1411 ρία
212 1356 381 1412 ἐπέστη,
419 1360 485 1400 καὶ
507 1356 528 1400 ὁ
547 1359 622 1412 μὲν
644 1356 1040 1414 προβληθησόμενος
1059 1357 1174 1413 ἤγετο
1187 1391 1200 1410 ,
1239 1355 1260 1400 ὅ
1290 1358 1334 1399 δὲ
1353 1361 1393 1399 Γ
1390 1356 1579 1414 ρηγόριος

121 1423 362 1476 ἓνστατικῶς
380 1426 455 1480 τὴν
478 1429 624 1482 πρᾶξιν
644 1426 843 1480 ἆπὲλεγεν,
871 1425 927 1475 ὥς
946 1425 1045 1468 εἶναι
1063 1430 1144 1468 τῶν
1168 1422 1382 1468 ἀδυνάτων
1401 1429 1578 1480 Κοσμᾶν

119 1491 293 1546 με’νοντα
307 1498 454 1536 τοῦτον
467 1491 722 1549 πατριάρχην
734 1495 934 1550 γίνεσθαι,
960 1493 1086 1543 εὐθὺς
1105 1490 1306 1550 ὀστράκου
1324 1493 1576 1547 μεταπεσόν-

64 1566 204 1614 Ξοτος,
233 1562 373 1619 φασίν,
407 1561 647 1620 αὐθημερὸν
660 1561 850 1619 Ἰωάννης
870 1560 1199 1618 μετονομάζεται,
1220 1561 1267 1606 οὔ
1288 1563 1475 1619 γνωσθὲν
1492 1580 1574 1607 τισι

211 1681 267 1717 12.
291 1677 334 1723 ὃς
352 1693 418 1718 om.
438 1681 478 1717 P.

118 1785 265 1818 mentum
294 1784 459 1820 humanae
487 1785 724 1831 clementisque
744 1785 864 1821 indolis
884 1786 959 1832 ipsa
981 1784 1108 1832 requiri
1130 1784 1322 1819 conditione
1343 1785 1570 1830 praesentium

117 1839 242 1864 rerum.
287 1842 393 1876 quare
421 1843 487 1866 uno
519 1832 630 1866 cuncti
659 1843 822 1867 consensu
847 1832 1000 1866 Cosmam
1033 1831 1212 1875 designant
1240 1829 1485 1876 patriarcham,
1519 1830 1571 1864 di-

119 1885 221 1918 gnum
242 1886 282 1909 re
303 1889 385 1911 vera
406 1877 467 1911 tali
490 1878 612 1911 iudicio
635 1877 801 1923 locoque,
825 1878 951 1924 quippe
974 1879 1009 1911 in
1033 1889 1099 1923 quo
1123 1877 1241 1910 laudes
1265 1877 1354 1909 inter
1377 1876 1481 1909 omnis
1505 1888 1569 1920 ge-

118 1919 210 1954 neris
230 1921 389 1966 plurimas
411 1934 496 1957 unus
520 1923 681 1957 emineret
702 1935 827 1958 naevus
851 1923 1042 1958 attentioris
1066 1923 1109 1957 ad
1132 1923 1257 1955 lucrum
1277 1921 1482 1966 cupiditatis,
1505 1933 1570 1956 nec

118 1963 213 1999 illius
242 1966 323 2000 vitio
353 1968 560 2014 imputabilis
590 1969 791 2014 impotenter
821 1969 917 2003 affixi
948 1969 1060 2003 studio
1082 1967 1226 2001 habendi
1247 1978 1418 2012 avareque
1440 1967 1570 2001 sordidi

118 2010 241 2055 animi,
272 2013 331 2045 sed
361 2025 479 2058 parum
511 2014 773 2059 circumspectae
802 2015 1020 2060 simplicitati.
1068 2025 1174 2058 prona
1206 2013 1337 2057 quidem
1367 2012 1409 2046 ad
1433 2024 1569 2058 compa-

119 2055 269 2090 tiendum
292 2057 484 2092 infelicibus
507 2059 694 2102 miseratio,
717 2060 847 2105 qualem
871 2061 934 2093 deo
958 2071 1039 2101 erga
1062 2058 1210 2092 homines
1233 2059 1343 2092 inesse
1364 2058 1568 2103 peculiarem

117 2101 223 2143 aiunt,
241 2103 313 2136 eius
334 2103 399 2137 viri
421 2105 551 2138 animae
573 2116 647 2139 cum
670 2105 791 2139 idonea
813 2105 954 2139 mistura
976 2105 1134 2148 simplicis
1156 2103 1359 2138 sinceritatis
1380 2105 1568 2139 innatabat.

209 2149 265 2182 28.
313 2149 389 2183 Hoc
411 2150 469 2183 ubi
491 2150 658 2195 perlatum
681 2150 724 2184 ad
746 2151 980 2195 imperatorem
1005 2158 1076 2191 est,
1110 2150 1310 2194 approbavit
1338 2149 1412 2192 ille,
1443 2155 1483 2184 ut
1505 2162 1568 2196 par

118 2196 213 2236 erat,
245 2195 463 2238 electionem,
494 2196 706 2240 indicataque
738 2207 776 2229 re
793 2196 954 2229 'Cosmae
986 2195 1142 2228 invitavit
1164 2207 1239 2228 euin
1262 2196 1303 2229 ad
1326 2197 1567 2241 capessendum

116 2239 263 2274 delatum
293 2241 471 2284 honorem3
505 2253 572 2286 quo
604 2241 717 2275 statim
750 2247 915 2275 annuente
948 2240 1106 2285 apparari
1139 2241 1306 2285 promotio
1344 2246 1398 2276 est
1431 2248 1565 2288 coepta.

116 2284 248 2330 iamque
274 2287 458 2321 constituta
479 2287 551 2320 dies
575 2287 716 2328 aderat,
739 2286 868 2332 paratis
891 2286 934 2320 ad
959 2285 1176 2333 ceremoniam
1199 2287 1360 2322 omnibus.
1406 2294 1483 2322 erat
1503 2301 1565 2323 au-

116 2335 186 2364 tem
208 2332 341 2376 quidam
364 2334 545 2367 monachus
564 2333 753 2377 Gregorius
774 2333 807 2365 in
825 2332 1058 2377 Pantepoptae
1081 2333 1294 2374 monasterio,
1316 2333 1374 2379 qui
1397 2334 1478 2379 quid
1501 2346 1565 2380 pa-

116 2382 253 2411 raretur
275 2379 415 2412 audiens
438 2391 459 2414 a
480 2391 540 2413 suo
564 2379 758 2424 praeposito
781 2378 896 2419 Luca,
928 2378 1017 2412 haud
1041 2378 1183 2412 credidit
1203 2378 1339 2422 nuntio,
1363 2381 1565 2425 pertendens

116 2433 184 2456 non
216 2423 372 2458 Cosmam
402 2425 462 2459 sed
493 2426 649 2459 Ioannem
683 2427 835 2458 vocatum
858 2423 903 2456 iri
925 2424 982 2469 qui
1005 2423 1155 2469 proxime
1175 2425 1266 2458 foret
1286 2425 1329 2459 ad
1353 2426 1564 2471 patriarcha-

116 2471 188 2502 tum
217 2471 473 2514 promovendus.
518 2471 552 2504 in
583 2482 691 2516 eoque
721 2475 790 2503 tam
821 2469 908 2504 fixus
932 2475 1008 2504 erat
1031 2475 1069 2503 ut
1090 2469 1348 2516 qualescumque
1370 2471 1564 2517 quorumvis

116 2513 153 2546 in
184 2515 386 2549 contrarium
418 2516 605 2551 molitiones
638 2527 775 2550 casuras
804 2515 837 2549 in
870 2516 999 2549 irritum
1029 2515 1127 2560 plane
1160 2516 1358 2551 affirmaret.
1405 2530 1477 2551 eam
1508 2517 1564 2550 ille

115 2561 364 2603 persuasionem
389 2574 408 2595 e
432 2562 548 2606 libris,
579 2562 720 2607 opinor,
750 2561 926 2603 hauserat,
959 2572 1025 2594 non
1049 2573 1090 2595 ex
1113 2561 1180 2595 ulla
1203 2562 1314 2596 divina
1346 2563 1563 2597 revelatione.

116 2612 283 2648 apparatu
305 2607 514 2642 nihilominus
536 2608 588 2642 rei
612 2609 771 2642 decretae
793 2607 1017 2651 procedente,
1040 2618 1113 2640 cum
1137 2607 1202 2641 iam
1225 2607 1392 2643 illuxisset
1414 2609 1486 2642 dies
1509 2608 1563 2641 di-

117 2652 174 2683 cta
202 2655 238 2684 et
272 2652 412 2687 Cosmas
441 2654 684 2698 promovendus
718 2654 920 2694 duceretur,
960 2653 1137 2697 perstabat
1166 2654 1348 2688 instantius
1376 2654 1564 2698 Gregorius

117 2705 176 2728 coe
201 2700 269 2730 mm
291 2708 519 2733 successurum
544 2710 742 2744 pernegans,
765 2710 806 2732 ac
828 2710 871 2732 ne
894 2698 970 2731 fieri
992 2699 1124 2744 quidem
1138 2711 1249 2745 posse,
1274 2700 1442 2745 intrepide
1457 2698 1564 2742 aiens,

115 2743 154 2773 ut
175 2706 230 2774 flio
251 2743 405 2787 quamdiu
428 2745 569 2779 Cosmus
591 2748 822 2790 permaneret,
852 2742 1047 2788 patriarcha
1078 2750 1262 2782 crearetur.
1308 2746 1425 2780 statim
1447 2744 1563 2789 igitur,

114 2785 208 2820 velut
227 2786 345 2833 lapsu,
375 2789 466 2835 quod
488 2790 601 2833 aiunt,
633 2791 789 2835 tegulae,
823 2789 898 2834 ipsa
921 2788 977 2824 die
998 2789 1143 2826 Ioannes
1165 2791 1470 2834 transnominatur,
1493 2789 1563 2825 sive
