1820 3112
219 180 283 224 52
620 212 629 221 ,
640 174 877 220 GEORGII
914 173 1271 218 PACHYMERIS

219 289 327 335 λύων
350 290 423 345 τὴν
453 285 616 344 γνώμην
649 291 793 337 κοινῶς
830 283 985 343 ἐπεξῄει
1003 289 1119 328 πᾶσι.
1187 285 1324 328 τοίνυν
1353 286 1421 327 καὶ
1438 282 1688 343 πρόσταγμα

217 361 290 415 μὲν
313 361 514 402 ἐκτίθεται
530 356 755 410 βασιλέως,
795 354 920 397 αὐτὸν
937 355 1011 409 μὲν
1034 356 1090 403 εἷς
1110 353 1269 409 πατέρα
1286 350 1460 407 τάττον,
1497 353 1553 404 ὥς
1575 355 1687 411 εἴρη-

173 435 202 469 D
225 446 316 480 ται,
354 426 407 470 τὰ
439 426 486 468 δέ
509 425 553 481 γ’
585 426 720 483 ἐκείνῳ
750 421 928 475 δόξαντα
955 427 1174 478 βεβαιοῦν·
1219 421 1624 477 ἄντιπροσωποῦντες
1642 423 1688 465 δὲ

221 501 279 555 τῷ
310 499 528 551 κρατοῦντι
554 494 592 536 οἳ
621 493 728 549 ἀμφὶ
755 492 828 535 τὸν
847 490 1220 548 Στρατηγόπουλον
1247 491 1475 546 πέμπονται
1494 489 1684 546 Μιχαῆλ,

220 565 265 615 ὃς
285 565 458 613 ἐσαῦθις
479 564 546 605 καὶ
572 566 631 619 τῷ
653 566 726 604 τοῦ
751 559 1120 617 πρωτοστράτορος
1140 561 1328 615 τετίμητο
1356 557 1580 614 ἀξιώματι·
1614 557 1720 606 ‘cci-5

219 650 297 683 πος
323 633 368 675 δὲ
387 636 462 687 τῆς
481 631 639 674 ἐκείνων
669 628 872 680 συνάξεως
895 626 1185 684 συμπαρόντος
1205 631 1272 670 καὶ
1299 626 1556 685 πατριάρχου
1573 626 1595 671 ὅ
1613 632 1688 684 τῆς

220 704 466 757 Βλαχερνῶν
489 704 562 755 τῆς
580 696 778 741 θεοτόκου
803 695 914 747 ναός.
983 693 1033 751 ἦν
1053 698 1097 739 δὲ
1124 697 1200 739 σὺν
1219 696 1357 747 ἄλλοις
1376 697 1535 740 κάκεῖνο
1556 712 1688 754 προσ-

218 769 488 825 τεταγμένον,
523 768 596 810 τόν
630 765 735 809 κατά
763 784 802 810 τι
832 773 920 816 τοῖς
952 765 1143 815 δόξουσιν
1173 764 1515 821 ἀντιστησόμενον
1546 763 1602 816 ὥς
1623 766 1689 808 ἐπὶ

219 835 468 882 καθοσιώσει
487 838 712 892 κρίνεσθαι.
781 833 1071 891 προκάθηνται
1100 835 1238 877 τοίνυν
1266 833 1353 888 ἅμα
1379 835 1454 888 μὲν
1483 831 1688 891 πατριάρ-

218 924 294 963 χης
305 940 317 960 ,
355 905 443 960 ἅμα
461 906 505 948 δὲ
523 906 590 947 καὶ
611 902 631 947 ὃ
657 902 851 959 Σάρδεων
870 905 936 946 καὶ
956 903 1003 946 οἳ
1021 902 1133 960 ἀμφ’
1157 904 1307 946 ἐκεῖνον
1333 907 1417 946 τῶν
1442 903 1688 958 σχιζομένων
1700 914 1744 949 10

220 979 484 1031 παμπληθεῖς
503 972 612 1016 ὅσοι·
642 973 680 1015 οἱ
705 974 750 1015 δὲ
772 976 846 1015 τοῦ
870 971 1071 1026 βασιλέως
1099 970 1273 1026 ἑτέρωθι
1303 971 1451 1014 ἔκδικοι
1473 977 1557 1015 τῶν
1578 969 1687 1027 πρά-

100 1062 128 1095 p
153 1062 195 1096 31
221 1048 320 1096 ξεων
340 1041 667 1100 προσεκάθηντο.
723 1041 763 1084 οἱ
784 1041 921 1094 μέντοι
940 1057 982 1096 γε
1004 1039 1201 1096 ἀρχιερεῖς
1219 1041 1558 1096 μετακεκλημένοι
1577 1037 1688 1095 εἰσή-

220 1130 340 1170 γοντο
361 1109 665 1168 κριθησόμενοι.
736 1111 803 1151 καὶ
822 1109 943 1151 πλέον
976 1108 1050 1152 οὐκ
1071 1105 1119 1163 ἦν
1140 1110 1262 1151 ἐκεῖσε
1291 1109 1337 1151 τὸ
1360 1107 1607 1164 ἄκουόμενον
1625 1106 1687 1152 ὅτι

221 1182 279 1237 μὴ
302 1186 331 1206 “
342 1178 516 1236 ἀχθῆτω
538 1177 558 1222 ὃ
582 1180 693 1221 δεῖνα
704 1178 746 1230 ,”
779 1179 846 1219 καὶ
869 1177 974 1220 κατὰ
996 1175 1218 1234 πρόσωπον
1238 1175 1504 1234 ἥκατηγορία
1529 1175 1585 1228 ὧς
1604 1195 1688 1220 πα-

223 1247 466 1306 ρηνόμησεν.
535 1243 642 1303 ἦσαν
660 1246 707 1288 δ’
730 1241 803 1289 οὖν
825 1248 892 1288 καὶ
910 1250 992 1289 τῶν
1011 1250 1219 1301 μοναχῶν,
1255 1246 1365 1289 οἳδῦ
1388 1247 1455 1289 καὶ
1473 1247 1685 1302 παρίστων
1699 1253 1742 1289 15

224 1317 279 1368 ὠς
298 1316 571 1371 ἐδιώχθησαν.
641 1316 709 1357 καὶ
741 1314 870 1364 εὐθὺς
897 1313 918 1358 ὅ
948 1315 1022 1369 μὲν
1048 1317 1195 1370 κρίνων
1215 1312 1423 1371 ((ἇρθήτω
1434 1314 1476 1368 ,”
1512 1315 1552 1358 οἱ
1572 1313 1686 1357 δὲτὸ

223 1385 278 1430 “5
299 1383 477 1441 ἀσεβής”
499 1384 707 1440 ἐπέλεγον,
745 1384 783 1426 οἱ
806 1384 851 1426 δὲ
867 1387 951 1426 τῶν
978 1388 1053 1425 τοῦ
1074 1384 1276 1426 παλατίου
1290 1387 1439 1440 χειρῶν
1458 1385 1526 1426 καὶ
1546 1385 1688 1426 ποδῶν

221 1453 392 1511 ἡμμένοι
419 1453 511 1509 μετ’
545 1453 710 1507 ἀτιμίας
743 1454 886 1508 ἐξῆγον
909 1450 1104 1508 σύροντες
1129 1452 1201 1495 τὸν
1227 1449 1494 1509 κατάκριτον,
1541 1456 1626 1496 τῶν
1642 1451 1688 1494 δὲ

172 1536 201 1569 Β
223 1527 415 1579 μοναχῶν
447 1522 487 1565 οἱ
512 1522 586 1576 μὲν
614 1522 773 1564 ἐδίδουν
795 1518 1097 1578 μεγαλοφώνως
1113 1524 1171 1581 τῷ
1192 1520 1448 1577 ἀναθίματι,
1485 1521 1526 1565 οἱ
1555 1521 1688 1564 δὲκαὶ

315 1634 371 1668 11.
395 1631 436 1668 δὲ
452 1632 572 1666 deerat
594 1631 635 1667 P.

221 1725 258 1759 in
279 1724 466 1765 iuventute,
489 1733 589 1768 quam
611 1721 685 1767 ipse
706 1721 863 1763 vocabat,
885 1720 1018 1767 culpae,
1039 1721 1074 1755 in
1097 1721 1236 1757 eandem
1259 1721 1391 1768 pariter
1412 1732 1488 1757 cum
1509 1719 1688 1756 iuvenibus

222 1775 259 1806 et
280 1770 450 1804 'recentius
471 1769 575 1814 lapsis
598 1779 727 1814 poenae
749 1767 947 1808 communis,
981 1768 1121 1813 eiusque
1142 1769 1287 1809 atrocis,
1319 1771 1445 1803 sortem
1479 1767 1688 1802 durissimam

222 1816 451 1861 compingere,
471 1816 598 1849 nudata
620 1814 730 1854 modo,
754 1825 827 1846 cum
851 1814 992 1858 primum
1016 1825 1078 1858 per
1100 1819 1234 1859 tempus
1255 1815 1363 1859 licuit,
1387 1814 1541 1849 immanis
1561 1824 1687 1859 propo-

220 1863 278 1898 siti
301 1861 480 1895 sententia.
526 1860 586 1894 sed
613 1866 652 1892 ut
673 1859 823 1904 querelis
846 1859 976 1894 omissis
999 1870 1069 1893 rem
1093 1871 1298 1905 exponamus
1319 1860 1452 1906 ipsam,
1474 1859 1688 1905 proponitur,

219 1914 259 1942 ut
282 1907 407 1950 dictum
430 1911 495 1947 est,
516 1906 627 1951 palam
649 1906 795 1939 edictum
817 1904 1045 1950 imperatoris,
1073 1905 1255 1940 Chalazam
1276 1907 1378 1941 titulo
1401 1905 1591 1952 spiritualis
1613 1907 1687 1939 Au-

221 1955 311 1999 gusti
335 1954 443 1997 patris
465 1953 664 1994 honestans,
700 1962 741 1985 ac
767 1951 930 1996 quidquid
953 1951 1027 1996 ipse
1049 1951 1274 1996 decrevisset,
1307 1959 1417 1987 ratum
1449 1962 1525 1986 esse
1553 1950 1686 1984 iubens.

222 2000 398 2044 delegatur
419 2004 602 2044 praeterea
623 1996 683 2042 qui
705 2008 882 2043 personam
904 1997 1116 2042 imperatoris
1136 2004 1412 2043 repraesentaret.
1425 1997 1572 2033 Michael
1586 1997 1688 2031 Stra-

222 2045 418 2089 tegopulus‚
452 2044 509 2089 qui
538 2047 660 2088 postea
690 2044 948 2088 protostratoris
978 2043 1145 2087 dignitate
1175 2050 1314 2078 ornatus
1347 2050 1412 2079 est.
1457 2043 1552 2078 locus
1573 2046 1701 2078 antem

224 2091 424 2132 conventui,
456 2090 510 2123 cui
539 2095 575 2123 et
596 2089 671 2134 ipse
694 2089 872 2123 adfuturus
895 2088 1093 2134 patriarcha
1114 2095 1227 2132 esset,
1262 2090 1426 2136 deiparae
1444 2090 1607 2135 templum
1628 2098 1688 2123 as—

222 2136 378 2180 signatur
410 2135 445 2168 in
470 2136 667 2169 Blachernis
694 2135 807 2169 situm.
855 2140 932 2168 erat
962 2141 1073 2169 autem
1105 2141 1139 2169 et
1170 2137 1234 2169 hoc
1257 2142 1396 2182 praeter
1417 2141 1555 2171 caetera
1575 2138 1687 2170 statu-

222 2188 306 2223 tum,
330 2187 369 2215 ut
391 2181 541 2226 quisquis
562 2181 806 2214 adversaretur
826 2180 1062 2228 qualicumque
1083 2180 1183 2215 istius
1204 2183 1325 2227 synodi
1346 2182 1497 2224 decreto,
1513 2191 1593 2214 reus
1615 2180 1688 2214 lae-

222 2239 282 2262 sae
305 2226 491 2261 maiestatis
519 2231 688 2270 ageretur.
735 2228 974 2272 praesidebant
995 2239 1099 2272 porro
1127 2229 1226 2262 simul
1253 2229 1386 2274 quidem
1408 2226 1615 2273 patriarcha,
1637 2224 1687 2259 si-

221 2273 288 2307 mul
312 2277 422 2307 autem
448 2271 648 2314 Sardensis‚
680 2283 747 2306 una
771 2283 844 2306 cum
867 2273 1018 2318 plurimis
1041 2285 1155 2307 eorum
1179 2273 1238 2319 qui
1262 2274 1441 2308 occasione
1465 2270 1688 2306 damnationis

222 2323 259 2353 et
289 2328 443 2353 secessus
474 2317 607 2350 Arsenii
639 2328 715 2352 sese
745 2318 870 2352 dudum
904 2330 924 2352 a
958 2319 1186 2353 communione
1216 2325 1428 2353 caeterorum
1458 2317 1686 2352 absciderant.

222 2363 416 2399 assidebant
448 2374 491 2396 ex
526 2363 671 2396 adverso
704 2363 789 2407 regii
813 2364 959 2398 ministri
992 2365 1086 2398 missi
1117 2366 1161 2399 ad
1183 2364 1415 2410 exequendam
1435 2362 1687 2398 inexorabiliter

222 2420 466 2455 quamcumque
487 2409 636 2452 synodus
658 2408 857 2442 decerneret
879 2421 1012 2444 reorum
1044 2411 1088 2444 ob
1119 2414 1198 2444 acta
1220 2421 1328 2455 nuper
1350 2415 1387 2444 et
1408 2408 1505 2453 olim,
1527 2414 1610 2442 tunc
1631 2408 1686 2442 vi-

222 2454 428 2501 tuperabilia
452 2454 544 2496 visa,
568 2454 836 2499 peragendorum
857 2455 1050 2489 vindictam.
1097 2461 1180 2490 tunc
1202 2455 1262 2500 qui
1284 2455 1532 2489 accusabantur
1554 2454 1689 2488 antisti-

223 2506 277 2536 tes
300 2500 491 2545 singillatim
513 2510 647 2533 causam
671 2500 815 2541 dicturi,
850 2501 945 2534 citati
967 2501 1159 2535 nominatim
1181 2501 1493 2535 introducebantur.
1537 2500 1687 2553 nihilque

222 2547 269 2582 ibi
294 2547 496 2581 audiebatur
518 2545 607 2579 aliud
632 2546 696 2580 nisi
718 2545 862 2579 ducatur
884 2546 938 2579 bic
968 2550 1027 2580 aut
1048 2547 1115 2580 ille.
1162 2558 1239 2580 mox
1261 2546 1385 2592 cuique
1406 2546 1442 2580 iu
1465 2546 1586 2581 faciem
1609 2545 1687 2590 dica
1723 2547 1727 2550 ”

223 2593 471 2638 impingebatur
494 2591 694 2625 violatarum
713 2591 833 2635 legum.
865 2591 1018 2636 plerique
1036 2592 1265 2626 accusantium
1286 2592 1438 2626 monachi
1461 2596 1572 2633 erant,
1594 2602 1688 2626 sum-

222 2649 310 2674 mam
331 2637 478 2672 criminis
507 2636 542 2670 in
565 2648 605 2670 eo
627 2637 703 2682 ipso
728 2638 972 2671 constituentes
993 2637 1104 2683 quod,
1138 2643 1177 2672 ut
1199 2639 1449 2683 querebantur,
1473 2637 1688 2683 persecutio-

222 2696 298 2719 nem
320 2685 365 2718 ab
387 2683 438 2717 bis
460 2682 616 2716 iniustam
639 2682 732 2736 passi
753 2686 877 2716 essent.
922 2683 1034 2717 subito
1058 2683 1180 2725 iudex,
1204 2690 1302 2718 torve
1324 2695 1419 2718 reum
1444 2683 1598 2726 intuens,
1618 2683 1686 2717 tol-

221 2730 325 2773 latur,
347 2729 475 2764 aiebat.
496 2740 616 2774 nempe
638 2729 758 2773 impius
786 2735 823 2762 et
844 2728 931 2763 malo
953 2729 1086 2774 dignus,
1109 2730 1343 2764 acclamabant
1363 2741 1564 2765 assessores.
1597 2740 1685 2774 quas

221 2777 265 2812 ad
292 2786 396 2810 voces
417 2773 628 2820 imperatorii
658 2775 716 2820 qui
747 2774 890 2809 aderant
918 2776 1084 2810 satellites
1109 2776 1364 2810 condemnatum
1388 2775 1511 2810 vinctis
1532 2776 1686 2811 manibus

221 2827 259 2857 et
289 2822 432 2867 pedibus
459 2820 679 2866 ignominiose
698 2821 880 2856 trahebant
911 2822 1029 2865 foras,
1063 2821 1235 2857 monachis
1263 2821 1399 2857 interim
1429 2821 1685 2858 accusatoribus
