1820 3112
183 148 279 194 166
597 145 835 190 GEORGII
867 145 1220 189 PACHYMERIS

178 261 252 316 μὲν
280 257 471 316 ἐθορύβει
485 291 497 311 ,
541 258 751 315 ἀρχιερέας
784 258 826 302 ‹5'
853 260 967 302 ἐκίνει
995 261 1123 315 ζητεῖν
1152 259 1287 309 αἰτίας
1315 258 1420 303 καθ’
1443 258 1493 309 ἃς
1511 262 1646 302 wita

181 327 402 385 πράττεται
434 327 526 378 ξένα
557 332 638 370 τῶν
669 332 744 383 τῆς
777 328 990 384 ἐκκλησίας
1019 327 1158 383 νόμων
1187 330 1414 371 δοκοῦντα·
1448 325 1551 383 μήτε
1569 327 1648 386 γὰρ

180 398 323 454 ἰατρὸν
342 401 491 452 χρῆναι
513 404 702 451 τιμωρεῖν
729 396 826 440 ἀλλ’
852 395 1047 454 ἰατρεύειν
1069 397 1140 441 τὸν
1168 395 1405 452 πάσχοντα,
1442 393 1544 452 μήτ’
1571 397 1650 454 ἀρ-

178 466 315 522 χιερέα
346 462 526 517 κολάζειν
553 465 659 508 ἀλλὰ
687 455 928 521 θεραπεύειν
956 467 1028 509 τὸν
1055 464 1359 522 ἁμαρτάνοντα.
1429 465 1498 508 διὰ
1525 470 1670 508 τοῦτον

183 536 250 578 καὶ
283 535 555 588 συναχθέντες
585 539 698 591 κοινῇ
726 535 989 588 σκέπτονται,
1029 537 1096 578 καὶ
1117 533 1351 590 διαμηνίειν
1368 534 1502 601 ἐκείνω
1525 535 1596 576 καί
1609 544 1685 590 γεὸ

185 601 547 646 διαπυνθάνεσθαι
583 602 775 661 (ἥψαντο
803 604 880 659 γὰρ
907 605 959 646 τὰ
981 604 1090 647 δεινὰ
1112 606 1178 646 καὶ
1204 602 1449 660 ἀρχιερέων)
1486 600 1654 659 ἐγνώκε-

187 689 279 715 σαν.
353 672 399 715 ‘cd
436 673 479 714 δὲ
512 670 705 727 μήνυμα,
742 674 988 728 καθημένων
1008 674 1049 716 ἐν
1073 678 1131 731 τῷ
1153 674 1487 731 ἐκκλησιαρχείῳ,
1524 671 1595 729 ἐφ’
1620 665 1655 731 ᾧ

134 751 165 785 Β
190 742 330 798 σφίσιν
350 742 461 798 ἐφείη
482 745 692 783 συνελθεῖν
715 741 850 799 ἐκείνῳ
872 743 1078 797 ἐρωτῆσαί
1097 759 1139 784 τε
1163 745 1229 784 καὶ
1249 746 1402 796 μαθεῖν
1418 745 1504 791 πῶς
1522 745 1655 783 ταῦτα

187 808 456 866 πράττοιντο·
503 811 609 865 μηδὲ
637 809 715 865 γὰρ
745 811 1053 866 ἓκκλησιαστικὰ
1087 809 1186 853 εἶναι
1218 811 1321 854 ἀλλὰ
1354 809 1575 867 τυραννικὰ
1603 807 1657 852 τὰ

187 877 463 934 πραττόμενα.
535 883 668 920 ταῦτα
694 879 875 934 λέγοντες
905 882 1179 934 προσετίθουν
1217 882 1284 922 καὶ
1314 878 1366 922 τὰ
1397 878 1653 935 πραχθέντα,
1669 889 1714 924 10

188 946 266 990 ὅσα
287 965 328 990 τε
351 947 426 998 ἔξω
449 946 526 989 ὅσα
547 965 588 989 τε
614 947 727 997 ἐντὸς
749 947 1014 1004 ἔπράττοντο.
1086 949 1158 991 τὸν
1186 948 1229 991 δ’
1254 946 1489 992 ἀκούσαντα
1509 947 1556 990 τὸ
1576 964 1659 990 πα-

189 1015 324 1072 ράπαν
345 1017 451 1069 μηδὲ
474 1018 715 1072 φροντίσαι,
752 1016 858 1059 ἀλλὰ
878 1015 1049 1073 σκήψεις
1066 1017 1182 1060 τοῦτ’
1209 1016 1308 1060 εἶναι
1327 1015 1456 1074 φάναι
1471 1016 1660 1059 ἀποστα-

189 1086 282 1135 σίας
307 1090 380 1140 τῆς
414 1084 492 1141 ἀφ’
528 1082 682 1137 αὑτοῦ,
721 1087 786 1127 καὶ
817 1086 883 1128 διὰ
916 1087 968 1128 τὰ
1000 1087 1106 1141 μηδὲ
1140 1087 1294 1129 δίκαιον
1325 1086 1536 1142 ἐγνωκέναι
1557 1083 1662 1141 πρὸς

189 1152 361 1203 τούτους
391 1153 699 1208 ἀπολογεῖσθαι.
771 1153 825 1204 ὥς
847 1157 889 1197 δὲ
911 1157 976 1196 καὶ
998 1151 1122 1204 αὖθις
1145 1159 1359 1211 πειρῶντες
1380 1154 1454 1197 οὒκ
1476 1154 1658 1207 ἔπειθον,

141 1225 171 1259 C
196 1224 354 1265 ὁιιστᾶν
393 1221 564 1272 ἑαυτοὺς
595 1223 745 1265 ἐκείνου
775 1225 978 1266 ἐδικαίουν
1005 1226 1071 1267 καὶ
1098 1219 1235 1267 οὗτοι·
1277 1223 1323 1267 τὸ
1350 1223 1428 1279 γὰρ
1463 1220 1661 1269 τοιούτων
1673 1230 1716 1266 15

191 1291 484 1347 πραττομένων
507 1299 786 1347 συγκοινωνεῖν
810 1292 867 1348 μὴ
893 1292 992 1348 ἔχειν
1015 1291 1136 1349 λόγον
1156 1292 1377 1350 ἀπολογίας
1396 1298 1482 1342 τοῖς
1498 1307 1664 1350 μεμφο-

191 1423 256 1458 nisi
290 1423 357 1457 alia
389 1424 555 1469 quaedam
579 1436 600 1458 a
624 1425 719 1459 Saba
741 1435 843 1458 ruere
865 1436 932 1469 qua
957 1427 1117 1470 coeperat
1138 1427 1305 1470 pergente
1327 1428 1458 1458 temere
1481 1426 1667 1467 attentata,

192 1482 282 1515 quae
306 1471 384 1503 licet
408 1471 607 1514 praesertim
631 1472 664 1505 in
689 1472 829 1505 clericos
852 1471 1135 1513 intendebantur,
1169 1476 1282 1504 tamen
1305 1471 1540 1506 redundabant
1561 1472 1665 1504 etiam

193 1516 229 1549 in
255 1517 454 1560 episcopos,
487 1518 548 1551 hos
579 1517 762 1551 movissent
785 1517 827 1551 ad
852 1519 1119 1560 cognoscendum
1142 1517 1185 1551 de
1209 1517 1368 1561 negotio3
1402 1517 1491 1551 unde
1521 1515 1666 1561 contigit

193 1562 430 1606 imperatorem
461 1574 595 1607 quoque
629 1563 762 1597 turbari
799 1575 840 1596 ac
881 1564 1031 1597 titubare
1062 1568 1095 1597 in
1125 1565 1298 1609 proposito
1329 1563 1418 1609 quod
1455 1563 1665 1606 ostenderat,

194 1608 452 1653 qualiacumque
485 1608 703 1653 patriarchae
726 1620 766 1643 ac
789 1608 862 1642 eius
886 1610 1112 1643 ministrorum
1140 1616 1218 1644 acta
1250 1612 1326 1643 tota
1355 1608 1490 1654 imperii
1512 1606 1667 1643 auctori-

193 1659 268 1687 tate
302 1653 518 1688 defendendi.
564 1655 647 1688 moti
682 1667 764 1699 ergo
801 1655 971 1700 episcopi,
1005 1656 1095 1701 quod
1118 1657 1185 1689 iam
1209 1666 1317 1700 usque
1339 1655 1382 1688 ad
1409 1654 1520 1700 ipsos,
1551 1658 1591 1688 ut
1612 1655 1668 1688 eat

195 1700 340 1743 dictum,
366 1701 480 1734 Sabae
503 1701 732 1744 grassationes
756 1701 954 1745 pertingere
977 1707 1181 1745 coeperant,
1212 1700 1351 1735 consilio
1373 1700 1465 1734 inter
1489 1711 1527 1734 se
1548 1699 1666 1734 habito

195 1746 423 1780 decreverunt
452 1747 638 1780 convenire
669 1747 917 1791 patriarcham,
951 1754 1177 1792 repetereque
1208 1748 1250 1781 ab
1282 1758 1323 1781 eo
1353 1747 1519 1781 rationem
1549 1756 1668 1781 eorum

195 1803 285 1837 quae
308 1803 400 1826 nova
423 1797 459 1826 et
479 1794 522 1826 ab
546 1804 608 1826 usu
632 1793 833 1838 legibusque
867 1793 1033 1827 ecclesiae
1064 1794 1249 1828 abhorrere
1271 1793 1349 1826 visa
1371 1795 1581 1837 gererentur.
1627 1795 1668 1826 ut

198 1837 285 1871 enim
310 1837 430 1872 medici
452 1850 519 1872 non
543 1850 618 1872 esse
642 1851 769 1883 poenas
791 1839 946 1884 infligere
969 1839 1231 1884 languentibus,
1265 1839 1326 1874 sed
1348 1838 1546 1873 medicinam
1570 1837 1669 1872 adhi-
1713 1845 1718 1849 “

197 1884 280 1918 bere
304 1889 526 1929 opportunam
550 1885 676 1919 morbis
699 1885 831 1919 illorum
855 1885 1051 1930 abigendis,
1085 1885 1137 1920 ita
1167 1897 1230 1919 nec
1263 1885 1411 1919 officium
1443 1883 1607 1919 antistitis
1631 1883 1669 1918 in

199 1930 377 1974 plectendo
401 1935 506 1976 atque
528 1930 718 1964 ulciscendo
741 1931 861 1974 situm,
894 1943 1010 1966 verum
1033 1932 1069 1965 in
1093 1930 1252 1965 curandis
1276 1934 1311 1964 et
1334 1931 1376 1965 ad
1399 1932 1532 1976 frugem
1555 1940 1670 1965 emen-

198 1976 345 2010 dationis
379 1977 578 2011 revocandis
601 1977 659 2022 qui
683 1983 881 2023 peccarunt.
926 1978 979 2012 his
1003 1978 1052 2011 sic
1075 1977 1110 2011 in
1135 1981 1304 2012 conventu
1327 1977 1492 2012 stabilitis
1519 1976 1671 2023 patriar-

200 2022 284 2055 chae
308 2022 459 2056 indicant
484 2035 609 2068 cupere
633 2023 804 2057 antistites
828 2023 926 2057 simul
949 2029 1174 2069 congregatos
1197 2024 1306 2069 ipsum
1330 2024 1467 2069 alloqui.
1514 2022 1671 2067 assigna-

200 2071 256 2100 tus
292 2068 335 2100 ad
368 2070 430 2102 hoc
462 2069 555 2103 locus
587 2074 641 2103 est
663 2069 698 2103 in
722 2070 863 2103 aedibus
885 2071 1001 2114 magni
1028 2070 1298 2111 ecclesiarcbae,
1332 2081 1400 2114 quo
1423 2081 1499 2104 cum
1522 2069 1672 2103 venisset

198 2113 415 2159 patriarcha,
448 2116 662 2150 considentes
692 2116 844 2160 episcopi
876 2127 918 2150 ex
949 2128 989 2150 eo
1020 2128 1058 2151 se
1087 2116 1174 2151 velle
1197 2116 1315 2150 audire
1337 2116 1496 2150 dixerunt
1518 2114 1690 2168 quas'ob*

202 2170 323 2193 causas
349 2172 389 2193 ea
414 2172 502 2204 quae
526 2161 638 2196 Sabas
661 2163 855 2196 attentabat
878 2162 1021 2196 fierent:
1045 2174 1110 2196 non
1134 2162 1219 2196 enim
1244 2173 1321 2196 esse
1343 2162 1403 2196 illa
1424 2159 1672 2200 ecclesiastica,

202 2205 263 2238 sed
289 2206 466 2247 tyrannica
500 2213 587 2241 acta.
637 2208 688 2241 his
713 2208 814 2242 dictis
838 2208 1066 2242 adiunxerunt
1089 2208 1333 2254 expositionem
1355 2207 1570 2242 vexationum
1593 2205 1675 2250 qui-

202 2251 267 2284 bus
290 2251 402 2284 Sabas
427 2253 534 2286 ferret
557 2259 742 2300 ageretque
765 2254 906 2288 miseros
929 2255 1090 2296 clericos,
1116 2261 1152 2288 et
1173 2254 1208 2288 iu
1232 2252 1496 2288 ecclesiasticum
1519 2250 1673 2286 ordinem

203 2297 394 2331 universum
426 2298 507 2331 clam
541 2300 674 2343 palam,
707 2300 798 2334 intus
833 2304 868 2334 et
899 2307 996 2335 extra
1018 2301 1209 2334 immaniter
1232 2300 1423 2344 acerbeque
1445 2300 1673 2342 grassaretur.

203 2354 246 2376 ea
276 2342 334 2377 ille
360 2343 477 2377 audita
498 2344 546 2378 sic
571 2356 708 2389 prorsus
740 2351 910 2392 tamquam
934 2347 1016 2381 nihil
1039 2347 1081 2381 ad
1106 2358 1143 2380 se
1167 2346 1377 2391 pertinerent
1398 2343 1572 2388 negligere
1595 2343 1675 2376 fun-

205 2388 297 2422 ditus
330 2389 427 2423 visus
459 2395 532 2430 est,
560 2391 687 2423 addens
712 2397 747 2425 et
770 2403 980 2437 conquerens
1003 2393 1085 2427 talia
1109 2393 1152 2426 ab
1174 2391 1241 2425 illis
1263 2389 1442 2424 memorari
1473 2392 1674 2434 praetextus

205 2435 407 2470 secessionis
440 2447 461 2469 a
492 2447 529 2470 se
558 2436 733 2470 faciendae
769 2439 1022 2481 quaerentibus.
1068 2449 1175 2483 quare
1210 2446 1495 2481 supervacaneum
1518 2446 1556 2469 se
1579 2434 1676 2469 arbi·-

205 2480 292 2514 trari
324 2493 439 2515 curam
470 2481 569 2515 ullam
601 2493 732 2516 sumere
764 2483 991 2518 obiectionum
1020 2482 1211 2517 istiusmodi
1234 2481 1478 2515 diluendarum.
1525 2480 1579 2514 his
1599 2479 1675 2526 epi-

206 2527 300 2572 scopi
337 2527 442 2561 multa
476 2532 700 2572 reposuerunt
731 2527 853 2572 quibus
884 2530 914 2562 ei
945 2529 1153 2574 persuadere
1175 2532 1379 2562 conarentur
1402 2537 1513 2572 aequa
1534 2530 1570 2560 et
1594 2537 1677 2560 con-

209 2578 372 2607 sentanea
396 2585 433 2607 se
457 2584 617 2618 poscere:
653 2573 713 2607 sed
746 2585 819 2607 cum
845 2575 925 2609 nihil
950 2575 1069 2620 profici
1101 2574 1408 2608 animadverterent
1436 2572 1511 2618 ipso
1541 2570 1675 2607 inflexi-

208 2619 325 2653 biliter
355 2620 389 2653 in
422 2619 546 2654 duritie
580 2623 775 2664 perstante,
810 2620 901 2654 clare
922 2620 986 2665 ipsi
1009 2619 1251 2654 denuntiarunt
1273 2619 1350 2663 cogi
1373 2630 1411 2653 se
1433 2617 1546 2652 officio
1571 2618 1613 2653 ad
1636 2627 1677 2652 so

207 2665 302 2710 ipsos
337 2677 358 2699 a
390 2669 459 2700 tam
491 2664 793 2700 inconvenientium
839 2672 990 2700 actorum
1028 2666 1116 2699 omni
1150 2665 1413 2711 participatione
1443 2663 1676 2699 removendos.

210 2723 320 2756 neque
354 2711 441 2746 enim
466 2723 503 2746 se
527 2723 626 2757 posse
649 2712 758 2745 iustae
782 2723 958 2746 censuram
990 2710 1262 2757 reprehensionis
1284 2711 1351 2744 ulla
1374 2710 1592 2745 excusatione
1619 2710 1678 2744 fu-

210 2768 305 2801 gere,
326 2757 356 2791 si
378 2758 627 2804 perseverando
649 2757 683 2791 in
707 2759 937 2792 communione
960 2770 1034 2792 cum
1056 2757 1099 2792 iis
1122 2757 1181 2803 qui
1204 2757 1253 2791 sic
1273 2757 1464 2791 inordinate
1487 2768 1529 2791 ac
1550 2760 1678 2792 temere

212 2811 457 2849 operarentur,
476 2808 546 2839 tam
569 2803 846 2850 improbabilibus
867 2804 969 2840 factis
988 2803 1246 2851 approbationis
1268 2813 1350 2838 suae
1373 2813 1545 2850 apponere
1565 2802 1679 2838 calm—
