1820 3112
346 148 419 190 DE
454 145 786 190 ANDRONICO
821 145 1194 192 PALAEOLOGO
1229 147 1275 190 L.
1304 145 1377 194 111.
1481 146 1581 193 229

116 260 183 304 καὶ
203 260 256 304 τὰ
279 263 352 314 τῆς
367 259 514 318 ἀρετῆς
535 261 653 315 δῶρα
670 255 796 313 τύχης
805 258 990 313 παίγνιον
1006 256 1200 316 εὖρηκῶς,
1230 258 1348 310 τέλος
1369 257 1581 310 Ἰουδαίοις

114 330 341 386 ἐκτυφλοῦν
361 330 633 385 παραδίδωσι.
706 328 772 369 καὶ
793 323 815 369 ὅ
837 327 913 380 μὲν
932 324 1168 384 τετῦφλωτο
1182 361 1197 380 ,
1232 326 1355 371 nm?
1376 327 1482 370 ἅττα
1503 330 1579 371 δυ-

117 395 314 452 σωπήσας
342 398 408 440 καὶ
438 398 527 452 περὶ
551 395 735 451 θατέρου
758 398 841 437 τῶν
871 393 1130 450 ὀφθαλμῶν,
1171 395 1269 438 ἀλλ’
1294 395 1344 440 οὗ
1365 397 1508 447 πείσας
1527 396 1575 439 τὸ

114 462 324 522 παράπαν.
396 466 435 508 οἱ
469 466 513 508 δὲ
537 469 621 508 τῶν
648 466 802 508 ἐκεῖθεν
829 460 973 518 φόβων
1001 462 1281 514 ἀπολυθέντες
1311 470 1397 514 τοῖς
1418 469 1573 515 λοιποῖς
1597 475 1625 508 Β

82 547 103 581 5
116 534 358 590 ἐπεχείρουν,
380 535 447 577 καὶ
467 532 596 589 ἔδρων
606 534 680 587 μὲν
698 531 776 576 σὺν
793 538 878 581 τοῖς
894 538 1093 586 μοναχοῒς
1110 534 1178 575 καὶ
1197 532 1350 583 ἄλλους
1367 532 1419 575 τὰ
1436 532 1573 586 ὅμοια,

111 601 283 658 ἀπηνῶς
303 604 565 659 φλοιδοῦντες
594 600 691 651 τοὺς
719 597 991 657 ὄφθαλμοῦς,
1022 601 1121 650 τούς
1156 601 1202 643 δὲ
1221 602 1289 643 καὶ
1316 602 1435 655 βίους
1457 601 1578 651 ὅλους

114 670 375 728 ἀφῃροῦντο,
413 672 480 712 καὶ
510 667 687 725 σχήματι
714 665 954 724 ἐκδικήσεως
980 672 1054 724 τῆς
1071 668 1173 726 πρὸς
1199 669 1300 720 τοὶ-ς
1317 674 1573 727 κρατοῦντας

114 737 275 789 ἑαυτοῖς
292 739 492 789 ἐξεδίδουν
510 738 562 781 τὰ
577 735 783 794 χρήματα.
1262 772 1265 777 .

253 808 328 852 12.
400 804 646 864 Ἐπράττετο
680 807 754 859 μὲν
795 800 868 847 οὖν
896 809 1027 848 ταῦτα
1053 805 1184 861 μηνὸς
1210 810 1568 863 Σκιρροφοριῶνος
1591 814 1622 847 C

62 887 108 921 10
118 875 212 932 περί
227 892 307 919 που
326 875 404 926 τὰς
419 876 767 932 χριστουγεννίους
783 872 952 930 ἡμέρας,
986 872 1343 928 Ἑκατομβαιῶνος
1366 876 1411 918 δὲ
1428 874 1571 934 πρώτῃ

112 943 306 1000 ἔφθασαν
326 944 367 986 οἶ
385 944 487 1000 πρὸς
504 943 551 986 τὸ
569 943 770 1000 ἀγγέλλειν
787 943 1057 999 πεμφθέντες,
1087 943 1134 986 οἳ
1147 944 1214 986 καὶ
1236 941 1292 993 ὥς
1311 942 1431 986 οὐδὲν
1449 943 1571 987 πλέον

111 1009 262 1062 εἰδότες
285 1012 333 1056 οὗ
353 1010 573 1055 κατάλυσιν
592 1011 846 1061 ἀποστασιάς
866 1010 961 1054 ἀλλ’
997 1010 1126 1069 ἀρχὴν
1144 1015 1303 1064 μᾶλλον
1324 1013 1392 1054 καὶ
1414 1009 1571 1055 σύστα-

110 1097 176 1124 σιν
199 1080 401 1138 ἤγγελλον.
472 1082 538 1124 καὶ
570 1078 759 1137 θόρυβος
787 1075 839 1134 ἦν
858 1079 1028 1132 αὐτίκα,
1067 1082 1133 1123 καὶ
1155 1080 1290 1133 θυμὸς
1318 1081 1386 1122 καὶ
1405 1080 1570 1135 ἀθυμία

107 1149 183 1205 τὴν
213 1149 398 1206 ἀγγελίαν
428 1149 667 1206 ἓμεριζέτην.
738 1151 971 1202 ἓθυμοῦντο
1002 1149 1077 1203 μέν
1108 1148 1186 1205 γὰρ
1214 1148 1276 1191 ὅτι
1305 1148 1393 1198 νέος
1422 1147 1480 1192 ὢν
1511 1149 1569 1192 ἔτι

56 1226 100 1262 1⁵
112 1219 179 1262 καὶ
203 1218 306 1274 παρ’
341 1217 476 1261 αὐτῶν
508 1217 703 1273 ἀναχθεὶς
733 1215 933 1267 τοιούτοις
953 1217 1220 1272 έπιτολμῆσαι
1240 1216 1428 1272 ἠνέσχετο
1441 1250 1455 1270 ,
1491 1217 1566 1268 τὰς
1588 1232 1619 1266 D

108 1287 211 1344 πρὸς
240 1286 336 1337 τοὺς
365 1285 559 1340 βασιλέας
591 1287 744 1336 πίστεις
778 1285 889 1341 παρ’
931 1285 1049 1328 οὐδέν
1085 1286 1323 1339 τιθέμενος·
1373 1284 1568 1341 ἠθύμουν

109 1355 153 1398 δ’
186 1351 311 1405 αὖθις
339 1355 387 1398 τὸ
423 1354 682 1411 θερμουργὸν
717 1355 867 1396 ἐκείνου
896 1355 962 1395 καὶ
997 1353 1087 1396 νέον
1112 1351 1461 1407 ὖποτοπάζοντες,
1499 1356 1567 1397 καὶ

108 1422 165 1474 ὥς
182 1423 299 1481 ἴργον
321 1422 435 1465 ἕσται
454 1423 502 1465 τὸ
518 1422 727 1478 μέγιστον,
761 1422 820 1477 μὴ
846 1420 907 1464 ὅτι
924 1438 968 1478 γε
986 1420 1201 1464 καταλύειν
1217 1424 1274 1471 εἷς
1295 1422 1410 1472 τέλος
1425 1439 1564 1477 μαχο-

105 1492 277 1547 μένους,
314 1491 419 1534 ἀλλὰ
435 1493 503 1533 καὶ
523 1493 743 1546 ἐξημεροῦν
765 1489 865 1540 τέως
886 1487 1100 1543 μετιόντας
1116 1488 1420 1545 ὖποποι-ήσεσιν.
1464 1489 1565 1534 ὅθεν

54 1563 174 1605 zona!
190 1557 391 1616 δοκούσης
410 1558 468 1602 ἔτι
486 1564 561 1615 τῆς
580 1559 835 1609 ἄποστασίας
858 1559 1135 1602 συνίστασθαι
1154 1559 1265 1602 δεινὰ
1282 1560 1459 1613 ἐποίουν,
1495 1561 1562 1602 καὶ
1586 1565 1615 1600 Ρ
1641 1567 1707 1601 156

106 1695 242 1728 exutum
264 1695 301 1727 et
322 1692 365 1727 ad
387 1704 511 1728 meram
534 1692 707 1727 redactum
729 1691 926 1731 nuditatem,
949 1693 1107 1727 fortunae
1128 1690 1320 1733 ludibrium,
1347 1690 1482 1726 Iudaeis
1503 1702 1564 1725 ex-

106 1738 309 1774 mudum
330 1739 481 1773 tradidit.
525 1739 574 1773 sic
594 1739 652 1773 ille
674 1739 813 1773 orbatus
836 1739 1033 1781 luminibus,
1055 1742 1234 1784 postquam
1255 1737 1503 1772 infelicissimus
1525 1748 1564 1770 se

105 1784 294 1820 demisisset
316 1785 359 1819 ad
380 1785 513 1819 infimas
536 1784 595 1819 sed
617 1785 661 1819 ad
683 1790 870 1819 extremum
891 1784 1011 1818 irritas
1030 1795 1171 1829 preces,
1194 1784 1335 1817 alterius
1357 1783 1422 1816 sibi
1442 1782 1563 1815 saltem

106 1830 194 1864 eonii
214 1831 374 1864 donandi.
419 1836 499 1865 tunc
521 1831 631 1864 securi
654 1831 805 1865 victores
827 1831 862 1864 in
884 1830 1056 1864 rebellium
1079 1834 1233 1863 caeteros
1254 1828 1392 1862 liberius
1413 1827 1561 1861 saevire.

105 1881 211 1921 atque
231 1876 307 1911 aliis
328 1876 483 1921 quidem,
505 1876 607 1910 etiam
629 1877 800 1911 monacbis
822 1887 908 1922 qnos
929 1876 1201 1916 memoravimus,
1239 1873 1434 1908 suasoribus
1466 1873 1563 1906 defe-

106 1921 245 1963 ctionis,
275 1923 352 1966 pari
381 1922 520 1955 feritate
552 1922 668 1956 oculos
699 1928 872 1956 eruerunt.
917 1922 993 1956 aliis
1022 1922 1204 1955 facultates
1228 1925 1263 1952 et
1297 1918 1390 1951 vitae
1411 1917 1564 1952 subsidia.

105 1966 303 2000 ademerunt
322 1966 493 2010 universa,
515 1967 650 2012 sibique
672 1967 930 2008 adiudicat-unt,
953 1967 1081 2011 praeda
1102 1977 1165 2010 per
1187 1965 1275 1998 bunc
1298 1963 1430 1997 modum
1451 1963 1564 2008 opima

105 2011 226 2056 potiti,
258 2017 295 2046 et
322 2012 491 2056 plausibili
521 2013 663 2047 obtentu
683 2013 904 2047 vindicandae
926 2012 1070 2046 iniuriae
1097 2010 1286 2057 principum
1308 2020 1390 2043 suae
1411 2008 1562 2054 ipsorum

104 2057 272 2092 avaritiae
290 2057 388 2101 large
406 2057 600 2101 gratificati.

198 2104 253 2140 12.
299 2103 394 2136 Haec
415 2107 513 2147 gesta
534 2107 613 2136 sunt
634 2114 747 2136 mense
768 2102 976 2142 Decembris,
997 2101 1132 2136 circiter
1156 2099 1329 2134 natalitias
1352 2099 1482 2134 Christi
1505 2100 1560 2134 fe-

103 2148 186 2184 rias.
232 2148 384 2183 kalendis
405 2159 487 2182 vero
508 2148 650 2182 insecuti
673 2149 817 2182 Ianuarii
839 2149 977 2188 missus,
1012 2151 1051 2181 nt
1073 2146 1197 2180 dictum
1227 2151 1302 2188 est,
1333 2157 1354 2181 a
1375 2145 1559 2180 Libadario

102 2194 239 2229 nuntius
262 2194 585 2239 Constantinopolim
609 2194 772 2239 pervenit.
815 2193 977 2227 indicavit
1007 2193 1039 2226 is
1070 2203 1137 2225 non
1168 2192 1314 2226 excisam
1345 2191 1434 2234 iam,
1466 2191 1557 2236 quod

102 2246 182 2286 post
201 2240 273 2275 eins
295 2240 477 2274 discessum
499 2241 661 2283 contigit,
691 2239 751 2273 sed
775 2239 863 2284 quod
887 2239 993 2272 solnm
1015 2237 1169 2279 sciebat,
1199 2238 1299 2272 modo
1322 2237 1500 2272 conflatam
1522 2240 1559 2270 et

104 2297 143 2321 ee
173 2286 391 2332 incipientem
414 2296 554 2320 exerere
575 2285 858 2330 Philant.bropeni⁴
876 2283 1100 2318 rebellionem.
1146 2283 1191 2317 ad
1212 2295 1287 2317 enm
1308 2283 1461 2318 nuntium
1483 2282 1559 2328 pri-

103 2343 158 2367 mo
181 2332 295 2367 statim
318 2332 553 2366 tumultuatum
576 2331 692 2364 auditu
715 2336 770 2364 est
783 2355 794 2370 ,
824 2336 861 2364 et
882 2329 1070 2375 principum
1092 2329 1220 2364 animos
1240 2329 1295 2363 ira
1317 2335 1354 2363 et
1373 2334 1484 2364 metus
1503 2328 1559 2362 di-

102 2377 194 2412 visit.
238 2378 500 2422 indignabantur
529 2377 693 2412 hominem
731 2376 841 2410 adhuc
871 2375 1137 2416 adolescentem,
1175 2375 1220 2409 ab
1249 2374 1336 2420 ipsis
1366 2375 1556 2416 educatum,

102 2423 252 2469 ipsorum
271 2424 445 2458 beneficiis
467 2426 639 2463 evectum,
661 2427 732 2456 tam
754 2427 906 2464 mature,
929 2425 998 2455 tam
1019 2421 1174 2464 ingrate,
1196 2424 1324 2455 tantum
1346 2421 1475 2455 audere
1494 2431 1557 2454 su-

102 2468 283 2513 sfinuim,
315 2470 399 2503 fidei
429 2480 530 2515 qnam
563 2469 705 2503 deberet
725 2467 967 2512 imperantibus
988 2467 1078 2500 nulla
1099 2466 1231 2500 ratione
1251 2466 1390 2500 babitaz
1424 2465 1558 2500 aliunde

102 2516 297 2550 metuebant
318 2527 340 2549 a
360 2516 494 2549 fervida
515 2515 628 2549 indole
650 2525 749 2549 mann
774 2513 921 2558 prompti
942 2512 1090 2554 iuvenis;
1115 2515 1151 2545 et
1172 2512 1242 2546 snis
1263 2523 1334 2546 rem
1356 2516 1462 2546 totam
1485 2522 1557 2544 mo·-

102 2560 222 2594 mentis
242 2561 480 2602 aestimantes,
502 2561 603 2595 facile
624 2559 852 2606 providebant
874 2558 971 2592 ardui
991 2559 1067 2592 fore
1088 2557 1236 2602 negotii,
1268 2558 1498 2604 praeferocem
1520 2558 1556 2588 et

102 2605 192 2639 bello
213 2606 375 2641 hactenns
396 2606 528 2641 felicem
551 2607 680 2643 ducem.
699 2610 795 2640 tanto
816 2604 1022 2639 succinctum
1041 2604 1204 2645 exercitu,
1224 2615 1290 2637 non
1312 2603 1419 2637 dicam
1442 2611 1555 2646 pugna

102 2651 271 2694 fungere,
293 2655 347 2686 tot
364 2652 471 2698 ipsius
489 2651 722 2686 internecione
744 2650 850 2695 copiis
871 2649 1034 2690 delendis,
1054 2649 1116 2684 sed
1136 2649 1193 2683 vel
1211 2649 1370 2694 mitigare
1391 2646 1557 2681 conditio-

101 2695 201 2729 nibus
229 2697 347 2742 amplis
377 2697 562 2732 offerendis
591 2701 628 2731 et
654 2696 824 2731 blanditiis
854 2695 898 2729 ad
927 2695 1072 2739 gratiam
1093 2706 1266 2730 revocare.
1310 2704 1416 2740 qnare
1438 2691 1554 2725 valere

102 2745 173 2774 tum
190 2742 299 2776 adhuc
320 2746 356 2776 et
377 2754 452 2778 cum
474 2743 616 2778 maxime
636 2742 786 2787 flagrare
806 2740 1004 2775 seditionem
1022 2740 1114 2775 illam
1136 2740 1332 2786 opinantes,
1355 2749 1421 2771 non
1447 2736 1552 2770 solum

101 2797 259 2831 quorsum
278 2793 472 2834 erumperet
492 2789 707 2832 verebantur,
728 2798 848 2823 verum
870 2790 909 2821 et
926 2789 1051 2822 factum
1070 2786 1292 2832 imaginantes
1312 2783 1403 2830 quod
1423 2793 1468 2817 ne
1489 2781 1551 2817 fle.-
