1858 3126
281 129 357 172 DE
383 125 711 170 ANDRONICO
737 120 1109 168 PALAEOLOGO
1136 122 1182 162 L.
1209 120 1303 164 Vll.
1422 118 1519 164 637

82 242 221 295 mm,
257 242 323 284 καὶ
351 247 437 290 τοῖς
461 241 626 283 δοκοῦσι
654 241 737 281 τῶν
765 233 1016 287 ἀκουόντων,
1052 232 1110 284 ὥς
1137 237 1210 275 τοῦ
1241 235 1428 286 ποταμοῦ
1445 235 1523 285 τῆς

79 311 298 366 Μαρίτζης
317 309 364 351 τὸ
384 308 487 351 πολὺ
508 312 583 349 τοῦ
601 305 751 355 ὕδατος
771 304 873 359 πρὸς
891 301 1111 346 θάλασσαν
1129 299 1436 349 ἆποπτῦσοντος
1453 302 1526 342 καὶ

79 381 214 432 staro&
244 381 380 425 ποσῶς
403 376 615 432 γενομένου
644 375 740 416 ποσὶ
761 373 862 428 πρὸς
881 370 1060 426 Βολερόν
1090 366 1525 424 διαπεραιωθήσονται.

80 444 181 488 ὅθεν
206 446 272 487 καὶ
300 446 441 486 πολλοὶ
472 440 783 499 προφθάνοντες
813 436 987 496 ἔξῴκουν
1015 440 1168 479 ἐκεῖθεν
1197 439 1264 479 καὶ
1288 444 1374 486 τοῖς
1393 453 1525 492 φρου-

46 524 70 559 5
85 514 183 567 ριόις
202 510 484 568 ἓγκατεβύοντο
496 543 510 563 ,
546 509 601 560 ὥς
619 512 827 566 προνομῆς
845 504 973 550 τύπον
993 505 1092 559 ἔχειν
1114 506 1179 547 καὶ
1201 504 1246 547 ὃν
1264 502 1392 548 τόπον
1410 503 1525 547 οὔπω

22 616 25 619 .
75 583 154 623 τινὶ
174 577 484 636 προενόμευσαν.

213 649 292 693 33.
354 645 578 700 Ἑτέρωθεν
614 642 708 686 κατ’
745 639 972 696 ἀνατολήν,
1019 641 1084 683 καὶ
1122 644 1281 694 μᾶλλον
1324 642 1412 696 περὶ
1446 639 1520 693 τὴν
1542 642 1574 676 C

76 715 274 767 Νίκαιαν,
310 712 527 771 δυσφόρως
549 711 652 766 εἶχον
671 711 723 754 τὰ
747 709 983 766 πράγματα,
1020 713 1094 751 τοῦ
1110 708 1262 761 Ἀτμιὶν
1283 712 1525 756 κλονοῦντος

76 783 131 825 τὰ
150 785 269 840 τῇδε,
303 784 370 824 καὶ
397 786 553 834 μᾶλλον
583 780 643 822 ὃτι
669 778 694 834 ἧ
716 780 950 834 αὐταδίλφη
972 781 1046 821 τοῦ
1067 777 1267 829 βασιλέως
1285 778 1435 831 Μαρία
1455 778 1523 817 καὶ

27 861 71 895 10
80 855 160 894 τῶν
180 853 454 904 Μουγουλίων
477 848 584 891 οὕτω
600 864 684 896 πως
713 848 904 890 δέσποινα
932 846 1204 900 ὀνομαζομένη
1224 845 1422 886 ἐπιστᾶσα
1442 847 1523 885 Νι-

80 920 175 978 καίᾳ
204 921 246 968 ἐξ
273 916 495 974 ὑπερτέρου
522 915 784 972 φρονήματος
814 920 870 973 τῷ
885 914 1035 967 Ἀτμάν
1052 912 1345 969 προσεφέρετο,
1381 914 1447 954 καὶ
1465 911 1522 961 εἷς

78 986 151 1029 τὸν
178 989 464 1042 Χαρμπαντᾶν
498 985 720 1039 ἐπεγκαλεΐν
748 981 849 1038 δήλη
882 978 933 1037 ἦν
969 981 1206 1024 ἀπειλοῖσα.
1282 982 1349 1022 καὶ
1386 980 1521 1036 γέγονε

77 1058 231 1104 ταῦτα,
269 1055 334 1096 καὶ
350 1049 544 1108 μυριάδες
565 1058 692 1106 τρεῖς,
729 1049 826 1104 ὥςῆ
850 1049 992 1099 πύστις
1012 1048 1112 1102 εἶχε,
1150 1049 1242 1104 περί
1256 1066 1335 1090 που
1361 1048 1413 1090 τὰ
1438 1047 1520 1106 ἑῷα

77 1121 179 1177 μέρη
196 1122 400 1174 Περσίδος
414 1120 691 1173 ἐξεπέμποντο.
725 1119 904 1175 καὶπρὸς
920 1118 1090 1171 βασιλέα
1111 1117 1162 1159 τὰ
1178 1114 1364 1171 μήνυτρα
1382 1115 1521 1171 ἔφθα-

26 1199 68 1234 15
78 1206 171 1241 νον,
206 1191 271 1231 καὶ
293 1188 483 1242 βασιλεὺς
513 1188 678 1240 πέμπων
709 1185 924 1242 ἐπολυώρει
944 1191 1053 1242 σφᾶς
1072 1192 1234 1238 συχνοῖς
1258 1186 1323 1226 καὶ
1344 1188 1521 1239 μεγαλο-
1544 1190 1571 1224 Ρ
1595 1191 1660 1225 445

77 1255 242 1312 πρεπέσι
261 1254 588 1313 φιλοτιμήμασιν.
660 1255 777 1298 οὐδὲν
796 1255 840 1297 δὲ
857 1259 989 1296 ταῦτα
1008 1254 1261 1307 νωθέστερον
1281 1252 1352 1294 τὸν
1373 1251 1524 1306 Ἀτμιὶν

79 1325 239 1366 ἔποιόυν
270 1325 334 1366 καὶ
363 1325 452 1377 περὶ
482 1323 556 1371 τὰς
578 1320 739 1376 πράξεις
769 1321 910 1365 ὡσανεὶ
939 1320 1294 1375 προμηθέστερον,
1332 1319 1435 1361 ἀλλὰ
1456 1321 1524 1360 καὶ

76 1395 235 1444 μᾶλλον
262 1388 552 1447 παρώτρυνον,
601 1389 705 1433 ὥστε
738 1392 804 1432 καὶ
838 1390 991 1449 ,Νικαίᾳ
1025 1386 1339 1445 προσβάλλοντα
1371 1389 1524 1430 {mnan

165 1510 199 1544 2.
215 1507 518 1550 ἀποπτύσαντοςΐ
610 1510 664 1544 11.
679 1506 744 1544 τὸν
752 1508 791 1542 Ρ.
883 1508 937 1542 13.
952 1507 1072 1549 πίστις
1085 1507 1126 1541 P.
1212 1506 1296 1541 ibid.
1319 1506 1407 1550 που]
1423 1500 1470 1542 οὗ
1481 1506 1521 1541 P.

77 1620 174 1655 nione
194 1620 367 1656 verisimili
390 1622 585 1662 multorum,
618 1632 639 1655 a
660 1620 741 1657 viris
765 1620 862 1655 etiam
887 1620 1127 1667 prudentibus,
1157 1620 1215 1654 ubi
1237 1620 1434 1660 audierunt,
1466 1619 1522 1653 sa-

80 1667 143 1700 cile
164 1666 315 1708 credita,
348 1679 406 1701 eos
431 1668 515 1701 veile
535 1667 695 1701 traiicere
718 1666 895 1700 Maritzam
919 1679 1069 1709 anmem,
1101 1666 1163 1700 sed
1187 1667 1274 1710 quod
1298 1666 1422 1699 scirent
1446 1675 1520 1698 eum

77 1723 144 1756 qno
175 1711 282 1755 magis
310 1714 596 1758 appropinquaret
617 1713 723 1753 mari,
758 1724 798 1746 eo
821 1713 931 1747 altiori
954 1720 1091 1756 turgere
1115 1713 1230 1750 alveo,
1264 1713 1338 1744 ioca
1360 1710 1402 1742 de
1423 1709 1520 1742 indu-

78 1756 162 1790 stria
190 1763 389 1802 quaerentes
418 1759 503 1792 fonti
535 1759 608 1791 eius
638 1757 802 1791 viciniora
832 1770 950 1792 versus
974 1758 1130 1791 Boletum
1164 1756 1322 1797 tendere,
1354 1755 1412 1787 nbi
1435 1765 1523 1798 qua-

78 1802 252 1835 damtenus
282 1803 428 1836 vadosus
459 1805 651 1844 serebatur,
689 1809 726 1836 ut
758 1815 831 1837 eum
862 1804 931 1837 illic
960 1804 1101 1848 pedibus
1131 1801 1324 1836 transirent.
1368 1799 1432 1833 hoc
1463 1799 1521 1844 qui

79 1846 171 1879 circa
193 1851 321 1880 tractus
343 1848 417 1881 illos
445 1849 644 1882 habitabant
673 1849 824 1892 cognito,
857 1849 978 1892 passim
1008 1847 1212 1881 consternati
1236 1845 1438 1879 deserebant
1459 1845 1524 1877 do-

78 1901 171 1931 mos,
201 1902 239 1923 se
269 1902 396 1936 suaque
423 1894 584 1926 abdentes
614 1893 702 1926 intra
731 1894 872 1927 munitas
901 1904 1016 1933 arces,
1051 1904 1116 1926 non
1148 1892 1214 1926 alio
1238 1901 1336 1935 quam
1368 1894 1521 1923 maturae

77 1937 180 1979 fugae
201 1936 366 1979 praesidio
388 1940 479 1970 tutos
502 1949 538 1970 se
560 1939 692 1971 futuros
714 1938 871 1972 arbitrati
894 1950 914 1971 a
937 1937 1149 1983 gravissimis
1169 1935 1275 1976 malis,
1296 1945 1384 1979 quae
1399 1934 1442 1968 ab
1457 1934 1522 1968 ho-

78 1991 152 2013 rum
175 1983 254 2013 nota
276 1981 474 2015 crudelitate
495 1993 560 2015 non
581 1982 744 2016 immerito
767 1983 935 2016 timerent.
979 1983 1030 2016 ita
1052 1982 1196 2015 nondum
1213 1980 1288 2013 unis
1307 1984 1441 2014 vastata
1457 1980 1522 2014 ho-

77 2025 185 2058 stibus
206 2025 319 2069 regio,
346 2037 433 2059 vana
455 2027 679 2071 trepidatione
701 2027 957 2061 discursantium
981 2027 1045 2060 huc
1067 2031 1102 2060 et
1124 2026 1201 2059 illuc
1221 2024 1422 2068 incolarum,
1446 2036 1521 2060 eam

77 2070 293 2114 praeferebat
324 2072 468 2115 speciem
501 2071 595 2116 quasi
627 2073 841 2106 cummaxime
871 2084 893 2106 a
921 2071 1174 2117 pabulatoribus
1210 2070 1320 2115 magni
1348 2071 1519 2106 exercitus

76 2115 200 2159 passim
221 2115 436 2160 diriperetur.

169 2160 224 2194 33.
270 2160 412 2195 Aliunde
435 2172 497 2206 per
528 2160 699 2195 Orientem
715 2186 726 2202 ‚
754 2164 789 2195 et
819 2161 960 2195 maxime
993 2162 1085 2195 circa
1115 2160 1298 2201 Nicaeam,
1327 2160 1413 2194 malo
1436 2171 1518 2196 sane

77 2207 153 2240 loco
175 2216 232 2239 res
254 2212 372 2249 erant,
394 2208 534 2240 Atmane
556 2212 676 2240 cuncta
699 2206 767 2240 illic
788 2212 909 2251 agente
932 2208 1147 2251 ferenteqne‚
1170 2206 1365 2251 praesertim
1388 2217 1430 2239 ex
1449 2217 1517 2251 quo

78 2261 177 2284 soror
198 2250 407 2295 imperatoris
430 2251 561 2292 Maria,
592 2251 815 2295 Muguliorum
850 2252 983 2286 domina
1005 2251 1174 2292 vocitata,
1199 2251 1347 2285 Nicaeae
1367 2251 1519 2286 residens

80 2295 149 2328 alto
180 2296 354 2331 Atmanem
386 2297 559 2342 despicere
591 2297 769 2341 supercilio
800 2297 871 2331 visa
895 2302 970 2338 est,
1004 2301 1234 2331 accusatumm
1254 2307 1292 2330 se
1313 2296 1403 2330 illum
1425 2298 1518 2342 apud

80 2341 359 2385 Carmpantanem
400 2342 545 2376 fidenter
580 2341 786 2376 comminata.
841 2353 903 2376 nec
933 2342 1041 2376 minae
1075 2344 1211 2376 suerunt
1239 2353 1364 2375 vanae:
1392 2353 1466 2376 nam
1494 2354 1518 2377 a

81 2385 277 2430 compellato
299 2398 360 2431 per
380 2387 523 2421 Mariam
547 2387 792 2431 Carmpantane
814 2387 955 2432 triginta
968 2413 979 2429 ‚
1015 2392 1057 2421 ut
1077 2388 1166 2421 fama
1196 2386 1280 2429 fuit,
1314 2393 1516 2422 armatorum

79 2429 182 2464 millia
214 2442 255 2464 ex
284 2431 434 2466 interiori
466 2432 606 2466 Perside
638 2443 753 2466 versus
782 2432 991 2467 orientalem
1020 2432 1203 2467 Romanius
1243 2431 1379 2466 limitem
1414 2432 1518 2466 missa

81 2478 170 2508 sunt.
215 2475 308 2510 cuius
327 2477 461 2511 indiciis
484 2478 533 2511 rei
564 2483 694 2512 mature
724 2478 767 2512 ad
800 2478 1032 2523 imperatorem
1063 2477 1276 2523 praemissis,
1303 2477 1433 2511 studuit
1461 2477 1520 2511 ille

81 2519 215 2554 obviam
237 2522 448 2557 venientibus
483 2523 616 2557 mittere
648 2523 707 2568 qui
733 2534 831 2568 quam
853 2529 970 2568 gratus
1001 2523 1066 2557 sibi
1088 2523 1178 2557 foret
1197 2523 1326 2556 illorum
1354 2523 1521 2556 adventus

81 2565 211 2598 cunctis
241 2566 575 2602 demonstrationibus
605 2568 857 2603 benevolentiae
890 2572 925 2603 et
958 2568 1064 2602 xeniis
1097 2567 1282 2612 magnificis
1298 2571 1519 2601 testarentur.

81 2607 140 2640 sed
165 2609 245 2644 nihil
273 2612 388 2646 horum
413 2615 583 2647 Atmanem
605 2614 726 2647 terruit
756 2618 815 2648 aut
837 2613 1023 2658 segniorem
1055 2613 1098 2647 ad
1122 2613 1291 2647 destinata
1325 2611 1521 2655 exequenda

81 2652 238 2688 reddidit.
283 2657 362 2700 quin
395 2662 431 2691 et
453 2664 551 2692 aucto
575 2670 616 2692 ex
647 2659 698 2692 his
720 2659 846 2703 impetu
869 2659 1058 2692 incumbere
1079 2657 1307 2692 vehementius
1330 2657 1373 2691 ad
1396 2661 1519 2700 coepta

80 2700 216 2731 strenue
241 2702 465 2745 perpetranda
494 2703 685 2738 videbatur.
729 2704 845 2749 itaque
875 2704 1033 2738 infestum
1064 2703 1245 2738 exercitum
1274 2702 1424 2737 Nicaeae
1455 2701 1517 2734 ad-

80 2752 215 2776 movens
237 2755 336 2788 agros
357 2746 498 2791 primum
520 2748 643 2783 circum
665 2749 811 2795 undique
832 2750 999 2790 vastavit,
1022 2748 1129 2783 vineis
1150 2747 1366 2788 excidendis,
1388 2745 1517 2792 segeti*
