1820 3112
197 157 262 204 74
614 158 851 203 GEORGII
883 159 1234 203 PACHYMERIS

193 272 291 323 λοῦς
312 271 390 315 ἀνὰ
406 279 546 328 χεῖρας
568 270 669 326 ἔχων
683 306 696 325 ,
731 273 875 322 πιστὸς
898 273 948 315 τὰ
979 272 1111 316 πολλὰ
1132 274 1264 316 δοκῶν
1281 277 1454 328 βασιλεῖ.
1523 271 1663 318 δελεά-

194 343 299 394 ζεται
321 342 457 383 τοίνυν
479 339 500 382 ὅ
528 339 747 397 βάρβαρος
767 343 943 394 μείζοσιν
972 340 998 396 ἢ
1019 341 1126 384 καθ’
1151 340 1277 385 αὑτὸν
1295 340 1558 398 ὗποσχέσεσι,
1596 345 1663 386 καὶ

73 421 102 454 Ρ
125 420 171 456 46
194 407 402 453 κατανεύει
434 409 510 463 τὴν
540 413 702 464 πρᾶξιν.
773 412 839 452 καὶ
871 410 923 464 δὴ
951 410 1218 466 εὐτρεπίζεται
1246 411 1320 464 μὲν
1349 411 1462 468 παρὰ
1496 415 1579 454 τῶν
1600 414 1662 455 οἶ-

189 480 304 521 κείων
334 482 392 535 τῷ
426 476 625 532 Μιχαήλ,
663 478 709 521 οἳ
735 478 784 532 δὴ
813 481 878 521 καὶ
906 481 947 520 ἐν
973 480 1186 539 ἐλευθερίᾳ
1207 477 1413 534 διάγοντες
1429 477 1661 536 ὖπούργουν

190 547 325 604 ἐκείνῳ
344 546 396 588 τὰ
417 546 642 602 ἀναγκαῖα,
679 545 797 596 ἅλιὰς
817 553 1133 601 ταχυναυτοῦσα
1166 550 1232 590 καὶ
1262 547 1407 604 ἄνδρες
1437 548 1569 600 ε’ρέται
1591 567 1659 602 μι-
1674 558 1696 594 5

191 619 302 659 σθοῦ
325 619 398 658 τοῦ
418 614 597 670 μεγάλου
620 616 659 658 οἷ
681 616 781 665 τέως
803 614 1031 671 αὐτάρκεις,
1069 619 1135 659 καὶ
1154 615 1174 658 ὃ
1196 617 1336 672 καιρὸς
1359 616 1466 659 καθ’
1495 615 1542 660 ὃν
1557 617 1661 659 ἐκεῖ-

190 701 253 727 νοι
269 684 343 737 μὲν
360 689 411 741 τῇ
436 685 541 727 κατὰ
560 682 675 727 δύσιν
695 683 893 742 θαλάσσῃ
914 683 1162 740 προσχόντες
1193 683 1503 740 σταθήσονται,
1542 685 1662 728 αὐτοὶ

191 754 237 795 δὲ
263 757 338 806 τῆς
365 758 551 810 φυλακῆς
579 751 769 806 ἐκβάντες
799 751 1085 808 ἐπιβήσονται,
1134 755 1174 803 ἐς
1202 754 1250 796 τὸ
1271 754 1435 809 ἀκριβὲς
1454 752 1658 797 τάττεται.

427 819 456 838 Ι)
492 821 513 837 ’l
685 823 696 837 ³

191 821 361 876 κάπειδὴ
380 818 438 864 ’δυ
493 839 614 872 οντας
652 840 725 865 ουκ
755 818 804 877 ἦν
833 826 1198 878 καταγωνίσασθαι
1230 823 1325 872 τοὺς
1354 822 1522 872 λοιποὺς
1546 821 1662 880 (οὐδὲ

191 891 270 946 γὰρ
304 894 429 933 πᾶσιν
467 890 666 940 ἔκπυστος
698 886 747 945 ἦν
784 889 810 946 ἡ
856 890 1015 947 βουλὴ)
1050 893 1280 946 μερίζουσιν
1313 892 1488 940 ε’κείνους
1518 889 1572 941 ὥς
1601 892 1662 932 ἐπὶ
1677 899 1722 934 10

146 965 177 999 Β
202 955 343 1014 πράξει
370 959 618 1013 πέμποντες,
655 961 721 1001 καὶ
755 959 859 1002 καθ’
892 961 959 1002 ἕνα
994 957 1281 1014 ὗποὸεχόμενοι
1320 962 1542 1012 κτείνουσι,
1592 963 1667 1002 τοῦ

195 1028 388 1083 δευτέρου
410 1028 468 1082 μὴ
501 1026 657 1077 εἰδότος
684 1028 730 1070 τὸ
762 1032 821 1085 τῷ
849 1029 1034 1086 προτέρῳ
1066 1027 1243 1082 συμβάν.
1326 1027 1459 1078 οἶκτος
1487 1028 1532 1070 δὲ
1550 1025 1667 1080 σώζει

194 1095 266 1138 τὸν
291 1098 419 1138 παῖδα
438 1098 504 1138 καὶ
522 1095 674 1151 μόνος,
714 1097 1040 1150 συμποδίσαντές
1057 1115 1099 1140 τε
1124 1098 1189 1140 καὶ
1210 1094 1578 1152 ἓπαγκωνισάμενοι
1601 1097 1672 1138 καί

192 1181 236 1220 γε
259 1165 411 1218 δεσμὸν
433 1163 682 1218 ἐμβαλόντες
699 1169 757 1222 τῷ
787 1163 963 1218 στόματι
990 1165 1172 1222 ἀφιᾶσιν.
1244 1167 1385 1208 ἐκεῖνοι
1410 1165 1452 1207 δ’
1483 1163 1539 1214 ὥς
1561 1162 1667 1219 εἶχον

190 1231 271 1274 ὑπὸ
295 1235 418 1275 κλεισὶ
438 1233 512 1288 τὴν
533 1233 719 1290 φυλακὴν
739 1237 1052 1290 σφραγίσαντες,
1089 1233 1144 1283 ὥς
1163 1233 1222 1289 μὴ
1241 1234 1480 1276 ε’κκυλισθέν
1498 1233 1547 1276 τὸ
1568 1251 1664 1276 παι-
1678 1243 1720 1278 15

192 1303 280 1343 δίον
301 1302 478 1357 ἐμφανὲς
506 1302 584 1357 πρὸ
616 1307 762 1357 καιροῦ
795 1302 841 1345 τὸ
868 1305 1009 1358 δρᾶμα
1031 1301 1255 1357 ποιήσειεν,
1290 1300 1369 1345 ὖπὸ
1396 1299 1564 1358 πρώτας
1585 1318 1667 1359 φυ-

193 1369 322 1420 λακὰς
350 1374 423 1425 τῆς
453 1370 599 1419 νυκτὸς
631 1372 774 1420 ε’ξιάσι.
846 1376 903 1429 τῷ
936 1372 1014 1427 γὰρ
1043 1371 1190 1428 Ἔρρῇ,
1240 1370 1375 1427 ὥσπερ
1407 1371 1450 1413 αἱ
1469 1371 1666 1428 φυλακαί,

143 1443 174 1477 C
199 1436 309 1481 οὕτω
340 1440 406 1481 καὶ
436 1439 479 1481 αἱ
509 1443 585 1493 τῆς
613 1436 744 1494 πύλης
779 1443 854 1494 τῆς
882 1441 965 1482 ἐκεῖ
990 1442 1140 1489 κλεῖδες
1161 1438 1474 1496 ἕπιτετράφατο.
1544 1437 1600 1488 ὥς
1617 1437 1668 1481 ἂν

192 1507 238 1549 δὲ
272 1506 330 1561 μὴ
361 1505 462 1564 δόξῃ
491 1505 613 1556 δόλος
643 1507 689 1550 τὸ
722 1506 953 1562 δρώμενον,
1001 1510 1150 1557 ἐκεῖνος
1175 1506 1364 1551 κάτωθεν
1381 1514 1467 1557 τοῖς
1491 1505 1667 1564 φύλαξιν

191 1576 385 1630 ἐκφωνεῒ,
425 1577 640 1626 διυπνίζων
673 1577 802 1630 δῆθεν
833 1576 936 1631 πρὸς
955 1576 1029 1632 τὴν
1060 1581 1142 1619 τῶν
1163 1577 1440 1631 κατεχομένων
1462 1573 1722 1632 φυλακήν,20

193 1641 249 1693 ὥς
279 1643 408 1686 αὐτοῦ
446 1660 489 1700 γε
525 1641 632 1698 τάχα
674 1645 716 1686 ἐν
745 1643 993 1702 ἀπορρήτοις
1030 1647 1232 1695 δουλείαις
1263 1643 1555 1700 σχολάζοντος·
1602 1645 1671 1687 καὶ

194 1797 267 1832 eius
301 1797 477 1833 custodiae
508 1798 686 1833 arbitrium
715 1798 915 1841 obtinebat,
945 1799 1048 1833 etiam
1072 1799 1146 1833 eius
1168 1799 1250 1834 fidei
1283 1810 1404 1834 secure
1427 1798 1670 1845 acquiescebat

193 1844 391 1889 imperator.
441 1857 548 1890 quare
586 1845 666 1890 quid
699 1848 814 1890 posset
847 1845 1014 1886 sentiens,
1049 1845 1153 1879 facile
1196 1846 1240 1880 ad
1272 1850 1476 1880 ostentatum
1509 1845 1669 1880 honorem

193 1894 290 1924 tanto
314 1891 498 1935 superioris
521 1902 583 1925 sua
607 1895 699 1925 sorte
722 1891 902 1925 affinitatis
926 1891 1058 1925 arrexit
1080 1892 1245 1933 animum,
1268 1897 1304 1925 et
1325 1893 1494 1926 facturum
1517 1902 1555 1925 se
1577 1890 1670 1936 quod

193 1937 380 1980 rogabatur
403 1937 533 1982 prolixe
557 1937 699 1982 recepit.
747 1948 824 1980 age,
846 1937 981 1970 venitur
1005 1937 1046 1970 ad
1071 1941 1272 1982 apparatum
1295 1937 1437 1983 negotii.
1485 1938 1670 1972 conferun-

194 1987 253 2015 tur
277 1982 417 2017 consilia
441 1994 515 2016 cum
539 1982 698 2017 libertate
729 1983 919 2016 fruentibus
951 1982 1069 2017 amicis
1092 1983 1361 2028 necessariisque
1383 1983 1575 2017 Michaelis.
1620 1982 1668 2026 hi,

195 2028 286 2072 quod
318 2039 403 2072 opus
436 2034 531 2071 erat,
568 2040 690 2063 navem
721 2028 807 2075 clam
838 2032 1058 2074 comparant,
1082 2030 1222 2074 remigio
1254 2033 1289 2063 et
1319 2037 1507 2064 commeatu
1529 2031 1669 2063 caetero

195 2072 342 2116 largiter
374 2075 595 2116 instructam,
631 2074 722 2108 haud
750 2086 859 2119 parvo
891 2075 928 2108 in
960 2075 1024 2108 hoc
1053 2081 1186 2120 sumptu
1219 2077 1325 2110 facto.
1370 2075 1560 2110 condicitur
1583 2075 1670 2109 hom

196 2130 266 2163 qua
290 2118 443 2153 Occiduo
477 2121 580 2154 maris
604 2121 711 2154 littori
734 2121 862 2154 lembus
885 2125 1022 2166 paratus
1046 2121 1308 2164 admoveretur,
1332 2125 1538 2166 excepturus
1560 2132 1580 2155 e
1605 2132 1666 2155 cu-

195 2163 305 2198 stodia
329 2165 484 2209 elapsos;
509 2166 566 2211 qni
589 2171 628 2200 ut
650 2170 725 2200 tuto
750 2167 893 2208 exirent,
918 2171 1057 2200 caetera
1080 2172 1155 2201 erat
1168 2167 1248 2201 Erri
1270 2167 1446 2210 diligentia
1470 2167 1668 2201 curandum.

195 2210 355 2244 obstabat
378 2212 529 2253 duorum,
553 2212 596 2245 de
619 2213 740 2257 quibus
761 2212 844 2254 dixi,
864 2213 1145 2247 subservientium
1168 2213 1236 2258 ipsi
1259 2213 1441 2247 satellitum
1465 2211 1672 2258 praesentia,

197 2266 339 2301 quorum
372 2260 507 2290 tentare
536 2258 638 2290 fidem
670 2259 915 2293 communicato
951 2270 1074 2293 arcano
1109 2270 1233 2304 anceps
1256 2259 1354 2293 nimis
1376 2258 1671 2304 periculosumque

197 2301 391 2336 videbatur.
440 2303 635 2343 decretum,
667 2304 756 2348 quod
791 2305 889 2347 longe
923 2306 1114 2350 apparebat
1136 2307 1263 2341 tutius.
1299 2309 1478 2348 utrumque
1501 2303 1670 2338 occidere.

196 2359 260 2381 nec
284 2347 425 2381 difficile
449 2348 514 2382 fuit
543 2348 705 2383 iniunctis
738 2350 934 2384 ministeriis
965 2351 1151 2385 disiunctos
1175 2350 1344 2384 conficere
1365 2348 1559 2392 singillatim
1581 2348 1671 2383 infe-

196 2392 291 2427 lices.
341 2405 482 2439 puerum
506 2393 578 2428 sola
611 2395 735 2428 aetatis
764 2396 935 2430 miseratio
968 2397 1130 2430 servavit.
1176 2396 1335 2430 sufficere
1357 2394 1463 2428 visum
1488 2397 1542 2428 est
1563 2394 1672 2439 pedes

197 2438 415 2484 lacertosque
451 2439 694 2474 adolescentuli
735 2441 945 2484 adstringere
985 2442 1107 2476 validis
1141 2441 1297 2475 vinculis.
1354 2440 1404 2474 sic
1442 2440 1549 2484 igitur
1580 2451 1670 2484 eum,

183 2484 322 2519 .vinctis
346 2485 459 2526 etiam,
485 2497 526 2518 ne
550 2485 733 2519 vociferari
757 2491 883 2530 posset,
908 2487 1075 2528 saucibus,
1100 2487 1310 2527 dimiserunt,
1333 2491 1496 2520 exeuntes
1511 2487 1575 2520 sub
1599 2485 1672 2531 pri-

197 2541 284 2565 mam
307 2532 420 2565 noctis
445 2531 614 2575 vigiliam,
647 2537 684 2564 et
706 2532 878 2574 clavibus,
910 2543 994 2576 quas
1017 2533 1207 2572 habebant,
1229 2531 1410 2574 diligenter
1433 2531 1570 2566 occluso
1591 2542 1669 2565 car-

197 2587 299 2618 cere,
332 2589 374 2611 ne
397 2588 483 2622 puer
506 2588 582 2610 sese
603 2576 793 2621 torquendo
824 2578 917 2610 foras
941 2588 1125 2622 prorepens
1149 2582 1367 2622 praemature
1387 2577 1544 2611 indicium
1565 2578 1670 2622 fugae

200 2623 344 2656 faceret.
391 2623 440 2656 sic
464 2622 597 2656 eductis
621 2623 728 2656 Eri-es
753 2622 899 2667 captivis
923 2623 1071 2664 duobus,
1105 2623 1301 2657 inclamavit
1327 2635 1410 2657 voce
1433 2627 1591 2657 contenta
1614 2634 1672 2664 re·-

195 2667 302 2712 liquis
324 2668 416 2702 intus
439 2668 665 2712 satellitibus,
701 2668 801 2712 quasi
825 2669 1030 2702 excitaturus
1054 2672 1123 2702 tum
1145 2669 1236 2702 forte
1266 2668 1493 2710 dormientes,
1521 2674 1562 2703 ut
1582 2668 1673 2713 vigi-

196 2712 276 2748 liam
301 2725 339 2748 se
369 2714 486 2760 utique
515 2715 657 2748 absente
688 2714 914 2749 intenderent.
960 2714 1142 2748 valiturum
1173 2714 1238 2748 hoc
1267 2726 1334 2748 non
1366 2715 1496 2748 frustra
1526 2714 1673 2748 credidit

199 2759 244 2792 ad
267 2759 498 2794 discutiendas
526 2760 735 2805 suspiciones
765 2760 960 2802 obviorum,
990 2759 1054 2794 tali
1084 2761 1169 2794 hora
1199 2763 1316 2794 notum
1338 2759 1553 2805 imperatoris
1575 2759 1674 2795 mini-

200 2808 308 2840 strum
335 2806 477 2842 tendere
499 2806 543 2842 ad
567 2806 665 2841 littus
687 2817 763 2842 cum
785 2807 917 2842 duobus
947 2805 1082 2841 eductis
1103 2805 1259 2841 custodia
1291 2806 1508 2841 cernentium.
1554 2806 1674 2852 itaque
