1820 3112
221 135 320 182 268
644 133 881 179 GEORGII
913 134 1267 179 PACHYMERIS

79 257 107 292 P
133 257 197 292 181
360 247 438 292 27.
504 245 554 290 Ὁ
581 244 721 301 μέντοι
747 263 790 303 γε
821 246 1014 301 βασιλεὺς
1042 246 1115 291 τὸν
1147 251 1191 290 T
1188 244 1352 291 ουκτάῖν
1381 246 1585 310 {und-919
1605 256 1689 295 θυ-

220 317 339 374 γατρὶ
375 319 426 372 τῇ
465 316 620 376 Μαρίᾳ
659 314 1008 373 ἐπιγαμβρεύεται.
1087 310 1115 374 ᾗ
1153 315 1205 372 δὴ
1244 318 1313 359 καὶ
1351 314 1638 374 ἁρμοσάμενος
1665 318 1686 364 ὃ

222 381 448 437 Τουκτάϊς,
486 384 570 426 ἐπεὶ
589 385 655 427 καὶ
675 382 733 427 ἔτι
750 384 802 428 τὰ
823 389 898 428 τοῦ
921 388 1156 441 Τοχαρικοῦ
1173 385 1354 440 πολέμου
1373 385 1688 446 συνεκεκρότητο

221 455 288 498 καὶ
321 452 373 496 τὰ
402 452 508 496 κατὰ
533 452 605 496 τὸν
626 455 770 510 Νογᾶν
800 451 856 504 ὥς
877 453 1044 511 οὐραῖον
1072 453 1348 511 παρέσπαιρεν
1371 453 1504 512 ὄφεως
1512 489 1526 509 ,
1561 456 1690 512 ἀσχο-

220 523 326 572 λίαις
355 526 591 576 πολεμικαῖς
621 522 770 573 ἐκεῖνος
794 522 930 566 θέλων
958 521 1105 566 ἑαυτὸν
1129 520 1289 566 διδόναι
1309 524 1376 566 καὶ
1399 524 1458 580 μὴ
1475 521 1621 582 γάμοις
1642 525 1723 569 τὸ5

219 595 343 646 σῶμα
364 588 660 647 ἔκθηλύνουσιν
672 624 686 644 ,
725 590 1041 635 ἀνταποστέλλει
1067 594 1134 635 καὶ
1154 588 1277 635 πάλιν
1295 591 1370 647 τὴν
1390 595 1567 649 Μαρίαν
1587 593 1692 650 πρὸς

219 658 407 716 βασιλέα.
474 659 695 703 κάνταῦθα
727 660 792 703 ἐπὶ
820 658 985 718 χρόνοις
1012 657 1087 717 ἦν,
1127 661 1202 711 ἕως
1222 655 1271 704 οὗ
1295 661 1402 704 κατὰ
1419 659 1571 719 κράτος
1591 663 1692 706 ἐκεῖ·

168 742 199 777 Β
222 746 292 779 νος
315 728 363 772 τὸ
379 728 610 785 Τοχαρικόν
628 727 888 786 ἐχειρώσατο,
915 728 970 780 ὥς
990 730 1119 785 μηδὲν
1142 730 1189 773 τὸ
1208 729 1420 781 ἀντιξοοῧν
1437 728 1537 774 εἶναι
1558 728 1691 774 ἁπάν-

219 816 302 842 των
319 795 641 841 ὖποκλιθέντων.
713 800 781 841 καὶ
800 795 893 842 τότε
914 799 1084 854 πέμψας
1113 798 1218 856 πρὸς
1247 799 1422 851 βασιλέα
1449 797 1594 858 ἀπῄτει
1615 799 1692 856 τὴν

219 864 414 923 σύζυγον,
450 865 500 921 ἣν
530 866 580 922 δὴ
613 868 680 910 καὶ
702 867 877 918 ἐσαῦθις
906 866 1140 922 ὁβασιλεύς
1167 865 1250 911 ὑπὸ
1267 866 1533 926 προσηκούσῃ
1557 872 1608 926 τῇ
1627 886 1690 911 τι-
1704 878 1748 912 10

221 940 281 994 μῇ
311 937 379 979 καὶ
404 936 674 993 δορυφορίαις
703 934 886 987 ἁπάσαις
915 936 1116 991 ἐκπέμπει.
1187 938 1254 979 καὶ
1278 934 1299 980 ὅ
1323 937 1397 992 μὲν
1414 940 1558 994 Νογᾶς
1579 935 1691 995 ἠφά-

222 1021 360 1057 νιστο,
408 1002 430 1047 ὃ
459 1005 504 1047 δὲ
533 1001 738 1055 Τουκτοῖΐς
767 1004 822 1048 τὰ
860 1009 934 1060 τῆς
970 1005 1224 1062 ἐπικρατείας
1255 1003 1404 1049 ἐκείνου
1444 1004 1524 1063 ὑφ’
1557 1004 1692 1065 ἑαυτῷ

222 1070 494 1129 ποιησάμενος
513 1072 617 1129 ἴσχε,
648 1073 724 1124 τὰς
741 1073 923 1125 σπονδὰς
941 1074 1009 1117 διὰ
1029 1074 1075 1118 τὸ
1098 1075 1222 1130 κῆδος
1241 1074 1509 1133 βεβαιοτέρας
1531 1073 1693 1119 ἄποτα-

220 1140 409 1198 μόμενος.

81 1215 110 1249 Ρ
135 1215 201 1251 182
363 1212 442 1257 28.
513 1207 620 1255 Τότε
641 1212 708 1254 καὶ
734 1213 1019 1262 Ποσειδεῶνος
1049 1208 1173 1270 ἐνάτῃ
1191 1213 1258 1255 καὶ
1288 1212 1476 1270 εἰκοστῇ,
1513 1210 1616 1255 καθ’
1641 1209 1692 1267 ἣν
1704 1223 1748 1259 15

222 1281 303 1324 ἀπὸ
338 1284 508 1337 θερινῆς
535 1284 694 1337 τροπῆς
733 1280 836 1337 πρὸς
879 1281 955 1336 τὴν
995 1281 1231 1339 ἵσημερινὴν
1266 1279 1471 1324 ὂποκλίνει
1503 1277 1526 1323 ὅ
1562 1278 1692 1335 ἥλιος,

225 1350 421 1407 ῥαγδαῖος
437 1347 556 1399 ὖετὸς
575 1346 727 1392 κάτεισι
749 1349 820 1407 ἐφ’
843 1347 998 1408 ἡμέρας
1018 1348 1116 1408 ὅλης
1131 1367 1174 1407 γε
1193 1350 1260 1394 καὶ
1271 1347 1430 1404 νυκτός,
1453 1353 1535 1393 τῶν
1557 1347 1694 1407 ἄκρων

316 1507 373 1542 27.
421 1505 601 1539 Caeterum
631 1504 818 1550 imperator
849 1516 1010 1550 generum
1041 1516 1137 1540 suum
1159 1507 1276 1541 facere
1298 1509 1335 1541 et
1355 1507 1426 1540 tam
1449 1508 1528 1540 arta
1549 1504 1697 1540 necessi-

225 1551 342 1586 tudine
376 1550 550 1585 devincire
581 1550 648 1584 sibi
671 1551 821 1585 Tuctain
855 1551 986 1585 studuit
1016 1552 1120 1586 notha
1151 1553 1182 1586 ei
1212 1552 1285 1586 filia
1307 1553 1423 1587 Maria
1444 1551 1694 1596 despondenda.

224 1597 358 1643 accepit
380 1597 529 1631 oblatum
553 1596 712 1631 honorem
734 1597 898 1639 Tuctais,
928 1597 1063 1642 riteque
1085 1599 1274 1643 profectam
1307 1599 1352 1631 ad
1376 1609 1414 1631 se
1435 1598 1564 1641 regiam
1587 1596 1698 1641 virgi-

225 1656 301 1678 nem
324 1643 360 1677 in
383 1654 524 1677 uxorem
546 1642 698 1683 admisit,
721 1642 855 1688 nuptias
878 1649 990 1677 tamen
1015 1643 1168 1685 distulit,
1201 1656 1243 1678 ea
1264 1644 1407 1678 remissa
1428 1643 1517 1677 unde
1539 1646 1697 1685 venerat,

225 1690 339 1735 quoad
361 1689 564 1723 debellatum
588 1699 663 1722 cum
682 1688 784 1733 Noga
814 1691 915 1723 foret.
963 1689 1073 1723 adhuc
1096 1689 1184 1724 enim
1206 1690 1288 1731 ille,
1313 1689 1467 1723 cladibus
1488 1688 1571 1723 licet
1593 1688 1697 1723 attri-

226 1739 283 1770 tus
305 1734 450 1780 magnis,
471 1734 565 1768 velut
587 1746 728 1779 serpens
750 1735 851 1779 longo
874 1746 1018 1780 corpore
1043 1735 1173 1770 crebris
1195 1735 1346 1770 afflictus
1367 1735 1497 1781 plagis,
1519 1739 1612 1769 motu
1634 1734 1698 1769 ad-

225 1782 293 1816 huc
315 1788 488 1816 extremae
511 1780 642 1815 caudae
663 1781 769 1815 vitam
791 1781 964 1823 indicans,
997 1781 1100 1815 etiam
1132 1782 1177 1816 ad
1203 1782 1357 1815 ultimum
1383 1780 1568 1825 exurgendi
1594 1791 1698 1815 cona-

225 1832 297 1862 tum
332 1839 409 1862 sese
441 1826 592 1872 arrigere
625 1826 815 1862 videbatur.
863 1839 958 1862 usum
994 1827 1140 1872 coniugii
1161 1827 1360 1862 effeminare
1390 1827 1487 1862 viros
1518 1829 1634 1873 aptum
1661 1829 1699 1861 et

226 1885 394 1908 enervare
414 1872 507 1907 vires
530 1884 727 1919 corporum,
760 1874 868 1908 minus
898 1872 1133 1908 arbitrabatur
1168 1879 1403 1919 opportunum.
1451 1884 1559 1919 quare
1579 1883 1700 1918 segre-

226 1920 370 1965 gandam
397 1931 420 1954 a
441 1931 479 1954 se
502 1930 661 1965 sponsam
683 1919 852 1965 tantisper
874 1919 1103 1962 existimavit,
1127 1920 1345 1965 reddiditque
1367 1919 1459 1965 patri
1481 1918 1584 1953 filiam
1607 1917 1699 1964 apud

227 1978 303 2000 eum
327 1966 548 2009 servandam,
580 1966 686 2000 donec
708 1966 807 2011 plena
829 1965 976 2000 victoria
1006 1965 1111 2000 otium
1143 1971 1180 2000 et
1201 1966 1417 2001 securitatem
1442 1965 1615 2000 attulisset
1635 1975 1701 1999 nu-

227 2012 329 2057 ptiali
345 2011 535 2046 celebritati
551 2017 820 2047 consentaneam.
866 2011 1001 2056 longius
1015 2012 1051 2046 id
1074 2012 1218 2058 spatium
1236 2023 1336 2058 quam
1357 2011 1495 2057 utrique
1519 2011 1700 2047 voluerant

226 2058 314 2092 fuit:
346 2058 485 2092 alternis
518 2058 606 2093 enim
636 2057 963 2104 reciprocationibus
991 2062 1148 2093 aestuum
1179 2058 1260 2093 belli
1292 2058 1350 2092 diu
1382 2068 1508 2103 auceps
1529 2056 1699 2102 utrimque

228 2104 366 2138 fortuna
386 2104 543 2139 variavit.
590 2105 726 2140 tandem
748 2108 862 2140 tamen
884 2116 1003 2139 nomen
1026 2116 1124 2140 omne
1145 2104 1319 2139 rebellium
1342 2115 1417 2138 cum
1440 2103 1543 2149 Noga
1559 2102 1701 2138 Tocha-

228 2160 343 2183 rorum
366 2150 482 2184 ultima
504 2150 601 2185 huius
624 2151 720 2185 clade
742 2150 922 2186 succubuit
940 2151 1086 2194 Tuctai3
1111 2151 1171 2196 qui
1194 2150 1292 2186 simul
1314 2150 1349 2184 in
1370 2149 1484 2184 hostili
1506 2148 1601 2195 prius
1624 2148 1698 2183 solo

230 2199 353 2229 cuncta
384 2196 449 2230 iam
479 2197 541 2230 sub
564 2209 602 2231 se
623 2201 817 2242 prostrata,
849 2197 933 2232 nihil
965 2198 1146 2232 adversam
1169 2202 1288 2232 contra
1311 2198 1456 2231 frontem
1480 2195 1612 2240 erigere
1635 2204 1699 2228 au-

230 2240 313 2275 dens
335 2241 434 2283 vidit,
458 2242 567 2277 missis
590 2244 633 2277 ad
656 2255 810 2279 socerum
834 2245 1020 2288 Augustum
1042 2244 1206 2278 laureatis
1229 2242 1396 2277 victoriae
1417 2240 1556 2282 nuntiis,
1582 2239 1700 2274 admo-

229 2287 303 2321 nuit
326 2290 458 2333 tempus
481 2300 569 2323 nunc
593 2300 690 2333 esse,
715 2291 745 2325 si
768 2290 799 2324 ei
821 2290 1017 2332 videretur,
1051 2290 1259 2324 commodum
1281 2300 1365 2323 suae
1386 2286 1452 2322 sibi
1474 2285 1699 2320 remittendae

230 2332 406 2376 coniugis3
440 2345 539 2378 quam
562 2335 645 2369 nihil
668 2340 847 2371 cunctatus
870 2336 1074 2381 imperator,
1108 2336 1260 2380 specioso
1283 2334 1376 2368 cultu
1400 2344 1442 2367 ac
1462 2343 1606 2378 pompa,
1627 2332 1700 2366 fre-

231 2379 350 2424 quenti
373 2379 474 2414 etiam
498 2382 663 2415 comitatu
688 2394 729 2416 ac
752 2381 926 2424 satellitio,
941 2382 1188 2427 perhonorifice
1209 2380 1332 2415 deduci
1355 2378 1399 2413 ad
1420 2377 1527 2413 virum
1551 2377 1699 2412 curavit.

231 2424 320 2459 hunc
342 2424 378 2458 in
401 2425 532 2459 modum
556 2427 676 2471 Nogas
698 2428 893 2463 destructus
915 2439 984 2462 non
1006 2428 1104 2462 modo
1126 2428 1270 2462 ultorem
1294 2435 1413 2471 passus
1444 2436 1486 2458 ac
1518 2434 1699 2458 successo-

230 2481 303 2504 rem
325 2475 445 2505 nactus
463 2471 611 2507 Tuctain
635 2480 708 2515 est3
731 2474 792 2509 sed
816 2473 958 2508 eundern
981 2473 1100 2508 habuit
1120 2473 1324 2507 imitatorem
1345 2471 1382 2504 in
1404 2481 1530 2515 genere
1553 2469 1702 2513 coniugii

230 2516 368 2561 fideque
390 2517 539 2551 foederis
563 2519 703 2554 Romani
729 2519 873 2566 nuptiali
901 2519 1043 2563 pignore
1065 2518 1243 2553 firmanda.
1289 2517 1408 2562 itaque
1429 2516 1483 2550 hic
1505 2526 1641 2561 quoque
1662 2514 1700 2549 in

231 2563 322 2607 parti
345 2562 503 2607 deinceps
526 2563 818 2601 administratione
841 2564 956 2610 regni,
984 2565 1080 2611 pacis
1102 2565 1206 2599 initae
1234 2563 1409 2598 nobiscum
1430 2563 1559 2604 ferme,
1591 2572 1701 2608 quan-

232 2613 303 2642 tam
327 2609 529 2653 oportebat,
555 2610 720 2646 rationem
742 2611 872 2646 habuit.

323 2655 381 2690 28.
427 2654 532 2689 Circa
554 2659 686 2701 tempus
708 2670 776 2704 quo
798 2658 884 2692 haec
906 2657 1133 2702 gerebantur,
1162 2654 1327 2700 contigit,
1361 2654 1418 2689 die
1440 2665 1529 2688 nona
1550 2655 1588 2688 et
1607 2652 1702 2687 vice-

233 2699 318 2735 sima
339 2700 463 2735 mensis
484 2701 651 2745 Augusti,
690 2715 759 2748 qua
781 2705 856 2738 sere
877 2702 1000 2749 incipit
1021 2704 1065 2738 ab
1088 2702 1217 2738 aestivo
1241 2701 1379 2736 cardine
1402 2701 1445 2735 ad
1471 2698 1701 2746 aequinoctia-

232 2745 297 2780 lem
319 2745 492 2781 declinare
514 2748 585 2789 sol,
619 2749 850 2784 vehementem
873 2760 915 2784 ac
936 2749 1100 2784 inusitate
1121 2748 1292 2794 copiosum
1314 2759 1378 2793 per
1400 2750 1509 2782 totam
1530 2746 1639 2782 lucem
1659 2746 1703 2780 il-

233 2789 297 2827 lam
330 2797 530 2839 noctemque
559 2793 744 2832 insecutam
778 2795 916 2831 devolvi
950 2794 1164 2831 continenter
1192 2795 1334 2830 imbrem
1368 2806 1388 2829 e
1419 2793 1582 2838 nubibus,
1613 2803 1702 2839 quae
