1858 3126
253 158 351 207 418
672 156 910 202 GEORGII
943 153 1294 200 PACHYMERIS

254 274 294 318 οἳ
315 273 390 328 μὲν
410 266 647 314 ἀπαντόθεν
668 267 835 324 συνάμα
859 274 918 329 τῷ
941 273 1061 327 σφῶν
1083 274 1300 328 στρατηγῷ
1319 274 1378 328 τῷ
1405 267 1618 328 Μαρούλῃ
1636 287 1723 326 χω-

255 349 337 400 ρεῖν
357 340 431 383 οὐκ
450 336 666 382 ἀπώκνουν
685 336 810 394 ὁμόσε
827 346 912 390 τοῒς
931 339 1152 393 πολεμίοις,
1184 339 1222 381 οἳ
1251 338 1294 381 δ’
1318 334 1513 393 ε’λπισμὸν
1537 340 1612 395 μὲν
1640 358 1723 382 πα-

253 417 385 466 ρεῖχον
405 412 586 465 φανῆναι
605 409 670 451 καὶ
690 415 914 464 συμμαχεῖν
927 441 939 460 ,
979 407 1084 450 ἀλλὰ
1107 412 1190 451 τῶν
1210 404 1407 462 συνήθων
1429 406 1626 462 οἷῖμενουν
1646 408 1722 452 οὐκ

255 476 481 534 ἓλήθοντο·
527 477 714 530 βραδέως
746 477 829 533 γὰρ
856 475 1099 529 ἐζώννυντο,
1147 478 1214 519 καὶ
1250 474 1368 531 μόλις
1396 473 1598 531 ἐκόσμουν
1622 477 1722 528 τοὺς

250 549 426 600 ἵππους,
461 547 527 589 καὶ
560 549 792 602 προμηθεῖς
822 541 928 599 ἦσαν
951 550 1027 589 τοῦ
1049 543 1267 589 ἀκινδύνου
1298 546 1462 602 σφίσιν,
1501 543 1557 596 οἷς
1578 547 1755 602 ‹patu-5

254 621 372 661 σθαι.
442 617 509 658 καὶ
529 615 576 658 τὸ
597 613 756 670 βράδος
775 615 911 658 ἐδίδου
943 613 1180 669 μεσούντων
1208 613 1345 657 αὐτῶν
1362 614 1436 669 τὴν
1457 612 1554 658 ὁδὸν
1573 631 1726 671 κατορ-

254 689 364 740 θοῦν
382 683 479 734 τοὺς
497 685 721 740 προτέρους
743 685 810 727 καὶ
829 681 983 738 μόνους
1004 684 1077 739 τὴν
1098 681 1249 739 μάχην.
1304 681 1360 733 ὥς
1380 682 1423 726 δ’
1449 683 1488 726 οἶ
1506 684 1581 737 μὲν
1603 681 1726 727 ὖστέ-

163 807 166 812 ι
205 773 234 808 c
259 772 358 812 ρουν
387 753 426 797 οἳ
455 753 499 796 δὲ
528 750 851 809 κατωρθωκότες
871 751 1127 810 ὑπέστρεφον
1138 785 1152 805 ,
1189 750 1375 795 ἐνταῦθά
1394 769 1455 803 τις
1477 750 1556 795 εἶδε
1573 753 1621 796 τὸ
1643 757 1726 796 τῶν

257 820 486 878 συμμάχων
505 819 734 877 κακόηθες,
772 823 837 864 καὶ
859 820 921 864 ὅτι
943 821 1018 876 οὐχ
1041 820 1096 871 ῶς
1118 822 1277 878 φίλοις,
1314 819 1370 871 ῶς
1390 821 1494 872 εῗκός
1513 816 1588 877 ἦν,
1626 820 1722 864 ἀλλ’

255 891 313 943 ὥς
337 893 504 947 ἐχθροῖς
524 897 610 941 τοῖς
628 888 837 946 ἡμετέροις
858 891 1175 948 προσεφέροντο.
1245 891 1408 933 συνίασι
1431 890 1510 947 γὰρ
1543 892 1586 941 ἐξ
1618 888 1725 934 rino-
1737 898 1781 932 lo

255 965 441 1018 στροφῆς
471 961 633 1010 ἐκείνοις
664 960 701 1003 οἱ
733 958 1081 1015 κατωρθωκότες,
1118 961 1184 1002 καὶ
1205 959 1296 1003 δίον
1319 959 1520 1012 ὀνειδίζειν
1541 960 1659 1017 σφίσι
1677 958 1725 1003 τό

256 1028 627 1084 κατεβλακευμὲνον
649 1030 715 1072 καὶ
739 1028 882 1080 ἀμελές
893 1061 906 1080 ,
939 1029 977 1071 οἳ
996 1030 1041 1071 δὲ
1059 1030 1125 1071 καὶ
1144 1030 1285 1071 δεινῶν
1304 1030 1544 1086 ἐπειρῶντο,
1582 1030 1650 1071 καὶ
1671 1026 1727 1078 ὥς

257 1098 627 1152 ἄλλοις-πολεμίοις
646 1104 732 1147 τοῖς
753 1099 870 1147 ι’δίοις
892 1097 1072 1152 ἔγνωσαν
1091 1101 1354 1154 προσβαλεῖν.
1425 1093 1476 1152 ἦν
1498 1097 1541 1140 δ’
1564 1098 1729 1147 ἐκείνοις

206 1183 238 1218 D
261 1167 307 1211 τὸ
336 1171 410 1222 τῆς
438 1167 579 1223 πείρας
609 1164 766 1224 σοφόν,
804 1164 861 1216 ῶς
886 1165 1006 1217 ἔδειξε
1018 1199 1031 1219 ,
1071 1167 1409 1223 παρακερδαίνειν
1429 1166 1472 1208 ἐκ
1493 1164 1652 1210 τούτων
1673 1165 1726 1209 τὰ

257 1233 439 1292 λα’φυρα.
510 1237 578 1278 καὶ
605 1233 626 1278 ὅ
654 1235 728 1288 μὲν
758 1233 931 1278 ὑπείκων
964 1234 1104 1285 διδοὺς
1133 1234 1180 1278 τὸ
1210 1233 1253 1277 ἔκ
1278 1239 1352 1278 τοῦ
1381 1234 1562 1290 πολέμου
1583 1235 1724 1291 κε’ρδος
1737 1239 1780 1276 15

258 1303 428 1356 ἐσώζετο
445 1317 454 1327 ·
492 1302 513 1346 ὃ
546 1303 588 1346 δ’
616 1301 806 1348 ὁπωσοῦν
836 1301 1137 1359 ἀνθιστάμενος
1146 1337 1158 1356 ,
1196 1303 1272 1358 οὐχ
1290 1298 1414 1359 ἦττον
1434 1303 1724 1360 φιλοκερδὴςῆ

257 1371 549 1431 φιλελεύθερος
579 1372 659 1426 ὤν,
705 1375 739 1415 εἶ
771 1372 1018 1430 ἀφαιρεθείη
1052 1370 1266 1427 ἀνάνδρως
1294 1372 1342 1415 τὸ
1374 1373 1488 1428 νίκης
1513 1371 1725 1428 σύμβολον

258 1443 391 1501 οῗκείῳ
417 1443 559 1495 αἵματι
585 1439 918 1491 διακινδυνεύσας
941 1441 1043 1498 πρὸς
1067 1440 1163 1491 voi-g
1184 1439 1384 1498 ἐχθρούς,
1421 1436 1542 1493 οὗτος
1563 1443 1725 1500 καιρίαν

259 1508 476 1565 δεχόμενος
492 1509 798 1564 ἀπηλλάττετο,
834 1510 881 1553 τὸ
901 1516 1035 1553 πεσεῖν
1055 1510 1225 1560 εὐκλεῶς
1245 1515 1319 1553 τοῦ
1339 1510 1492 1562 ἀκλεῶς
1513 1515 1725 1570 στερηθῆ-

259 1596 326 1622 ναι
346 1582 428 1621 τῶν
448 1575 626 1634 ἐνάρων,
666 1576 721 1628 ὥς
741 1576 845 1628 εἰκός
852 1612 866 1631 ,
905 1576 1247 1636 ἀνθαιρούμενος.
1734 1574 1780 1609 20

398 1648 484 1690 Καὶ
512 1646 637 1689 ταῦτ’
672 1642 778 1701 ἦσαν
814 1649 929 1703 σφίσι
952 1647 1003 1690 τὰ
1027 1646 1344 1703 κατορθούμενα
1369 1649 1425 1697 εἲς
1446 1642 1546 1704 ἦρος
1567 1648 1610 1699 ἔξ
1628 1647 1724 1704 Ἀρ-

211 1726 243 1762 Ε
267 1712 442 1771 κτούρου
453 1747 466 1768 ,
504 1714 570 1758 ὅτε
587 1716 658 1758 καί
674 1733 775 1765 τινες
795 1716 837 1765 ἐξ
854 1715 992 1758 αὐτῶν
1001 1748 1015 1768 ,
1053 1716 1128 1759 οὐκ
1149 1715 1261 1772 ὀλίγη
1281 1733 1343 1766 τις
1358 1722 1486 1773 μοῖρα
1503 1720 1587 1761 τῶν
1603 1715 1724 1772 ὅλων,

260 1785 335 1828 οὐκ
354 1784 512 1840 ἔχοντες
535 1783 656 1827 πλέον
678 1785 762 1827 ἐκεῖ
775 1791 901 1827 ποιεῖν
924 1779 980 1828 ὧν
999 1786 1093 1842 πρὶν
1115 1784 1294 1841 ἔπραξαν
1301 1818 1315 1838 ,
1351 1789 1434 1828 τῶν
1453 1783 1724 1842 αὐτοχθόνων

258 1894 434 1929 rebantur.
481 1893 719 1939 pronuntiatur
751 1905 834 1937 ergo
862 1893 946 1928 totis
975 1892 1097 1928 castris
1121 1893 1156 1927 in
1180 1905 1239 1928 eos
1258 1893 1417 1940 irruptio.
1463 1893 1617 1929 Marules
1648 1905 1725 1929 cum

259 1940 331 1975 suis
352 1940 442 1974 inter
464 1940 589 1984 primos
613 1940 804 1984 procinctus
827 1939 983 1981 adstitit;
1017 1941 1214 1986 frustraque
1244 1941 1301 1974 diu
1336 1943 1518 1986 expectato
1553 1945 1593 1974 ut
1615 1940 1728 1974 Ront-

259 1987 410 2027 mariani,
443 1985 503 2030 qui
527 1986 570 2020 ad
593 1985 676 2019 talia
698 1997 820 2030 segnes
843 1987 1087 2029 occurrebant,
1110 1987 1369 2031 expedirentur,
1394 1986 1474 2021 dum
1493 1985 1546 2020 illi
1567 1986 1660 2021 tardi
1683 1998 1726 2020 ac

259 2031 341 2065 lenti
365 2031 465 2065 solita
489 2032 522 2065 in
545 2032 699 2066 omnibus
722 2032 894 2077 pravitate
916 2044 1028 2066 moras
1050 2035 1204 2067 consulto
1227 2038 1389 2075 nectunt,
1422 2043 1527 2078 aegre
1549 2031 1727 2067 molientes

261 2088 356 2112 arma
379 2082 414 2111 et
437 2089 542 2122 equos
564 2078 788 2121 adornantes,
826 2089 891 2123 quo
916 2078 1048 2114 scilicet
1073 2079 1258 2124 periculum
1287 2080 1444 2114 incursus
1466 2078 1566 2124 primi
1588 2077 1727 2123 quosvis

262 2122 375 2168 potius
407 2123 492 2156 alios
527 2135 628 2168 quam
657 2124 750 2169 ipsos
784 2125 988 2168 attingeret,
1026 2125 1212 2161 Maruliani
1242 2125 1417 2160 occasione
1445 2124 1640 2159 necessario
1661 2135 1726 2158 vo-

262 2173 363 2202 cante
396 2173 533 2203 strenue
564 2171 680 2204 hostes
710 2171 894 2212 invadunt,
927 2171 1077 2216 fusisque
1099 2171 1141 2206 iis
1166 2183 1207 2206 ac
1228 2172 1356 2217 fugatis
1387 2170 1537 2206 victores
1567 2170 1723 2204 redeunt.

263 2218 477 2248 revertentes
502 2215 560 2248 via
591 2216 700 2250 media
722 2217 968 2251 Rontzerianos
1000 2218 1126 2252 habent
1148 2218 1290 2262 obvios,
1322 2228 1399 2252 sero
1423 2216 1557 2251 tandem
1581 2214 1722 2259 expedi-

263 2264 329 2294 tos.
376 2259 411 2293 hi
435 2260 608 2296 enimvero
631 2273 705 2296 cum
729 2263 898 2308 propriam
922 2265 1061 2308 culpare
1091 2264 1261 2308 ignaviam
1293 2263 1476 2305 deberent,
1509 2260 1723 2305 indulgentes

263 2303 410 2348 maligno
432 2306 534 2340 livori
558 2308 602 2341 de
629 2309 755 2342 nostris
780 2315 1053 2353 conqueruntur,
1077 2309 1169 2355 quod
1190 2322 1228 2344 se
1251 2321 1316 2343 non
1337 2307 1525 2353 expectatis
1547 2318 1617 2340 rem
1640 2318 1722 2351 ges-

265 2350 400 2385 sissent.
445 2362 508 2385 nec
531 2353 649 2397 procul
672 2355 816 2388 aberant
839 2356 884 2389 ab
906 2355 1086 2390 inferenda
1112 2355 1158 2397 vi,
1180 2354 1248 2390 nisi
1270 2355 1420 2390 Marules
1441 2351 1551 2398 spolia
1571 2352 1657 2397 ipsis
1679 2365 1723 2387 ex

264 2397 363 2431 hoste
393 2396 502 2431 relata
533 2404 654 2442 sponte
683 2400 896 2434 concedendo
934 2402 1097 2446 praelium
1132 2401 1233 2435 civile
1263 2401 1438 2446 sapienter
1468 2398 1723 2443 praevertisset,

265 2453 411 2486 suosque
443 2442 494 2476 sic
525 2448 717 2486 servasset,
751 2445 808 2490 qui
838 2446 938 2490 longe
970 2447 1087 2480 minori
1110 2458 1245 2480 numero
1267 2446 1356 2480 haud
1379 2443 1480 2478 dubie
1501 2443 1724 2489 opprimendi,

266 2487 296 2522 si
319 2492 553 2532 pugnaretur,
585 2491 730 2524 fuerant.
778 2502 844 2524 non
870 2491 982 2526 defuit
1003 2497 1115 2526 tamen
1139 2503 1158 2525 e
1181 2492 1304 2526 nostris
1326 2489 1494 2545 quispiam
1517 2495 1635 2524 tantae
1656 2490 1722 2525 im-

265 2533 400 2578 patiens
429 2535 666 2576 contumeliae,
700 2535 756 2580 qui
787 2536 881 2580 prius
913 2542 1028 2571 certus
1053 2537 1189 2582 quidvis
1212 2542 1348 2582 perpeti
1370 2547 1469 2582 quam
1493 2535 1645 2580 praemia
1667 2536 1722 2571 vi-

266 2579 394 2614 ctoriae
417 2579 565 2624 periculo
589 2592 649 2614 suo
673 2586 773 2626 parta
794 2581 1009 2616 inertissimis
1031 2583 1216 2616 latronibus
1238 2583 1327 2617 ultro
1350 2582 1557 2622 condonare,
1587 2582 1664 2616 dum
1686 2582 1722 2617 in

265 2637 306 2660 eo
335 2636 501 2669 generoso
534 2626 708 2670 proposito
733 2631 864 2671 perstat
882 2626 1135 2670 irrevocabilis,
1167 2628 1302 2674 plagam
1324 2628 1450 2674 accipit
1472 2627 1631 2671 letalem,
1661 2628 1724 2664 de-

264 2683 378 2706 coram
400 2683 514 2706 ueoem
538 2672 629 2717 turpi
651 2672 810 2706 servituti
832 2673 1054 2716 praehabens.

355 2717 452 2752 Haec
474 2717 584 2752 omnia
606 2719 704 2752 fuere
727 2719 846 2753 bellica
880 2718 1032 2753 facinora
1053 2718 1358 2754 Rontzeriauorum
1382 2732 1402 2754 a
1424 2732 1506 2755 vere
1529 2719 1573 2754 ad
1595 2720 1721 2756 Arctu-

263 2774 336 2797 rum
363 2763 483 2807 Cyzici
505 2775 578 2798 cum
601 2768 670 2798 tam
694 2764 789 2809 largo
812 2763 981 2809 stipendio
1005 2765 1250 2808 desidentium,
1286 2766 1419 2812 quando
1444 2765 1581 2811 quidam
1604 2777 1721 2801 eorum

262 2809 380 2854 plenos
402 2820 442 2844 se
464 2809 584 2856 opibus
603 2815 703 2856 rapto
727 2810 837 2856 partis
860 2810 1066 2855 sentientes,
1098 2823 1162 2847 nee
1191 2815 1370 2859 sperantes
1401 2823 1505 2858 posse
1534 2812 1634 2859 plura
1655 2823 1720 2846 eu·-
