1858 3126
228 160 259 207 7
269 160 329 206 16
635 161 946 204 OBSERVAT.
979 162 1293 209 PACHYMER.

226 271 372 320 habiti,
401 271 528 309 iacobi
548 271 700 312 Goaris.
758 270 825 309 hic
854 270 958 311 enim
985 272 1066 311 suis
1092 273 1196 311 notis
1224 274 1276 312 ad
1301 274 1455 314 missum
1474 278 1512 316 S.
1535 277 1694 315 Ioannis

225 328 496 378 Chrysostomi
513 328 658 377 locum,
689 328 842 379 opinor,
868 329 977 367 hunc
997 329 1126 381 ipsum
1144 336 1322 369 tractans
1341 345 1456 382 quem
1476 332 1541 371 hic
1563 334 1696 372 innuit

224 384 495 435 Pachymeres,
524 386 697 423 reserens
716 386 757 423 in
779 385 942 423 solemni
964 385 1124 437 liturgia
1147 393 1257 436 tunc,
1291 394 1455 440 propter
1475 395 1694 440 expunctus

223 454 245 479 e
276 441 395 479 sacris
427 441 626 494 diptychis
652 442 965 481 Alexandrinum
985 442 1275 482 Antiochenum
1300 451 1341 483 et
1364 445 1692 496 Hierosolymita-

221 511 319 536 num
356 498 623 550 patriarchas,
667 500 795 538 solum
828 512 878 538 cx
920 500 1186 539 ecclesiasticis
1217 502 1693 554 Constantinopolitanum

220 554 482 594 Athanasium
499 552 660 608 συνάμα
675 559 733 612 τῷ
750 558 1055 608 προσκομίζοντι
1073 571 1155 595 una
1177 572 1268 595 cum
1289 558 1473 611 offerente
1489 558 1607 597 fuisse
1626 558 1692 596 in=·

219 619 284 650 ter
303 626 414 650 sacra
431 619 682 661 memoratos,
712 626 783 664 per
801 614 1117 665 προσκομίζοντα
1135 615 1316 665 intelligit
1332 630 1422 653 eum
1444 617 1518 668 qui
1535 615 1693 653 hostias

219 677 257 707 et
287 669 448 707 oblatas·
474 671 520 708 in
544 670 751 707 ecclesiam
775 671 942 718 intulit,
973 676 1014 707 et
1042 670 1091 708 ab
1129 684 1174 708 eo
1208 671 1413 722 distinguit
1446 671 1691 709 sacerdotem

220 726 496 764 celebrantem.
553 739 622 777 ego
644 739 741 765 vero
765 732 804 764 et
832 740 958 765 unum
981 726 1047 764 hic
1067 727 1259 779 designari
1288 741 1359 780 per
1380 729 1546 767 verbum
1563 739 1694 780 προσ-

79 787 108 821 Ρ
131 786 198 823 507
221 784 434 835 κομίζοντα
458 783 701 822 sacerdotem
729 783 849 821 sacris
875 789 1103 835 operantem
1130 786 1351 835 contendo,
1381 791 1422 823 et
1447 785 1692 834 nominatim,

222 839 332 891 quod
351 839 445 877 hinc
465 846 620 878 constet
637 839 859 891 nuncupari
887 840 1046 878 solitum
1070 854 1092 877 a
1113 841 1278 879 diacono
1295 856 1386 879 eum
1407 844 1481 894 qui
1504 854 1623 893 panes
1641 854 1692 879 ex

221 897 365 948 quibus
392 897 554 934 oblatae
580 897 721 935 fierent
751 899 793 934 in
822 898 1028 934 ecclesiam
1057 898 1222 943 intulit,
1250 911 1432 949 pernego.
1487 897 1693 948 evincique

221 960 435 1002 utrumque
457 953 565 991 istud
584 954 678 991 satis
696 954 800 991 clare
820 959 919 1005 puto
939 966 990 992 ex
1011 954 1106 1005 ipsis
1127 967 1227 1005 quae
1251 956 1357 993 Goar
1375 955 1540 1007 exponit
1559 966 1693 992 sacrae

220 1010 402 1061 liturgiae
420 1011 562 1058 verbis,
592 1024 731 1062 nempe
753 1010 878 1048 hisce:
912 1009 936 1051 ὁ
955 1006 1143 1058 διάκονος
1163 1009 1261 1063 πρὸς
1280 1014 1332 1068 τῇ
1349 1007 1462 1066 θύρᾳ
1475 1008 1570 1059 cwig
1589 1009 1692 1064 λέγει

223 1071 298 1108 τοῦ
317 1068 447 1115 δεῖνος
470 1065 770 1118 πανιερωτάτου
790 1067 1093 1119 μητροπολίτου,
1114 1067 1298 1105 nimirum
1320 1068 1487 1119 episcopi
1509 1068 1692 1106 ecclesiae

223 1125 265 1162 in
284 1137 361 1174 qua
380 1138 535 1162 sacrum
553 1124 685 1174 fiebat,
718 1124 842 1175 qualis
864 1130 947 1162 erat
971 1124 1307 1176 Constantinopoli
1330 1123 1568 1176 patriarcha.
1595 1136 1692 1162 mox

223 1181 382 1219 subdit:
419 1180 487 1221 καὶ
515 1179 615 1234 ὑπὲρ
638 1184 711 1222 τοῦ
738 1181 1074 1232 προσκομίζοντος
1092 1177 1141 1220 τὰ
1168 1178 1262 1234 ἅγια
1287 1182 1396 1232 δῶρα
1418 1183 1544 1220 ταῦτα
1573 1175 1693 1221 εὐλα-

222 1233 416 1290 βεστᾶτου
433 1237 567 1290 ἵερέως
586 1240 658 1278 τοῦ
681 1239 813 1286 δεῖνος
830 1246 866 1275 et
882 1252 958 1289 pro
978 1237 1162 1290 offerente
1180 1245 1323 1276 sancta
1341 1237 1441 1275 llaec
1460 1235 1570 1275 dona
1592 1237 1692 1274 reli-

217 1296 453 1347 gio-sissimo
471 1293 673 1332 sacerdote
698 1295 751 1332 N.
808 1293 894 1344 quis
921 1294 1015 1331 satis
1035 1294 1245 1332 attendens
1263 1294 1425 1332 unicum
1443 1293 1510 1331 hic
1533 1293 1693 1332 nomine

220 1351 386 1403 proprio
422 1352 550 1403 palam
582 1351 769 1403 appellari
809 1364 889 1388 non
929 1351 1063 1388 videat
1100 1351 1386 1389 sacrificantem
1418 1350 1694 1389 sacerdotem?

220 1421 315 1446 sane
338 1409 368 1446 si
398 1408 669 1459 προσκομιδή,
701 1407 809 1458 quod
841 1407 946 1445 idem
973 1408 1011 1448 P.
1032 1408 1138 1445 Goar
1162 1413 1268 1446 recte
1299 1413 1464 1446 annotat
1491 1420 1531 1459 p.
1555 1410 1606 1449 16
1630 1407 1692 1444 sui

220 1464 473 1515 Euchologii,
504 1470 564 1502 est
588 1465 738 1502 oblatio
762 1465 965 1515 perfecta,
992 1477 1132 1515 nempe
1152 1464 1218 1502 illa
1242 1477 1342 1515 quae
1369 1464 1416 1502 fit
1435 1478 1458 1501 a
1486 1462 1692 1501 sacerdote

220 1521 272 1559 ad
299 1535 408 1558 aram
431 1521 598 1558 faciente
625 1522 736 1572 panis
760 1527 799 1558 et
828 1521 911 1558 vini
933 1534 1028 1558 mox
1049 1521 1326 1570 consecrandi,
1355 1520 1494 1570 quidni
1522 1518 1549 1560 ὅ
1565 1529 1692 1571 προσ-

219 1578 396 1627 κομίζων
426 1577 460 1614 is
493 1577 647 1615 dicatur
676 1583 715 1614 et
738 1577 978 1626 intelligatur
1006 1578 1074 1627 qui
1103 1590 1146 1614 ea
1175 1578 1250 1615 rite
1272 1577 1475 1627 fungitur?
1509 1575 1691 1626 equidem

218 1634 409 1682 arbitror,
438 1632 470 1671 si
490 1646 579 1672 eum
602 1633 669 1683 qui
696 1639 811 1670 antea
831 1646 971 1682 panem
993 1639 1033 1670 et
1049 1633 1199 1680 vinum,
1227 1640 1276 1671 ut
1295 1639 1422 1670 essent
1443 1631 1605 1670 materia
1624 1643 1691 1668 sa-

220 1690 356 1729 crificii
370 1719 380 1739 ,
422 1689 464 1727 in
499 1689 697 1727 ecclesiam
724 1689 938 1738 intulerat,
979 1689 1180 1739 designare
1208 1689 1396 1727 diaconus
1428 1689 1567 1736 vellet,
1606 1700 1690 1725 non

220 1747 540 1799 προσκομίζοντα
561 1746 602 1783 in
622 1746 816 1796 praesenti
840 1758 928 1783 eum
948 1751 1121 1793 vocaret,
1143 1745 1211 1783 sed
1229 1746 1270 1783 in
1290 1745 1504 1797 praeterito
1519 1751 1691 1796 προσκοὲ

221 1805 403 1857 μίσαντα.
431 1802 506 1841 hae
525 1802 623 1840 mihi
643 1816 781 1840 causae
799 1802 1021 1840 confidendi
1040 1807 1144 1851 sunt,
1162 1801 1528 1853 interpretationem
1547 1813 1690 1850 meam5

221 1861 295 1899 etsi
312 1865 499 1911 gravetur
520 1860 755 1898 auctoritate
776 1858 976 1897 contraria
994 1859 1071 1897 viri
1092 1864 1175 1896 tam
1193 1858 1452 1911 praestantis,
1480 1857 1690 1896 veritatem

222 1931 335 1957 suam
355 1930 478 1968 aequo
496 1923 536 1954 et
553 1916 709 1955 erudito
728 1916 866 1954 lectori
883 1916 1154 1968 probaturam,

338 1969 622 2027 προχῶσεις
650 1987 690 2024 p.
707 1975 789 2014 269
814 1986 854 2012 v,
882 1976 945 2014 11.
1001 1973 1173 2010 refertur
1201 1971 1279 2010 hoc
1305 1971 1358 2010 ad
1385 1970 1479 2024 ἔργα
1503 1971 1584 2010 ταῖν
1612 1964 1691 2009 dv-

224 2032 334 2083 δρῶν
354 2043 473 2082 opera
494 2030 771 2081 agricolarum,
802 2035 1001 2080 congestas
1020 2029 1203 2067 videlicet
1227 2029 1269 2066 in
1286 2028 1385 2067 areis
1406 2028 1570 2077 frugesy
1590 2037 1692 2076 quas

224 2087 353 2125 eluvie
372 2088 553 2137 abreptas
573 2092 614 2124 et
631 2086 862 2138 disperditas
881 2086 978 2123 <licit
994 2090 1081 2133 ταῖς
1094 2081 1316 2138 προχώσεσι
1333 2098 1425 2122 cum
1446 2085 1548 2135 ipsis
1565 2082 1688 2119 moli-

223 2143 322 2192 bus,
356 2156 496 2194 nempe
525 2144 726 2194 aggeribus
759 2143 1050 2194 manipulorum
1077 2155 1150 2193 pro
1186 2141 1279 2179 anni
1314 2145 1543 2191 tempestate
1574 2138 1689 2188 (erat

222 2200 328 2237 enim
347 2205 471 2238 aestas
488 2213 618 2238 mense
640 2200 776 2250 utique
794 2200 984 2250 Augusto)
1006 2198 1049 2236 in
1071 2199 1168 2236 areis
1189 2197 1422 2244 extantium,
1449 2208 1546 2246 quas
1563 2205 1688 2244 aquae

223 2262 420 2294 torrentes
457 2256 713 2307 dispergendo
747 2256 1007 2307 corruperint.
1075 2255 1227 2305 elegans
1255 2254 1298 2292 in
1329 2253 1436 2291 hunc
1468 2252 1600 2289 locum
1628 2254 1688 2287 est

222 2312 393 2363 epitome
428 2313 573 2349 codicis
602 2313 781 2350 Vaticani
813 2319 895 2350 tam
932 2312 1057 2349 multa
1087 2310 1335 2362 Pacliymeris
1365 2308 1487 2348 verba
1519 2308 1563 2345 in
1588 2306 1687 2344 haec

221 2382 345 2420 pauca
371 2368 640 2406 contrahentis
659 2368 858 2420 θημονιαὶ
876 2366 919 2408 δὲ
939 2368 1006 2408 καὶ
1024 2366 1172 2414 &fames
1195 2363 1330 2413 αὐτοῖς
1349 2367 1518 2416 καρποῖς
1538 2358 1686 2413 narcid-

221 2425 324 2474 ῤὀυν
348 2423 550 2476 ἐφέροντο,
606 2424 647 2461 in
678 2424 739 2462 his
761 2438 841 2462 vox
867 2425 1066 2475 θημονιαί
1089 2423 1303 2475 respondet
1324 2417 1565 2471 προχώσεσιε
1592 2421 1687 2454 sunt

223 2486 354 2518 autem
380 2479 651 2535 ex Hesychio
672 2479 869 2531 θημονιαὶ
889 2481 931 2520 οἱ
954 2483 1075 2532 σῶροι
1093 2482 1175 2519 τῶν
1193 2473 1427 2531 δραγμάτων
1451 2475 1583 2512 acervi
1601 2480 1687 2510 maa·

223 2538 474 2588 nipulorum.
521 2534 671 2583 ἅλωνες
691 2535 757 2573 hic
776 2549 893 2573 areae
910 2549 983 2587 pro
1005 2535 1182 2586 frugibus
1196 2535 1359 2585 ponitur
1381 2531 1525 2569 usitata
1542 2542 1686 2580 synec-

224 2593 351 2632 doche
370 2592 546 2632 contenti
561 2606 634 2644 pro
660 2591 907 2640 continente,
937 2597 982 2630 ut
1002 2591 1042 2628 in
1060 2591 1136 2628 illis
1154 2587 1386 2627 Tertulliani
1404 2587 1505 2624 libro
1524 2585 1576 2623 ad
1594 2587 1688 2623 Sca-

223 2651 378 2702 pulam:
409 2651 515 2688 sicut
534 2649 607 2686 sub
626 2649 852 2686 Hilariano
870 2646 1059 2698 praeside
1083 2661 1175 2683 cum
1194 2644 1243 2683 ile
1260 2646 1365 2682 areis
1382 2643 1688 2694 sepulturarum

224 2714 456 2744 nostrarum
474 2706 780 2754 acclamassent,
811 2717 930 2741 areae
948 2717 1028 2741 non
1042 2704 1138 2751 sint,
1168 2716 1285 2739 areae
1300 2703 1480 2752 ipsorum
1499 2699 1691 2750 nonsue—

225 2772 343 2801 runt:
374 2777 517 2800 messes
537 2764 641 2800 enim
664 2775 766 2798 suas
786 2774 868 2797 non
889 2766 1070 2813 egerunt.
1127 2757 1382 2810 expositionis
1401 2768 1491 2806 ergo
1511 2754 1685 2793 clarioris

223 2820 346 2870 gratia
364 2815 500 2869 αὐτοῖς
515 2822 683 2875 καρποῖς
700 2817 892 2857 additum.
950 2830 1043 2855 nam
1064 2815 1191 2854 solum
1212 2815 1339 2867 ipsum
1357 2820 1486 2852 terrae
1503 2808 1579 2852 οὐκ
1597 2808 1701 2860 §.que--
