1858 3126
294 118 393 166 594
712 117 949 162 GEORGII
982 117 1331 164 PACHYMERIS

297 236 408 278 σθοῦ
418 227 724 287 ξεναγοῦμενος·
747 231 830 274 ἐπεὶ
851 231 896 274 δὲ
911 231 1052 287 καιρὸς
1070 232 1215 286 διῆλθε
1234 233 1300 274 καὶ
1319 231 1436 276 οὐδὲν
1454 232 1559 286 ὅλως
1570 234 1753 287 συνέμιξε

300 308 386 351 τοῖς
410 301 510 351 ἐκεῖ,
547 301 603 349 εἷς
619 297 806 353 ὖποψίαν
833 302 1111 352 καθίσταται,
1140 302 1205 343 καὶ
1231 304 1389 354 μᾶλλον
1412 305 1590 359 φρερίοις
1614 304 1658 347 ἐκ
1683 306 1754 359 ζη-

300 369 495 417 λοτυπίας
526 367 595 409 διὰ
624 367 670 410 τὸ
700 368 848 421 σε’βας,
886 369 933 411 οἳ
959 370 1025 411 καὶ
1051 367 1306 420 ἐπιστάντες,
1338 367 1426 422 ἅμα
1453 372 1521 412 καί
1545 387 1644 422 τινες
1670 376 1752 415 τῶν

254 449 282 484 Β
303 433 658 488 δυναστευόντων,
695 436 768 491 τὴν
800 437 994 492 ἔνδημίαν
1023 436 1242 492 ἀνέκρινον.
1314 435 1370 487 ὥς
1402 438 1447 480 δὲ
1464 438 1584 481 πλέον
1603 439 1678 485 οὐκ
1695 432 1752 483 εἶ-

297 523 373 561 χον
390 501 616 559 μανθάνειν
635 502 660 558 ἢ
685 505 759 559 τὴν
781 505 824 547 ἐκ
844 504 1028 560 παρόδου
1045 505 1283 561 καταγωγὴν
1303 507 1369 547 καὶ
1392 505 1467 561 τὴν
1495 508 1549 556 εἷς
1570 506 1784 563 εὔκαιρονό

298 571 566 630 γενησομένην
599 568 722 623 αὖθις
750 574 903 616 ἐκεῖθεν
923 572 1134 630 ὀναγωγήν
1146 606 1158 626 ,
1195 574 1295 624 τέως
1323 575 1411 629 περὶ
1431 578 1504 631 τῆς
1522 573 1643 630 δόξης
1662 575 1755 618 ἀνέ-

301 659 461 699 κρινον,
497 641 564 683 καὶ
587 639 696 691 ὅπως
725 640 808 696 ξ’χοι
836 642 937 696 πρὸς
969 642 1043 697 τὴν
1076 642 1214 684 αὐτῶν
1237 644 1472 697 ἐκκλησίαν,
1510 645 1575 686 καὶ
1607 641 1668 694 οἷς
1699 645 1756 693 εἷς

299 708 500 765 ἅγιασμόν
512 714 693 763 χρῶνται
714 707 880 764 ἀζύμοις
893 743 905 762 ,
937 711 1040 765 μετὰ
1061 715 1212 765 πολλῆς
1228 708 1399 765 ἠρώτων
1419 716 1492 766 τῆς
1518 711 1752 761 ἐπιθέσεως.

300 777 357 828 ὥς
377 777 419 820 δ’
442 776 516 820 οὐκ
537 772 586 832 ἦν
605 777 732 820 αὐτὸν
759 781 847 834 περὶ
877 778 1033 822 τούτων
1069 779 1397 835 ἀποφαίνεσθαι,
1429 780 1570 823 ἐκεῖνοι
1598 781 1754 823 δίκαιον

299 845 398 890 εἶναι
419 847 485 888 καὶ
511 845 664 899 πρέπον
687 845 941 903 πατριάρχην
959 865 1000 904 γε
1020 847 1118 890 ὄντα
1138 848 1260 903 λέγειν
1281 847 1406 890 αὐτὸν
1426 849 1478 892 τὰ
1500 852 1574 902 τῆς
1593 846 1752 903 γνώμης
1765 863 1808 896 10

249 931 281 966 c
303 917 498 972 σφοδρῶς
527 912 788 970 κατήπειγον·
825 918 858 958 εἷ
890 915 937 957 δ’
973 911 1071 968 οὖν,
1109 923 1199 965 ταῖς
1226 915 1273 959 οὗ
1293 919 1436 967 καλαῖς
1464 914 1659 971 ὖποψιάις
1682 919 1755 958 do-

298 990 380 1026 κεῖν
401 982 622 1036 ἐνέχεσθαι.
691 988 814 1026 τοῦτο
837 984 904 1040 ἐφ’
938 982 1108 1039 ἡμέραις
1139 989 1368 1036 ποιοῦντες,
1407 986 1489 1028 ἐπεὶ
1515 985 1632 1027 οὐδέν
1654 984 1755 1039 ἤνυ-

298 1069 394 1103 τον,
430 1051 544 1100 τέλος
570 1048 750 1107 θάτερον
779 1055 894 1094 δυοῖν
921 1060 1046 1095 ποιεῖν
1067 1054 1293 1104 ἐδικαίουν,
1329 1052 1354 1107 ἢ
1381 1051 1600 1107 λαμβάνειν
1621 1053 1693 1106 τὴν
1712 1053 1754 1102 ἐξ

300 1119 450 1163 ἔκείνου
482 1120 569 1174 περὶ
601 1118 736 1162 αὐτῶν
770 1118 1011 1176 ὁμολογίαν,
1056 1121 1200 1170 καθὼς
1227 1116 1276 1175 ἦν
1296 1121 1499 1176 βουλητὸν
1528 1123 1689 1176 σφίσιν,
1726 1118 1752 1175 ἢ

301 1188 529 1231 κατακαίειν
561 1186 685 1230 αὐτόν
715 1205 757 1231 τε
777 1191 842 1231 καὶ
860 1190 956 1239 τούς
987 1188 1097 1245 ἀμφ’
1122 1189 1247 1231 αὐτὸν
1269 1187 1323 1239 ὥς
1341 1191 1429 1244 περὶ
1448 1189 1521 1244 τὴν
1540 1189 1752 1243 ἐκκλησίαν
1765 1201 1807 1236 15

299 1257 436 1300 αὐτῶν
458 1254 782 1310 ἁμαρτάνοντας.
829 1256 978 1312 ὥριστο
999 1258 1133 1300 τοίνυν
1152 1255 1297 1312 ἡμέρα,
1332 1259 1399 1300 καὶ
1418 1258 1519 1306 λαός
1535 1257 1752 1312 ἤθροιστο,

248 1339 280 1373 D
303 1327 369 1368 καὶ
392 1328 572 1381 λιπαρῶς
591 1324 797 1380 ἀνέκρινον
818 1324 949 1369 πάλιν.
1021 1323 1042 1368 ὃ
1066 1325 1110 1368 δ’
1133 1325 1251 1368 οὐδὲν
1273 1325 1386 1380 παρὰ
1405 1326 1457 1368 τὰ
1475 1324 1652 1382 πρότερα
1669 1324 1756 1368 ἕλε-

296 1411 362 1450 γεν
375 1407 387 1418 ·
422 1391 520 1435 εἶναι
534 1392 610 1449 γὰρ
630 1390 784 1449 ὅδίτην,
820 1396 886 1436 καὶ
902 1394 960 1449 μὴ
982 1392 1158 1450 ἀνάγκην
1177 1393 1276 1449 ἔχειν
1296 1393 1355 1450 μή
1373 1411 1480 1445 τινος
1497 1390 1754 1448 συνεστώσης

299 1459 475 1505 συνόδου
506 1461 643 1516 λέγειν.
712 1463 779 1505 καὶ
808 1462 1035 1521 ἐπεχείρουν
1063 1463 1306 1507 κατακαίειν.
1378 1461 1453 1507 κᾶν
1475 1464 1543 1507 καὶ
1562 1463 1618 1514 εἷς
1635 1461 1753 1519 ἔργον

390 1570 424 1604 7.
448 1567 516 1613 τὴν
535 1567 666 1603 deerat.

297 1659 442 1706 hospitio
465 1658 650 1694 diversans.
695 1670 769 1693 cum
792 1671 873 1694 vero
896 1660 995 1704 longo
1017 1660 1064 1695 ibi
1086 1665 1235 1696 moratus
1265 1663 1438 1706 tempore,
1467 1660 1568 1707 plano
1589 1670 1752 1705 segrega-

300 1712 355 1742 tus
379 1705 530 1747 viveret,
554 1704 781 1739 communione
800 1707 1064 1752 commercioque
1086 1707 1175 1740 omni
1198 1719 1272 1741 cum
1291 1706 1454 1752 indigenis
1475 1710 1668 1742 constanter
1689 1707 1753 1740 ab·

298 1753 444 1794 astinem,
467 1755 644 1796 suspectus
667 1762 744 1785 esse
766 1753 891 1797 coepit,
913 1752 1111 1797 praesertim
1135 1752 1265 1786 Freriis
1285 1755 1358 1787 zelo
1382 1752 1553 1797 religionis
1573 1751 1753 1794 instinctis,

298 1798 390 1845 quod
423 1808 498 1832 eum
531 1797 716 1831 abhorrere
745 1809 766 1831 a
799 1798 906 1832 sacris
934 1798 1082 1844 ipsorum
1105 1803 1294 1834 cernerent.
1338 1798 1371 1832 hi
1403 1810 1486 1843 ergo
1505 1809 1619 1833 secum
1642 1797 1753 1832 ductis

298 1843 497 1890 quibusdam
519 1854 540 1876 e
562 1842 818 1886 magistratibus
839 1849 898 1878 aut
920 1844 1120 1888 primoribus
1143 1844 1210 1878 loci
1233 1845 1357 1878 adeunt
1377 1844 1554 1887 bominem,
1575 1847 1611 1878 et
1633 1854 1753 1889 quam-

298 1891 414 1924 obrem
437 1900 479 1922 eo
502 1888 675 1930 venisset,
707 1889 751 1923 ad
783 1889 863 1934 quid
894 1890 941 1923 ibi
972 1890 1149 1931 haereret,
1178 1890 1400 1934 interrogant.
1447 1890 1506 1924 ubi
1536 1894 1648 1924 autem
1670 1887 1753 1922 nihil

299 1937 488 1980 exprimere
511 1935 555 1969 ab
579 1945 618 1968 eo
641 1940 822 1979 potuerunt
845 1935 934 1969 aliud
958 1935 1020 1969 nisi
1042 1947 1080 1970 se
1104 1940 1142 1969 ut
1165 1936 1379 1980 peregrinum
1399 1934 1561 1970 viatorem
1581 1933 1751 1969 meritorio

297 1980 433 2015 interim
457 1980 506 2014 uti
532 1980 739 2022 diversorio,
762 1981 874 2026 quoad
897 1987 1078 2027 expectata
1098 1981 1162 2015 sibi
1183 1981 1342 2016 adveniat
1363 1981 1599 2027 opportunitas
1620 1978 1752 2014 itineris

299 2038 365 2071 quo
389 2026 579 2060 intenderet
600 2026 845 2071 prosequendi,
881 2027 923 2061 ad
948 2027 1046 2070 ritum
1070 2027 1115 2061 illi
1137 2031 1174 2061 et
1196 2039 1251 2062 res
1273 2039 1389 2062 sacras
1410 2038 1548 2061 examen
1570 2024 1754 2060 transtule-

297 2076 397 2112 runt,
417 2072 634 2117 exquirentes
656 2072 738 2117 quid
762 2072 804 2106 de
827 2074 973 2118 ipsorum
997 2073 1141 2107 ecclesia
1163 2073 1325 2115 sentiret,
1358 2077 1395 2107 et
1416 2084 1459 2107 an
1482 2073 1643 2118 probaret
1663 2070 1752 2116 quod

296 2117 367 2150 illic
388 2116 421 2150 in
443 2128 505 2151 usu
530 2123 624 2159 erat,
657 2118 775 2152 confici
805 2119 1038 2153 eucharistiam
1072 2119 1106 2153 in
1129 2119 1279 2163 azymis?
1313 2118 1358 2152 de
1387 2130 1454 2163 quo
1484 2124 1523 2152 ut
1551 2117 1751 2152 sententiam

298 2173 392 2198 suam
415 2167 585 2207 promeret
606 2163 801 2198 vehemente
819 2164 980 2199 instantia
1001 2164 1215 2209 flagitabant.
1263 2176 1376 2199 verum
1389 2164 1445 2198 illo
1469 2163 1545 2209 pari
1563 2160 1753 2197 constantia

299 2214 447 2252 negante
470 2219 572 2252 super
597 2209 647 2242 his
670 2210 909 2254 pronuntiare,
933 2210 980 2244 illi
1004 2211 1105 2244 nihilo
1128 2211 1234 2244 minus
1257 2211 1434 2254 urgebant,
1455 2209 1585 2244 aientes
1608 2218 1670 2241 nec
1692 2217 1753 2240 ae-

297 2264 399 2298 quum
423 2265 485 2286 nec
509 2254 707 2288 conveniens
741 2267 814 2289 esse
845 2256 1070 2301 patriarcham
1101 2257 1144 2290 de
1178 2267 1216 2290 re
1250 2256 1292 2290 ad
1323 2255 1444 2299 dogma
1474 2254 1528 2287 vel
1557 2251 1752 2295 religionem

297 2298 486 2344 pertinente
507 2299 749 2344 interrogatum
771 2301 882 2335 silere.
928 2302 1226 2347 minabanturque,
1257 2301 1286 2334 si
1315 2300 1503 2334 obstinaret
1533 2297 1568 2331 in
1597 2297 1751 2339 tacendo,

298 2355 336 2378 se
358 2343 392 2376 id
414 2343 695 2388 interpretaturos
717 2346 750 2379 in
774 2351 906 2391 partem
937 2347 1135 2392 sequiorem.
1180 2347 1229 2380 sic
1259 2346 1412 2380 instando
1442 2344 1499 2378 ubi
1527 2343 1600 2377 dies
1623 2344 1751 2378 frustra

297 2389 419 2424 multos
445 2388 719 2434 insumpsissent,
742 2392 872 2426 demum
895 2392 1136 2426 denuntiarunt
1160 2392 1299 2426 alterum
1324 2391 1438 2424 horum
1453 2388 1516 2422 sibi
1533 2393 1659 2422 certum
1676 2400 1752 2423 esse

296 2436 431 2476 facere,
454 2440 514 2467 ant
536 2435 655 2468 audire
677 2447 764 2480 quae
787 2437 910 2470 vellent
933 2449 975 2470 ex
999 2449 1052 2478 eo,
1075 2437 1204 2471 scilicet
1227 2436 1406 2481 profitente
1430 2435 1534 2478 proba
1557 2434 1620 2468 sibi
1642 2439 1678 2467 et
1701 2435 1753 2468 le-

297 2479 416 2525 gitima
438 2479 547 2512 videri
570 2491 670 2514 sacra
691 2481 858 2525 ipsorum,
895 2487 955 2516 aut
975 2481 1084 2527 ipsum
1108 2487 1143 2516 ct
1165 2482 1238 2515 eius
1261 2493 1326 2515 una
1349 2481 1487 2514 comites
1509 2479 1750 2514 vivicomburio

298 2525 418 2571 punire
450 2528 617 2569 tamquam
650 2526 860 2570 blasphemos
892 2527 927 2560 in
958 2526 1135 2560 ecclesiam
1167 2527 1324 2569 ipsorum.
1383 2525 1416 2559 ei
1456 2525 1669 2570 peragendae
1698 2524 1750 2559 rei

299 2571 392 2605 dicta
408 2570 481 2604 dies
497 2571 624 2612 aderat,
649 2576 920 2616 conveneratque
943 2572 984 2606 ad
1008 2572 1234 2615 spectaculum
1249 2571 1314 2604 iam
1337 2571 1492 2616 populus.
1538 2575 1619 2605 tunc
1635 2570 1749 2604 Frerii

299 2628 374 2650 cum
406 2615 600 2661 proceribus
631 2616 746 2650 endem
778 2617 897 2651 iterum
930 2617 1168 2651 instantissime
1198 2628 1219 2650 a
1242 2616 1437 2662 patriarcha
1459 2616 1644 2660 exprimere
1666 2627 1749 2650 con-

299 2663 494 2704 tendebant,
515 2662 572 2695 illo
595 2662 723 2707 pariter
744 2662 842 2696 solita
863 2667 945 2696 tunc
967 2674 1101 2708 quoque
1122 2673 1160 2696 se
1182 2662 1372 2696 involvente
1394 2662 1578 2707 pertinacia
1600 2660 1747 2702 tacendi,

298 2708 532 2753 alleganteque
554 2707 586 2741 in
609 2707 730 2742 itinere
752 2719 790 2742 se
813 2719 898 2748 esse,
923 2719 988 2742 non
1012 2707 1047 2740 in
1070 2708 1211 2752 synodo,
1235 2707 1293 2742 ubi
1306 2708 1504 2743 sententiam
1527 2708 1569 2741 de
1591 2708 1748 2752 dogmate

297 2753 412 2788 dicere
432 2765 526 2789 suam
548 2753 700 2790 deberet.
747 2765 829 2800 ergo
853 2753 902 2790 illi
931 2753 975 2790 ad
998 2753 1275 2798 comburendum,
1306 2754 1356 2790 uti
1379 2754 1626 2798 decreverant,
1647 2763 1748 2793 recu?
