1820 3112
223 163 291 212 44
641 163 877 209 GEoRGn
909 162 1262 218 PAGHYmEffls

175 288 206 322 C
229 278 488 322 θυποκλίνειν
515 278 572 328 εἷς
602 276 789 334 εὐλογίαν
817 276 894 332 τὴν
920 275 1023 333 παρ’
1056 276 1231 329 ἐκείνου,
1270 275 1319 319 οὗ
1345 276 1465 338 χρείᾳ
1480 280 1640 331 μᾶλλον
1659 276 1686 332 ἢ

223 348 412 406 κολακεία
431 347 497 388 καὶ
513 344 754 401 ὖποποιήσει
771 347 937 405 σφοδρᾷ
955 346 1021 388 καὶ
1044 342 1239 402 ἀφύκτῳ,
1276 344 1324 388 τὸ
1342 345 1482 389 ἱκανὸν
1502 344 1602 400 ξ’χειν
1619 347 1688 388 καὶ

223 415 390 469 βέβαιον
426 415 490 456 ἐπὶ
519 420 611 463 ταῖς
635 411 796 471 ψήφοις
825 415 1043 456 ἐπίστευεν.
1113 414 1196 456 ἐπεὶ
1227 412 1271 455 δ’
1295 412 1376 456 ἔδει
1392 415 1460 456 καὶ
1477 417 1688 457 τελεῖσθαι

220 483 273 526 τὰ
300 483 422 537 μείζω
453 480 510 531 ὥς
535 482 718 535 εἴθιστο,
754 483 794 524 οἶ
819 484 844 524 δ
851 481 863 497 ’
891 481 1087 537 ἀρχιερεῖς
1115 480 1353 535 ὠβελίζοντο
1385 481 1482 541 (καὶ
1500 487 1588 532 πῶς
1607 481 1687 538 γὰρ

221 550 270 594 οὗ
281 570 296 606 ;
336 549 439 593 ὅπου
459 567 502 606 γε
520 552 587 592 καὶ
605 552 662 600 εἷς
683 547 854 607 ψήφους
870 548 1001 604 μόνας
1020 549 1095 593 οὐκ
1117 549 1330 606 ἠξιοῦντο)
1341 582 1356 603 ,
1400 553 1484 594 τῶν
1503 551 1582 593 τινὶ
1599 550 1684 592 ἔπι·
1697 559 1720 594 5

219 617 386 662 σκόπων
411 617 601 673 Κοζύλης
612 651 625 670 ,
662 618 895 675 πεμφθέντι
917 618 1022 661 κατὰ
1041 618 1178 675 χρείαν
1196 619 1413 675 πρεσβείας
1428 619 1474 662 ἔκ
1493 619 1685 671 δυτικῶν,

220 689 289 730 καὶ
307 685 500 746 οἷχρὰντῳ
519 685 683 737 δόξαντι
702 689 766 729 ἐπὶ
784 693 871 736 τοῖς
889 691 1109 742 πραχθεῖσι
1127 684 1254 730 πάλαι
1275 685 1330 736 ὥς
1347 686 1446 747 ξένῳ
1467 684 1583 741 μάλα
1604 690 1688 730 τῶν

168 763 200 798 D
225 754 456 811 ἡμετέρων,
492 755 639 811 γλυκῦς
661 755 795 812 ἀγκών
817 755 840 799 ὃ
864 755 916 811 δὴ
938 756 1095 812 λέγεται
1131 756 1261 810 (τινὲς
1287 752 1392 812 γάρ,
1428 753 1486 805 ὥς
1515 755 1685 811 ἕλε’γετο,

221 819 327 879 ἦσαν
347 824 386 866 οἳ
406 825 474 866 καὶ
492 827 640 867 τοῦτον
660 825 701 874 ἐς
719 823 830 867 ἅπαν
851 821 1002 874 εἰδότες
1009 856 1023 877 ,
1058 827 1118 884 τῷ
1134 821 1298 883 μεγάλῳ
1324 824 1452 882 κυρίῳ
1477 825 1686 882 Φιλίππῳ,

221 894 313 945 περὶ
334 886 384 935 οὗ
404 893 472 935 καὶ
496 889 737 949 φθάσαντες
760 889 1052 950 ἱστορήκαμεν,
1087 893 1155 935 καὶ
1173 894 1292 944 ζῶντι
1311 892 1522 949 ἱερατικοῖς
1542 893 1685 935 ἓκδου-
1699 899 1743 933 10

222 959 418 1014 λεύοντα,
450 962 519 1003 καὶ
545 961 795 1018 σφαγέντος,
833 961 899 1003 ἐπὶ
918 961 1097 1018 χρυσέου
1129 961 1299 1011 πίνακος
1323 959 1587 1018 προκειμένης
1612 963 1689 1014 τῆς

223 1034 424 1085 κεφαλῆς,
459 1028 569 1072 οὕτω
591 1027 716 1080 δόξαν
736 1034 788 1087 τῇ
810 1026 972 1088 συζῦγῳ
995 1030 1277 1087 Φραντζαίνῃ,
1308 1028 1362 1072 τὰ
1383 1032 1466 1073 τῶν
1482 1029 1687 1072 ἐπιτελευ-

223 1099 321 1140 τίων
348 1096 488 1151 ῧμνων
517 1099 573 1146 εἷς
602 1095 767 1153 μνήμην
795 1096 1110 1155 ἐπιτελοῦντα),
1146 1096 1199 1140 τὰ
1227 1102 1303 1153 τῆς
1326 1101 1490 1152 τελετῆς
1506 1101 1583 1140 τοῦ
1603 1115 1688 1139 πα-

221 1164 560 1221 τριαρχεύσοντος
588 1168 868 1222 ἐγχειρίζουσιν
883 1181 893 1190 ·
926 1165 972 1216 ὃς
993 1167 1045 1222 δὴ
1066 1167 1133 1209 καὶ
1155 1170 1231 1209 τοῦ
1250 1165 1379 1209 αὐτοῦ
1395 1166 1577 1223 Κρονίου
1602 1183 1687 1221 μη-

221 1234 292 1284 νός
322 1235 576 1291 παραλαβών
605 1236 753 1278 ἐκεῖνον
781 1231 927 1290 εῗσάγει
954 1234 1030 1289 τὴν
1058 1239 1133 1278 τοῦ
1163 1232 1418 1289 Προδρόμου
1440 1238 1514 1289 τῆς
1533 1233 1686 1290 πέτρας
1698 1243 1740 1277 15

170 1317 204 1352 Ε
225 1302 355 1357 μονὴν
373 1303 448 1345 σὺν
462 1303 611 1358 ὀλίγοις
626 1304 731 1355 τισί,
767 1304 835 1345 καὶ
854 1302 954 1346 ναὸν
972 1301 1157 1360 εὑρόντες
1174 1302 1244 1346 ἐπ’
1262 1302 1522 1357 ἀμπελῶνος,
1558 1301 1686 1359 ἆργόν

222 1368 279 1420 ὥς
304 1369 432 1413 ἐδόκει
459 1370 642 1414 κάκεῖνον
667 1370 788 1425 ὄντα,
827 1372 952 1414 ε’κεΐσε
974 1372 1028 1415 τὰ
1056 1370 1192 1415 εἰκότα
1223 1371 1390 1421 τελέσας
1406 1370 1589 1426 μοναχὸν
1609 1370 1685 1425 μὲν

218 1439 264 1481 ἐκ
293 1443 444 1481 λαΐκῶν
471 1439 754 1492 ἀποδείκνυσι,
790 1437 979 1483 διάκονον
1007 1439 1050 1483 δ’
1084 1441 1127 1491 ἐξ
1157 1437 1422 1496 ἀναγνώστου
1448 1445 1686 1496 χειροτονεῖ.

219 1512 294 1561 τῆς
323 1507 367 1550 δ’
389 1507 516 1563 αὐτῆς
538 1505 692 1565 ἡμέρας
709 1509 776 1551 καὶ
793 1505 1051 1566 πατριάρχην
1072 1507 1095 1553 ὅ
1113 1508 1307 1564 βασιλεὺς
1327 1509 1477 1552 ἐκεῖνον
1495 1505 1685 1566 προβάλ-

217 1614 382 1650 inclinare
410 1616 574 1651 sustinuit
603 1628 713 1662 usque
742 1617 787 1653 ad
818 1616 986 1661 eulogiam
1007 1617 1053 1652 ab
1076 1629 1117 1652 eo
1140 1616 1394 1663 accipiendam,
1426 1627 1496 1651 non
1527 1626 1593 1650 usu
1614 1615 1683 1649 alio

217 1673 319 1706 quam
350 1661 531 1704 adulandi,
564 1667 600 1697 et
629 1667 726 1697 tanto
757 1663 987 1698 strictioribus
1018 1663 1123 1698 fictae
1145 1662 1423 1698 honorificentiae
1443 1661 1588 1696 vinculis
1609 1661 1684 1705 glo-

217 1707 342 1740 riosum
365 1708 562 1741 monachum
587 1720 712 1743 causae
733 1721 775 1743 ac
798 1709 954 1754 partibus
976 1709 1151 1754 alligandi.
1197 1709 1279 1743 inde
1301 1719 1404 1754 porro
1426 1707 1560 1742 abunde
1574 1718 1614 1741 se
1628 1708 1684 1741 sa-

218 1752 367 1786 ventium
392 1753 629 1797 suffragiorum
652 1755 696 1789 ad
718 1759 794 1789 tuto
816 1755 1044 1800 peragendam
1068 1754 1189 1800 Cyprii
1211 1754 1451 1800 promotionem
1473 1753 1602 1788 habere
1624 1763 1684 1786 ra-

219 1803 277 1832 tus
305 1798 536 1840 Andronicus,
568 1800 629 1834 ubi
659 1800 818 1846 progredi
847 1801 892 1834 ad
923 1800 1054 1835 maiora
1081 1801 1260 1846 ipsamque
1292 1798 1535 1834 ordinationem
1556 1797 1684 1833 adoriri

220 1845 457 1890 tempestivum
481 1850 535 1880 est
556 1846 679 1888 visum,
701 1846 826 1880 nullius
848 1845 1071 1881 Orientalium
1092 1846 1281 1880 antistitum
1303 1845 1348 1882 ad
1370 1845 1441 1880 tale
1461 1843 1683 1880 ministerium

220 1902 358 1935 operam
381 1891 544 1935 probavit
566 1893 654 1936 (nec
676 1896 754 1926 erat
775 1903 858 1927 sane
880 1903 1090 1937 consequens
1112 1892 1156 1926 ad
1179 1893 1251 1926 eius
1272 1891 1350 1926 illos
1373 1891 1417 1926 ab
1432 1892 1587 1935 Augusto
1601 1901 1684 1924 con-

221 1936 447 1970 secrationem
473 1937 639 1978 adhiberi,
661 1949 803 1983 quorum
826 1949 870 1972 ne
891 1938 1058 1983 suffragia
1077 1937 1213 1983 quidem
1233 1937 1278 1972 ad
1301 1936 1499 1972 electionem
1522 1935 1684 1980 dignatus

222 1983 337 2016 fuerat
360 1982 561 2028 requirere)
593 1983 655 2018 sed
677 1984 882 2019 functionem
903 1983 995 2018 illam
1017 1984 1140 2018 detulit
1161 1983 1320 2029 episcopo
1344 1982 1490 2028 eozyles
1511 1993 1555 2016 ex
1578 1980 1683 2016 Occi-

223 2028 298 2060 duis
327 2029 494 2063 tractibus
526 2029 704 2074 legationis
734 2041 839 2064 causa
868 2041 977 2075 nuper
997 2030 1162 2075 appulso,
1198 2035 1235 2064 et
1257 2029 1351 2074 quod
1374 2039 1519 2074 peregre
1539 2026 1684 2062 vixisset

222 2072 256 2106 in
279 2084 408 2107 summa
431 2075 656 2110 disiunctione
677 2087 699 2110 a
720 2076 823 2110 rebus
844 2075 988 2119 nostris,
1018 2076 1110 2110 nulla
1133 2076 1359 2110 contaminato
1382 2073 1584 2119 contagione
1605 2073 1683 2118 pia-

223 2119 390 2160 culorum,
429 2131 518 2163 quae
550 2133 592 2155 ex
622 2121 710 2156 actis
740 2122 883 2156 antehac
907 2121 1201 2167 Constantinopoli
1223 2121 1377 2167 plerique
1396 2120 1465 2154 illic
1490 2119 1683 2164 degentium

222 2169 282 2198 aut
304 2170 545 2199 contraxerant
566 2170 626 2200 aut
648 2167 858 2202 contraxisse
880 2168 1099 2213 putabantur.
1130 2172 1206 2201 erat
1225 2169 1255 2201 is
1277 2167 1374 2201 bomo
1395 2170 1579 2212 praeterea
1598 2176 1683 2210 gm-

221 2209 347 2242 tilicari
369 2210 506 2254 quidvis
530 2214 746 2255 poscentibus
769 2213 900 2255 facilis,
931 2218 968 2247 et
988 2213 1083 2247 iuxta
1105 2213 1222 2247 tritum
1245 2212 1424 2256 adagium,
1456 2210 1563 2246 dulcis
1585 2209 1682 2244 cubi-

223 2260 298 2296 tus,
331 2267 430 2300 quem
459 2257 616 2291 videlicet
637 2259 682 2292 ad
705 2259 868 2304 quidquid
892 2270 935 2293 ex
958 2270 1021 2294 usu
1044 2260 1135 2294 soret
1155 2259 1287 2304 placide
1307 2269 1488 2303 sequacem
1508 2255 1681 2290 flecteres.

220 2302 385 2334 nonnullis
415 2302 519 2344 enim,
555 2303 678 2348 quibus
711 2306 824 2338 fuerat
847 2305 996 2340 anterior
1019 2306 1092 2340 eius
1113 2305 1184 2340 vita
1202 2306 1305 2350 plane
1329 2305 1534 2348 perspecta,
1565 2305 1681 2336 notum

221 2350 296 2379 orat
327 2357 447 2390 magno
480 2359 554 2381 eum
590 2349 723 2383 domino
753 2350 932 2396 Philippo,
963 2351 1006 2386 de
1029 2363 1096 2396 quo
1118 2351 1203 2385 alias
1225 2348 1454 2390 narravimus,
1485 2350 1522 2381 et
1550 2346 1681 2382 viventi

217 2403 355 2435 operam
377 2393 621 2427 sacerdotalem
643 2400 742 2438 grate
765 2398 868 2441 atque
890 2396 1034 2430 obnoxie
1056 2407 1223 2438 navasse,
1251 2400 1289 2430 et
1310 2393 1354 2429 ad
1376 2393 1450 2427 eius
1469 2392 1574 2427 occisi
1598 2404 1681 2437 pro·

219 2437 365 2482 positum
388 2438 424 2471 in
445 2450 548 2472 aureo
572 2440 664 2473 disco
687 2444 811 2485 caput,
843 2442 934 2486 quod
959 2443 1010 2475 sic
1032 2441 1105 2476 eius
1128 2441 1262 2484 coniugi
1283 2440 1542 2474 Phrantzaenae
1568 2438 1679 2473 visum

219 2487 334 2524 esset,
358 2495 457 2518 sacra
478 2485 646 2528 funebria,
677 2485 931 2530 pronuntiandis
951 2487 1094 2531 hymnis,
1117 2486 1240 2532 quibus
1263 2489 1467 2520 mortuorum
1487 2483 1680 2518 memoriam

218 2529 381 2573 prosequi
403 2530 456 2564 fas
480 2534 555 2572 est,
589 2530 657 2564 rite
677 2532 862 2576 peregisse.
908 2531 964 2566 hic
984 2532 1089 2576 igitur
1112 2531 1320 2567 commissam
1342 2530 1409 2565 sibi
1426 2529 1595 2574 designati
1616 2541 1680 2575 pa-

218 2573 391 2608 triarchae
413 2575 938 2622 ordinationem-auspicaturus‚
968 2589 1082 2611 mense
1105 2577 1230 2612 Martio
1260 2580 1453 2622 susceptum
1475 2587 1552 2610 eum
1572 2575 1679 2610 intro-

216 2619 310 2654 ducit
337 2631 411 2654 cum
441 2622 558 2665 paucis
587 2622 622 2655 in
654 2622 891 2657 monasterium
919 2634 941 2657 a
971 2623 1151 2668 prodromo
1175 2627 1212 2656 et
1234 2629 1334 2668 petra
1361 2621 1584 2663 nominatum,
1617 2621 1679 2655 ubi

220 2667 346 2710 templo
368 2666 403 2700 in
426 2667 525 2702 vinea
547 2673 706 2713 repertu,
738 2669 772 2702 in
795 2680 861 2713 quo
885 2673 922 2702 et
941 2667 1017 2714 ipso
1040 2669 1228 2713 apparebat
1250 2679 1321 2702 rem
1343 2668 1486 2701 divinam
1510 2678 1554 2701 ex
1575 2668 1676 2711 longo

220 2711 295 2744 fieri
319 2711 482 2754 desiisse,
506 2713 540 2746 in
564 2725 605 2747 eo
631 2714 801 2749 consuetis
823 2715 1019 2748 ceremoniis
1042 2716 1235 2748 monacnum
1260 2726 1302 2748 ex
1324 2714 1412 2748 laico
1434 2712 1585 2748 instituit
1606 2712 1699 2757 ΟΥ·-

219 2756 347 2800 prium,
382 2769 526 2804 moxque
556 2759 731 2794 diaconum
764 2772 784 2793 e
813 2759 944 2794 lectore
974 2759 1120 2795 ordinat.
1168 2760 1284 2794 eadem
1318 2771 1417 2805 porro
1448 2759 1504 2793 die
1525 2758 1678 2792 eumdem

218 2801 400 2846 imperator
423 2804 576 2843 declarat
598 2806 837 2851 patriarchani.
883 2805 961 2847 hinc
983 2805 1047 2841 iam
1071 2805 1286 2852 patriarcha,
1317 2805 1575 2852 quimultorum
1597 2815 1678 2841 sua·
