1858 3126
337 123 434 169 576
748 124 982 168 GEORGlI
1014 128 1360 175 PACHYMERIS

335 232 449 278 δύσιν
478 233 546 277 διὰ
570 236 787 292 φροντίδος
815 235 1054 292 ποιούμενος
1079 239 1152 283 οὐκ
1179 240 1298 294 ἀνίει,
1333 243 1398 284 καὶ
1419 240 1596 296 μάλισθ’
1618 243 1680 289 ὅτι
1701 247 1770 288 καὶ

331 307 406 346 τοί
427 309 719 358 στρατιωτικοῦ
738 310 812 348 τοῦ
829 309 916 362 περὶ
934 307 1004 350 τὸν
1016 309 1186 360 βασιλέα
1203 310 1375 364 Μιχαὴλ
1392 313 1768 365 διασκεδασθέντος,

332 372 399 414 καὶ
420 371 488 413 διὰ
511 376 642 414 ταῦτα
657 374 783 425 μηδὲν
802 372 902 428 ἔχων
922 376 1066 425 ἐκεῖνος
1088 375 1298 430 πράττειν,
1333 378 1404 420 τὸν
1424 379 1578 434 πατέρα
1596 383 1663 425 καὶ
1683 386 1767 434 βα-

330 439 443 482 σιλέα
463 439 630 492 πέμπων
653 438 891 496 ἐξώτρυνεν,
927 446 960 485 εἴ
984 442 1138 486 δυνατά
1167 445 1204 487 οἱ
1227 445 1285 500 εἴη
1299 477 1311 496 ,
1347 445 1472 488 αὐτὸν
1493 446 1765 502 ἐκστρατεύειν

253 510 257 514 ’
288 517 319 552 c
340 509 486 550 ἐκεῖνον
515 509 581 549 καὶ
613 508 716 550 κατὰ
742 507 858 552 δύσιν
887 514 980 565 περί
998 530 1075 554 που
1091 510 1317 555 Ῥαιδεστόν
1340 515 1406 555 καὶ
1433 512 1573 568 πρόσω
1591 523 1798 571 στρατω-5

328 572 582 618 πεδεύεσθαι.
652 574 758 630 ὁρμὴ
790 577 830 619 δ’
865 574 915 632 ἦν
947 579 1047 631 πρὸς
1077 585 1225 630 τοῦτο,
1265 579 1417 624 ὁπόθεν
1443 582 1492 624 δέ
1510 581 1551 624 οἱ
1579 580 1768 635 δυνάμεις

328 640 733 698 συγκροτηθήσονται
763 647 1023 704 σκοπουμένῳ
1043 648 1156 705 (οὐδὲ
1173 648 1250 703 γὰρ
1283 651 1326 691 ἐκ
1344 649 1421 692 τοῦ
1436 654 1569 691 κοινοῦ
1586 653 1766 704 ταμιείου

327 710 482 761 ταύτας
509 711 698 767 γενέσθαι
732 714 917 763 ἐπιτελεῖς
941 715 1008 757 διὰ
1036 716 1109 769 τὴν
1139 721 1219 758 τῶν
1241 715 1462 771 χρημάτων
1481 717 1653 771 ἀπορίαν
1661 751 1675 770 ,
1711 716 1767 767 ὥς

327 778 481 835 ἔλεγον,
523 779 675 822 δυνατὰ
707 775 775 836 ἦν)
806 779 833 836 ἡ
861 782 903 824 ἐκ
931 787 1005 837 τῆς
1020 786 1220 832 πολιτείας
1249 786 1528 839 ἕκαραδοκεῖτο
1547 786 1766 828 ἐθελουσία

325 845 606 904 συγκρότησις.
667 846 767 890 ὅθεν
785 851 849 891 καὶ
872 849 1134 905 συνεκρότουν
1161 853 1201 894 οἳ
1217 854 1389 904 πλείους,
1423 853 1489 895 καὶ
1508 852 1764 909 συνελέγοντο
1775 861 1820 896 10

323 913 530 970 χρήματα.
585 915 679 957 ἀλλ’
705 916 779 958 οὐκ
801 913 849 970 ἦν
867 919 967 971 πρὸς
988 918 1180 970 τοιαύτας
1191 922 1329 976 χρείας
1352 918 1584 978 ἀρκούντων
1600 920 1649 964 τὸ
1666 937 1766 966 συν-

327 982 520 1040 αγόμενον
530 1015 544 1036 ,
581 985 647 1025 καὶ
667 983 847 1038 ἠμελεῖτο
866 986 912 1028 τὸ
931 984 1102 1037 ξύμπαν.
1230 985 1234 988 ’

278 1064 311 1099 Ι)
467 1053 514 1096 5.
578 1051 644 1093 Ἑν
661 1050 793 1110 τούτῳ
817 1055 883 1095 καὶ
906 1052 1120 1110 φάμουσος
1136 1052 1260 1109 τόμος
1284 1052 1440 1110 πλήρης
1453 1051 1599 1110 χλεῦης
1613 1054 1765 1113 ῥιπτεῖ-

324 1137 406 1164 ται.
474 1121 540 1162 καὶ
557 1118 604 1161 οὗ
624 1119 700 1176 γὰρ
720 1119 850 1171 ἄλλως
866 1126 923 1180 τῷ
941 1126 1140 1176 τολμῶντι
1156 1123 1305 1179 ῥίπτειν
1321 1121 1540 1178 ὖπείληπτο
1558 1125 1613 1173 εἷς
1624 1129 1764 1180 χεῖρας

322 1187 520 1231 δεδόσθαι
538 1188 609 1230 τὸν
628 1185 753 1242 τόμον
772 1194 829 1246 τῷ
848 1195 1018 1242 βασιλεῖ,
1042 1190 1091 1244 ἢν
1109 1191 1165 1245 μὴ
1180 1192 1221 1233 ἐν
1241 1191 1378 1240 αὐτοῖς
1398 1195 1572 1236 τοῦ,τῶν
1588 1188 1763 1234 ἀνακτό-
1773 1197 1816 1234 15

180 1271 209 1307 p
231 1270 300 1306 403
322 1274 404 1313 ρων
427 1255 526 1298 ἄλλο
547 1272 608 1305 τις
629 1257 773 1299 λαθών
792 1259 970 1312 ἐκτεθείη
991 1259 1053 1300 ἐπὶ
1071 1259 1141 1301 τὸν
1164 1258 1288 1301 αὐτὸν
1308 1256 1461 1313 θρόνον
1472 1252 1519 1300 οὗ
1531 1256 1666 1301 εἰώθει
1687 1275 1763 1302 κα-

321 1324 518 1377 θέζεσθαι
539 1322 743 1378 βασιλεύς,
779 1330 852 1368 τοῦ
875 1325 1156 1382 ἀμφικεφάλου
1175 1314 1502 1380 ὖπεντεθειμένου
1523 1326 1574 1378 οἱ,
1610 1326 1764 1380 πολλὴν

321 1398 395 1436 τοῦ
417 1397 560 1435 λαθεῖν
580 1390 772 1446 πρόνοιαν
792 1394 1064 1447 ποιησαμένου
1094 1398 1167 1437 τοῦ
1193 1399 1326 1436 θεῖναι
1345 1391 1637 1448 τολμήσαντος.
1707 1391 1764 1444 ὥς

319 1462 365 1503 δὲ
385 1458 405 1503 ὅ
426 1465 499 1502 τοῦ
526 1465 717 1509 κοιτῶνος
742 1460 1054 1516 προκαθήμενος
1083 1460 1103 1505 ὁ
1123 1464 1331 1516 Χατζίκης
1362 1461 1520 1511 εἰωθώς
1544 1461 1587 1505 ἐκ
1603 1465 1678 1504 τοῦ
1698 1462 1763 1504 ἐπὶ

319 1532 505 1570 πλεῖστον
537 1525 656 1583 εἰσῄει
688 1528 740 1570 τὰ
771 1533 844 1583 τῆς
872 1530 1079 1584 καθέδρας
1105 1532 1347 1582 διευθετεῖν,
1390 1533 1619 1585 φιλοκαλῶν
1634 1526 1763 1583 συνή-

323 1657 457 1703 gionum
479 1655 700 1691 Orientalium
723 1655 820 1690 unice
841 1656 972 1692 intento
993 1658 1028 1692 in
1051 1658 1220 1693 Occidnas
1242 1658 1498 1692 conservandas.
1542 1657 1594 1692 cui
1611 1668 1684 1692 eum
1706 1657 1762 1692 in·-

323 1709 469 1739 stantem
493 1713 592 1736 curae
623 1702 747 1736 acriter
778 1704 948 1746 pungebat
976 1704 1065 1749 quod
1099 1704 1281 1740 exercitum
1305 1704 1479 1737 Michaelis
1501 1703 1642 1747 Augusti
1663 1702 1762 1748 plane

322 1749 392 1783 illic
424 1748 600 1782 constabat
630 1747 734 1782 fuisse
767 1747 974 1793 dissipatum.
1020 1761 1118 1794 quam
1141 1750 1185 1783 ob
1219 1760 1351 1783 causam
1372 1748 1445 1793 ipse
1467 1747 1612 1782 Michae!
1634 1748 1762 1789 crebris

322 1799 359 1829 et
388 1793 584 1838 urgentibus
613 1793 721 1827 literis
753 1798 882 1838 patrem
905 1795 1088 1838 Augustum
1120 1795 1318 1829 obsecrabat
1340 1798 1378 1827 ut
1399 1805 1497 1838 qnam
1521 1793 1660 1839 primum
1681 1803 1761 1838 pos-

321 1843 375 1875 set
389 1839 476 1882 fieri,
497 1838 628 1872 veniret
650 1850 690 1872 eo
712 1838 786 1883 ipse
808 1850 881 1873 cum
904 1840 1054 1874 exercitu
1077 1844 1112 1874 et
1133 1840 1225 1874 circa
1242 1839 1467 1874 Rbaedestum
1482 1837 1651 1884 pauloque
1670 1838 1761 1873 nlte-

321 1886 392 1920 rius
414 1888 526 1920 castra
553 1888 747 1918 metaretur.
792 1896 855 1918 nec
876 1884 994 1920 deerat
1014 1885 1203 1919 Andronico
1227 1886 1370 1930 impetus
1399 1884 1443 1918 ad
1476 1895 1548 1918 eam
1571 1883 1762 1929 expeditio-

322 1943 398 1966 nem
419 1930 673 1976 capessendam:
697 1933 825 1963 tantum
844 1932 1021 1965 aestuabat
1053 1932 1162 1965 animo
1174 1957 1185 1975 ,
1219 1932 1307 1964 unde
1328 1929 1442 1975 copias
1473 1929 1518 1964 ad
1539 1929 1605 1963 hoc
1622 1929 1762 1963 idoneas

321 1980 469 2020 cogeret.
515 1987 590 2009 narn
613 1980 771 2020 quantum
794 1975 830 2009 in
861 1976 991 2010 aerario
1020 1980 1090 2014 tum
1121 1977 1283 2022 pecuniae
1307 1975 1557 2020 reperiebatur,
1586 1973 1761 2020 haudqua-

321 2033 420 2067 quam
444 2021 486 2055 ad
509 2021 675 2066 stipendia
695 2021 782 2055 iusto
804 2021 967 2055 exercitui
989 2023 1191 2056 numeranda
1213 2021 1429 2055 suffecturum
1445 2031 1487 2054 ex
1507 2031 1588 2061 vero
1609 2019 1761 2054 affirma-

321 2068 405 2101 bant
426 2067 539 2100 intime
563 2066 697 2102 conscii.
742 2067 896 2100 restabat
917 2079 995 2112 spes
1017 2068 1052 2101 in
1078 2067 1267 2102 voluntaria
1284 2066 1461 2100 collatione
1482 2064 1618 2109 civium,
1640 2075 1708 2110 qna
1726 2063 1759 2098 'u

320 2112 473 2146 desectus
497 2112 719 2156 suppleretur.
765 2112 875 2156 rogati
897 2124 962 2146 non
985 2114 1112 2147 frustra
1133 2112 1248 2152 multi,
1277 2111 1366 2157 quod
1395 2113 1571 2155 poterant,
1605 2110 1759 2144 confere-

319 2158 422 2198 bant3
445 2157 657 2202 dabaturque
679 2169 744 2191 non
766 2157 944 2201 indiligens
967 2170 1069 2202 opera
1085 2156 1277 2203 colligendis
1298 2157 1351 2190 his
1373 2155 1532 2199 symbolis
1553 2165 1698 2190 summae
1710 2153 1757 2188 ad

317 2206 527 2248 praesentem
560 2214 654 2236 usum
686 2203 894 2237 necessariae
925 2204 1130 2238 conflandae.
1185 2203 1244 2237 sed
1277 2202 1416 2236 immane
1437 2204 1596 2246 quantum
1617 2210 1642 2252 a·
1659 2197 1758 2233 modo

318 2247 480 2292 requisito
504 2258 559 2281 res
580 2249 708 2283 aberat.
753 2248 866 2293 itaque
888 2254 993 2283 totum
1023 2249 1144 2283 sensim
1174 2247 1344 2293 negotium
1375 2246 1486 2281 taedio
1515 2246 1700 2279 muntium
1719 2246 1758 2279 et

317 2292 554 2338 desperatione
576 2293 772 2337 perficiendi
793 2294 979 2337 neglectum
1004 2294 1148 2328 evanuit.

412 2337 446 2372 5.
493 2338 586 2371 Inter
618 2338 701 2372 haec
722 2339 868 2372 famosus
889 2340 1016 2373 libellus
1040 2341 1156 2384 plenus
1176 2338 1328 2372 irrisione
1348 2335 1481 2370 iacitur.
1526 2343 1602 2368 enm
1623 2331 1682 2378 qui
1702 2332 1758 2368 ia-

320 2394 400 2418 cere
423 2394 524 2417 ausus
547 2387 620 2423 est,
653 2394 726 2416 cum
750 2383 849 2416 aliter
872 2396 935 2417 non
958 2389 1116 2429 speraret
1137 2385 1171 2417 in
1194 2393 1309 2416 manus
1331 2378 1560 2425 imperatoris,
1583 2378 1672 2423 quod
1695 2389 1758 2414 cu-

321 2428 454 2474 piebat,
485 2433 680 2470 venturum,
712 2427 784 2471 ipse
818 2430 929 2462 furtim
953 2430 986 2462 in
1008 2428 1126 2462 intima
1146 2427 1263 2473 palatii
1284 2424 1455 2460 conclavia
1475 2423 1685 2469 penetravit,
1708 2422 1757 2458 si-

321 2474 450 2509 mulans
472 2484 509 2507 se
533 2473 650 2514 alium,
675 2475 710 2505 et
731 2473 763 2505 in
787 2472 879 2517 ipso,
904 2473 960 2506 ubi
983 2473 1156 2507 considere
1179 2475 1348 2515 Augustus
1369 2469 1519 2510 solebat,
1550 2469 1671 2503 throno
1692 2467 1757 2502 de-

321 2519 453 2566 posuit3
485 2517 619 2552 multam
653 2517 687 2550 in
721 2517 814 2550 aditu
847 2523 881 2551 et
911 2529 1062 2558 recessu,
1094 2518 1205 2562 capite
1227 2516 1380 2550 videlicet
1401 2513 1574 2558 diligenter
1594 2514 1756 2558 obmpto,

322 2565 367 2600 ad
387 2564 552 2599 latendum
573 2573 686 2596 curam
710 2562 880 2596 adhibens.
927 2568 965 2596 ut
991 2568 1098 2596 autem
1122 2574 1161 2596 eo
1186 2561 1283 2607 paulo
1305 2566 1398 2605 post,
1428 2564 1529 2604 prout
1547 2562 1623 2592 erat
1651 2569 1757 2602 saepe

323 2610 467 2651 solitus,
497 2609 689 2655 praefectus
719 2607 862 2641 cubiculi
894 2607 1072 2641 Chatzices
1099 2607 1219 2647 subiit,
1251 2605 1407 2640 familiari
1437 2603 1616 2638 ministerio
1652 2603 1756 2638 sedile

322 2655 482 2702 principis
504 2653 744 2694 adornatarum,
767 2652 801 2686 in
823 2664 888 2698 quo
910 2653 1039 2687 solebat
1062 2664 1136 2686 esse
1167 2652 1325 2697 diligens,
1355 2649 1496 2684 incurrit
1524 2649 1559 2683 in
1588 2648 1754 2702 libellumg

324 2713 423 2747 quem
445 2712 468 2736 a
482 2711 544 2735 non
567 2698 632 2733 alio
665 2709 765 2744 quain
791 2697 865 2743 ipso
878 2698 1040 2752 Augusto
1065 2697 1215 2732 relictum
1243 2697 1312 2730 illic
1337 2700 1529 2736 autumans,
1559 2698 1596 2728 et
1627 2698 1755 2747 ventus

324 2759 367 2782 ne
387 2757 512 2783 arcana
531 2745 718 2780 contineret
738 2755 825 2791 quae
845 2754 976 2779 numme
995 2744 1024 2779 is
1046 2743 1148 2779 vellet
1168 2742 1323 2788 cognosci
1345 2754 1366 2778 a
1386 2751 1567 2788 quoquam,
1587 2738 1626 2776 vi
1645 2748 1756 2774 cuno-
