1858 3126
271 155 367 202 664
675 153 981 199 OBSERVAT.
1009 155 1317 204 PAGHYMER.

265 273 425 319 praeter
427 277 474 302 ea
503 277 578 303 vox
599 259 702 331 αυλή
727 262 893 303 aedibus
917 278 996 304 non
1021 268 1232 318 congruit.-
1259 273 1422 318 apertus
1448 270 1552 307 enim
1562 270 1718 320 perfla-

273 331 414 372 tueque
435 320 548 357 locus
564 315 666 372 αυλή
687 318 853 361 dicitur.
881 326 994 359 notat
1011 320 1117 360 hunc
1134 322 1264 360 locum
1287 321 1577 363 animadversor
1594 325 1719 363 Athe-

273 377 386 427 naei,
415 389 603 425 censura,
631 375 675 413 ni
698 376 839 426 fallor,
865 391 938 429 pai
940 391 1007 415 um
1032 377 1148 428 digna
1167 383 1319 417 caetero
1341 377 1424 418 eiu·
1443 379 1619 419 acumine
1636 380 1725 421 cri-

272 434 366 471 tico.
424 432 481 470 sic
507 431 642 470 scribit
663 445 695 471 c.
715 434 742 474 3
769 433 796 473 l.
817 433 856 475 5.
911 433 1009 471 Ιιαεο
1022 434 1282 473 Athenaeus.
1311 433 1383 472 sed
1409 448 1531 486 quam
1556 436 1639 474 ieta
1663 437 1724 474 le-

270 488 372 527 via?
405 517 415 526 .
485 486 630 540 ‚quid
657 490 761 525 enim
789 495 896 526 vetat
924 504 998 540 per
1025 486 1156 542 αὐλήν
1187 498 1224 528 et
1246 491 1456 558 palatium
1488 491 1727 542 ιηίεἰίἰςσυ.

273 551 313 583 et
331 544 452 596 paulo
471 550 579 596 post.
610 559 630 582 e
647 546 848 582 contrario
871 546 947 596 aff
933 560 1127 584 rmamus
1146 560 1218 584 nos
1234 543 1332 593 Διὸς
1356 541 1484 598 αὐλήν
1500 547 1730 586 Humanum

273 601 497 651 appellas-se
514 600 622 639 Iovis
631 601 852 651 palatium.
907 603 967 638 sic
995 603 1098 639 enim
1118 603 1231 653 loqui
1249 602 1503 640 observamus
1516 603 1729 654 antiquie-

138 661 167 695 P
191 660 255 695 465
279 658 429 694 simum
448 661 630 708 portam,
659 664 696 694 et
717 656 827 708 quod
845 658 888 694 in
911 659 1058 709 ptimis
1075 656 1134 695 ad
1149 672 1229 695 rem
1239 659 1375 723 facit,
1402 671 1614 696 summam
1621 658 1730 696 Ho-

273 715 372 751 meri
397 715 638 750 imitatorem
655 712 916 781 Aeschylum,
946 716 1065 751 cuius
1090 721 1147 751 est
1174 712 1284 752 illud
1308 716 1351 751 in
1370 714 1725 752 Prometkwwm-

274 777 363 808 cto:
391 782 478 810 οσοι
499 784 575 821 την
594 766 691 816 Διός
721 764 848 820 αυλην
867 769 1053 821 οἶχνεῦσι.
1109 769 1298 808 hactenus
1315 768 1577 819 casaubonus,
1607 782 1728 821 quem

274 838 368 864 sane
392 825 515 863 miror
543 825 588 863 id
615 825 745 875 ipsum
771 838 844 876 pro
876 832 1102 876 argumento
1129 827 1295 876 allegare
1324 826 1438 877 quod
1448 827 1552 867 caius
1556 837 1733 865 oausam

273 881 388 919 unice
415 880 578 930 iugulat.
633 881 739 918 itane
763 880 890 919 vero?
927 895 977 919 ex
1005 895 1051 920 eo
1081 883 1188 933 quod
1221 882 1421 920 Homerus
1448 889 1487 920 et
1507 881 1732 933 Aeschylus
1761 924 1768 931 ⁶

273 935 370 984 Διὸς
389 933 517 988 αὐλήν
537 942 778 986 memorent,
807 937 981 988 sequitur
1001 951 1066 976 eos
1091 938 1205 976 aliam
1222 938 1307 976 Iovi
1327 937 1607 976 habitationem
1625 937 1737 981 mh}

273 1005 411 1042 gnasse
431 1005 548 1043 quam
565 993 719 1043 qualem
735 988 861 1043 αυλῆς
874 994 1067 1031 vocabulo
1086 993 1256 1045 exprimi
1271 991 1476 1037 contendit
1485 993 1732 1057 Ati-lenm

271 1049 460 1086 intectam
490 1053 530 1087 et
555 1061 649 1086 aura
684 1048 959 1101 perflabilem?
990 1049 1086 1100 quin
1112 1049 1244 1101 potius
1267 1061 1316 1087 ex
1335 1049 1463 1098 Iovis,
1490 1050 1557 1100 qui
1577 1049 1732 1094 Anthea

271 1105 357 1156 ipse
375 1110 432 1142 est
447 1104 558 1142 iuxta
581 1104 684 1142 illud
706 1105 819 1143 Ennii
841 1107 973 1155 aspice
992 1106 1017 1141 Ιι
1010 1119 1067 1143 oc
1085 1105 1254 1142 sublime
1273 1100 1448 1143 candens
1466 1116 1589 1157 quem
1605 1107 1728 1143 amo-'-

273 1167 369 1197 cant
392 1174 522 1197 omnes
542 1160 697 1209 Iovem3
730 1173 780 1198 ex
799 1160 905 1199 Iovis
933 1161 1095 1212 inquam
1121 1167 1259 1199 natuia
1288 1155 1481 1212 prudens
1488 1159 1620 1212 quivis
1638 1160 1725 1203 Ho-

271 1216 373 1254 meri
391 1221 432 1254 et
450 1215 630 1267 Aeschyli
646 1191 771 1254 lebtor
790 1216 982 1267 intelligat
1001 1217 1078 1255 tale
1099 1217 1234 1268 utique
1258 1216 1316 1254 illi
1333 1217 1523 1268 assignari
1540 1217 1723 1255 diverso-

273 1272 379 1311 rium
396 1271 522 1322 qualis
541 1273 624 1323 ipse
647 1277 726 1318 est,
756 1272 839 1312 sine
867 1286 1071 1312 murorum
1091 1273 1302 1322 lateribus,
1331 1273 1422 1312 sine
1435 1272 1530 1311 tecti
1549 1272 1720 1322 fastigio,

272 1334 413 1380 patens
437 1340 589 1365 omnem
610 1329 651 1365 in
667 1334 819 1379 partem
838 1335 954 1380 atque
975 1329 1190 1381 perflabile.
1247 1329 1332 1380 quis
1351 1330 1480 1379 legens
1501 1328 1610 1380 apud
1625 1328 1722 1367 vir-

272 1383 407 1433 gilium
434 1397 686 1435 annosasque
713 1383 852 1421 domos
884 1387 1044 1435 aviam,
1075 1392 1143 1423 aut
1173 1384 1221 1423 de
1239 1384 1416 1423 Aristaeo
1441 1385 1545 1422 intra
1568 1383 1718 1422 fluenta

271 1439 387 1477 Penei
408 1440 533 1477 amnis
554 1439 721 1478 admisso
742 1442 903 1492 iamque
920 1440 1082 1479 domum
1101 1443 1256 1478 mirans
1271 1441 1480 1492 genitricis
1496 1447 1534 1477 et
1547 1438 1723 1478 humida

274 1509 416 1544 regna,
446 1495 627 1532 subiiciat
654 1496 783 1533 animo
808 1497 920 1535 aedes
943 1497 995 1535 ad
1023 1497 1237 1536 humanum
1261 1510 1375 1535 usum
1396 1495 1529 1548 lapide
1555 1509 1600 1534 ac
1624 1507 1724 1533 cae—

273 1555 407 1587 mento
429 1556 616 1599 structas,
637 1557 757 1588 tectas
773 1552 1043 1602 laquearibus,
1074 1559 1114 1590 et
1135 1566 1215 1590 non
1234 1552 1366 1604 potius
1385 1551 1526 1589 domus
1547 1550 1721 1591 vocabu-

275 1604 359 1642 lum
376 1605 586 1655 utrobique
605 1606 870 1654 accipiendum
898 1614 1011 1658 putet
1031 1614 1290 1645 consentanee
1317 1607 1367 1645 ad
1395 1606 1640 1645 conditiones
1657 1619 1722 1645 re-

275 1673 365 1698 rum
383 1673 547 1711 quarum
565 1666 624 1697 est
643 1661 728 1697 illic
751 1662 922 1711 mentio,
951 1663 1154 1702 volucrum
1171 1663 1212 1700 in
1231 1663 1351 1700 ramis
1371 1662 1571 1712 arborum,
1597 1661 1720 1714 Nym-

277 1715 446 1767 pharum
474 1716 546 1754 sub
573 1716 684 1766 aquis
705 1716 957 1767 degentium?
987 1718 1164 1769 equidem
1183 1718 1274 1756 inde
1295 1717 1424 1768 potius
1442 1717 1620 1770 suspicor
1635 1717 1724 1756 sola-

274 1778 472 1809 terrarum
497 1771 688 1822 patentia,
717 1785 885 1824 superne
909 1774 1053 1812 intecta
1070 1774 1156 1812 loca
1176 1774 1253 1811 dici
1280 1771 1485 1825 ὕπαιθρα,
1514 1772 1718 1824 subdialia,

274 1827 347 1864 sub
371 1828 461 1866 love
479 1827 624 1878 frigido
643 1827 785 1879 posita,
815 1829 920 1880 quod
938 1825 1039 1878 Διός
1055 1828 1163 1869 Iovis
1181 1829 1302 1881 ipsius
1324 1829 1593 1868 habitaculum
1617 1830 1722 1868 eius-

274 1883 384 1920 modi
414 1895 493 1921 esse
520 1883 639 1933 vulgo
667 1882 923 1924 existimetur.
979 1898 1098 1936 quare
1124 1885 1260 1924 nihil
1248 1899 1290 1923 in
1315 1885 1498 1924 adductis
1523 1899 1546 1923 a
1572 1885 1722 1924 Casan-

275 1939 378 1976 bono
400 1939 515 1977 video
535 1939 644 1991 quod
671 1952 734 1977 me
763 1947 918 1980 moveat
939 1941 990 1979 ad
1015 1941 1132 1980 fidem
1157 1941 1374 1992 negandam
1397 1940 1556 1980 docenti
1578 1954 1720 1980 verum

274 1994 534 2044 significatum
566 1994 673 2034 vocis
699 1991 804 2046 αὐλή
841 1997 1110 2048 antiquissimo
1143 1999 1419 2049 grammatico,
1452 1996 1559 2035 haud
1582 1997 1717 2049 paulo,

271 2055 319 2086 ut
342 2056 397 2087 est
417 2050 645 2099 verisimile,
676 2053 979 2104 perspectiorem
1006 2052 1168 2092 habenti
1188 2055 1359 2092 nativam
1379 2058 1612 2116 potestatem
1638 2052 1718 2090 νό-

275 2105 501 2144 cabulorum
519 2106 675 2157 linguae
688 2108 888 2159 propriae,
905 2109 945 2146 in
964 2110 1075 2148 cuius
1093 2109 1144 2148 sit
1162 2109 1414 2148 meditatione
1432 2107 1720 2146 accuratissime
1753 2128 1757 2131 ·

273 2167 465 2208 versatus,
495 2175 608 2212 quam
632 2169 738 2201 recte
753 2165 860 2203 credi
882 2165 930 2203 de
949 2166 1032 2204 ullo
1053 2165 1198 2204 recenti
1220 2171 1336 2217 queat
1357 2163 1608 2216 quantumvis
1625 2163 1725 2201 dili-

273 2216 380 2264 genti
401 2217 612 2257 literatore.
667 2218 770 2257 illud
787 2226 973 2272 potuerat
992 2221 1204 2272 elegantius
1222 2222 1443 2260 illustrator
1465 2218 1652 2258 Athenaei
1671 2217 1717 2255 in

274 2270 359 2307 eius
379 2271 592 2323 interprete
613 2274 783 2325 culpare,
813 2277 949 2326 quod
938 2291 979 2315 m
999 2277 1067 2316 illo
1086 2277 1302 2315 Aristarchi
1327 2289 1443 2316 versu
1466 2274 1604 2312 Latine
1622 2272 1715 2310 red-

275 2325 402 2362 dendo
428 2328 666 2367 vocabulum
688 2331 871 2370 Latinum
895 2335 1046 2370 atrium
1065 2338 1265 2383 tamquam
1285 2333 1432 2370 Graeco
1461 2326 1562 2379 αὕλη
1585 2328 1717 2368 ἰσοδυ-

273 2383 430 2432 ναμοῦν
451 2383 686 2424 adhibuerit.
745 2386 888 2424 atrium
918 2389 1044 2436 enim,
1074 2394 1196 2439 prout
1217 2387 1368 2425 erudite
1387 2386 1627 2423 demonstrat
1643 2384 1717 2420 Fa..

274 2436 427 2474 anianus
448 2438 688 2477 Nardinius
677 2453 719 2477 m
737 2455 805 2478 sua
822 2443 947 2480 Roma
968 2442 1140 2493 Antiqua
1165 2443 1191 2481 l.
1212 2445 1239 2484 3
1269 2456 1303 2480 c.
1332 2445 1395 2488 13,
1424 2440 1540 2503 plane
1555 2444 1716 2476 contra-

274 2491 373 2530 riam
399 2488 503 2548 αὐλῇ
512 2522 524 2542 ,
552 2493 629 2531 hoc
649 2501 729 2544 est,
758 2503 804 2534 ut
825 2497 1010 2547 vidimus,
1042 2498 1129 2535 loco
1150 2496 1338 2550 υπαίθρῳ
1357 2503 1396 2534 et
1410 2495 1492 2532 sine
1511 2507 1717 2534 murorum

274 2547 450 2586 obicibus
471 2535 678 2600 perflabili,
706 2551 905 2590 notionem
932 2529 1038 2604 aptid
1058 2552 1216 2590 Latinos
1234 2558 1385 2590 veteres
1403 2549 1567 2599 habuit,
1595 2550 1719 2600 signi-

275 2603 395 2641 ficans
427 2602 612 2643 nimirum
641 2611 794 2656 partem
817 2606 970 2644 aedium
999 2607 1157 2645 structis
1182 2605 1290 2644 omni
1315 2619 1365 2645 ex
1389 2612 1502 2658 parte
1527 2606 1716 2644 lateribus

275 2672 477 2697 murorum
493 2666 533 2701 et
550 2659 721 2711 laqueari
742 2674 910 2712 superne
927 2662 1112 2713 imposito
1130 2668 1353 2713 protectam.
1390 2661 1497 2699 unde
1518 2661 1715 2700 Ausonius

274 2714 315 2751 in
339 2703 508 2754 Mosella
525 2716 709 2768 laqueati
735 2716 964 2755 adiunctum
993 2719 1099 2755 atrio
1127 2723 1259 2769 aptat3
1288 2723 1329 2756 et
1353 2717 1540 2769 Apuleius
1569 2716 1719 2755 descri-

274 2769 400 2809 heudo
421 2771 562 2810 atrium
582 2771 709 2824 regiae
724 2771 906 2827 Psyches,
925 2786 1085 2813 summa
1105 2773 1187 2812 eius
1211 2773 1421 2826 laquearia
1440 2774 1539 2811 citro
1558 2780 1594 2811 et
1610 2772 1718 2810 ebora
1762 2801 1766 2803 μ
