1858 3126
252 157 352 206 734·
640 155 953 200 OBSERVAT.
981 156 1293 202 PACHYMER.

251 264 417 321 σημεῖόν
434 267 539 314 iuves·
556 268 637 307 τῶν
653 263 1018 320 μικροθαυμᾶστων
1033 263 1250 320 ὖπὲλαβον.
1285 265 1398 320 quod
1411 263 1600 308 dicturus
1617 268 1712 321 (ait)

251 339 362 375 sum,
403 322 572 376 quidam
604 325 747 375 ingens
772 331 1004 375 portentum
1030 331 1306 375 putaverunt,
1344 326 1553 364 inventum
1578 341 1714 378 nempe

251 395 331 420 esse
358 382 401 418 in
429 394 550 418 sacra
574 379 722 431 pyxide
741 394 893 431 panem
926 388 1202 418 consecratum
1224 381 1516 432 putrefactum.
1565 396 1715 434 panem

250 445 387 475 antem
418 438 539 487 longo
570 450 666 475 aevo
685 444 910 489 putrescere
943 439 1108 474 minime
1135 439 1287 475 mirum
1315 445 1383 476 est.
1440 439 1635 476 nimirum
1668 440 1714 477 in

244 497 351 545 festo
384 494 653 542 Palmarum,
693 508 772 545 qno
804 493 870 531 die
893 494 1230 545 inaugurahatur
1252 493 1495 545 patriarcha
1526 494 1714 547 Qyprins,

248 565 340 588 enm
368 548 416 587 de
441 564 547 588 more
568 552 747 600 fuissent
776 551 996 588 consecrati
1014 565 1143 602 panes
1171 564 1218 588 cx
1251 550 1402 602 quibus
1432 549 1594 600 deinde,
1634 565 1714 603 quo

249 610 332 646 ritu
345 622 420 658 per
442 608 710 659 insequentem
733 606 1028 644 hebdomadam
1050 609 1125 656 fas
1148 614 1228 656 est,
1258 621 1379 645 sacra
1397 621 1442 645 ex
1452 601 1716 658 praescindi-⁵

237 666 385 716 ficati-s
415 662 527 701 dicta
552 663 863 712 celebrarentur,
896 665 1067 714 contigit
1097 677 1199 701 casu
1228 662 1405 714 quodam
1427 665 1540 714 feria
1563 670 1715 715 quarta

249 722 420 759 maioris
443 718 721 757 hebdomadae
739 734 902 758 sacrum.
923 734 964 757 eo
987 719 1051 758 die
1061 721 1161 771 fieri
1180 721 1348 758 solitum
1366 734 1411 758 ex
1421 720 1715 771 praesanctifi-

249 779 354 816 oatis
374 778 518 816 omitti.
577 776 683 814 unde
700 775 972 815 consumenda
986 791 1060 828 per
1075 775 1196 824 illud,
1225 779 1264 814 si
1281 778 1356 814 rite
1366 784 1577 828 peractum
1585 776 1714 828 soret,

243 835 370 887 panis
397 835 620 870 consecrati
642 833 860 884 particula
886 835 932 870 in
959 847 1080 871 sacra
1096 831 1246 884 pyxide
1269 833 1414 871 relicta
1434 840 1491 871 eet
1511 846 1640 884 usque
1655 831 1718 870 ad

252 889 500 928 dominicam
521 890 695 941 Tyrinen
720 897 907 928 vocatam
927 891 1171 942 insequentis
1190 891 1302 929 anni.
1358 903 1443 942 qua
1457 888 1523 927 die
1545 903 1639 927 cum
1656 887 1716 926 ad

254 961 371 985 aram
403 945 591 984 sacerdos
604 948 771 996 faciens·
800 961 928 984 novas
947 948 1167 984 consecrati
1184 948 1312 997 panis
1329 946 1560 997 particulas
1580 944 1716 983 indere

256 1017 398 1041 sacrae
420 1001 567 1055 pyxidi
590 1002 763 1052 deberet,
793 1004 936 1054 reperit
963 1005 1009 1040 in
1031 1018 1078 1040 ea
1098 1003 1378 1054 putrefactum
1397 1004 1507 1040 tanti
1527 1003 1716 1053 temporie

258 1074 393 1106 mora,
423 1061 495 1111 qni
514 1061 550 1097 ei
570 1074 677 1097 anno
695 1061 896 1110 superiori
900 1061 1046 1109 fuerat
1068 1058 1226 1097 inclitas
1241 1089 1253 1108 ,
1283 1073 1446 1097 sacrum
1458 1072 1622 1110 panem.
1677 1064 1715 1096 et.

256 1117 332 1155 hoc
370 1130 567 1168 magnum
593 1115 835 1167 prodigium
864 1115 1034 1168 quidam
1059 1129 1196 1167 parva
1225 1116 1418 1152 mirantes
1448 1121 1714 1166 putauerunt.

257 1173 449 1211 hactenus
481 1172 550 1211 hic
578 1172 799 1220 breviator,
830 1173 942 1211 cuius
968 1172 1012 1210 in
1042 1171 1199 1222 negotio
1221 1178 1404 1223 suscepto
1420 1171 1628 1210 tractando
1647 1183 1714 1209 se-

260 1242 381 1269 curae
401 1228 596 1268 libertatis
615 1229 692 1267 hoc
710 1230 909 1281 specimen
926 1228 1041 1278 habe,
1062 1228 1211 1277 lector;
1240 1227 1282 1266 in
1298 1241 1376 1279 quo
1395 1227 1430 1266 si
1446 1227 1578 1266 minus
1593 1226 1717 1265 fidam

259 1287 480 1337 epitomen,
511 1292 616 1324 certe
634 1299 717 1324 non
741 1286 978 1324 immeritam
997 1298 1201 1323 censuram
1226 1285 1352 1323 nostri
1368 1283 1447 1323 hoc
1465 1284 1558 1323 loco
1584 1282 1714 1323 histo-

255 1342 332 1382 rici
353 1342 529 1392 videbis,
557 1342 629 1382 nec
652 1355 932 1394 usquequaque
950 1341 1216 1394 improbabis,
1245 1346 1292 1380 ut
1311 1341 1483 1393 opinor„

366 1436 408 1474 p.
426 1421 480 1464 85
500 1435 539 1461 v.
561 1424 626 1463 17.
687 1422 742 1459 De
760 1420 1011 1460 veneratione
1029 1420 1258 1471 angelorum
1281 1420 1377 1459 feria
1394 1418 1512 1458 tertia
1533 1416 1712 1456 cuiusvis

255 1477 525 1516 hebdomadae
554 1492 575 1515 a
596 1477 1043 1529 constantinopolitanis
1067 1477 1256 1515 celebrari
1275 1476 1390 1515 solita
1406 1474 1592 1528 populari
1608 1486 1714 1512 con-

253 1547 374 1572 cursu
410 1535 460 1571 ad
494 1540 644 1584 partein
677 1535 881 1572 dexteram
904 1534 1037 1571 altaris
1059 1534 1195 1586 templi
1217 1535 1256 1575 S.
1274 1532 1465 1586 Sophiae,
1491 1531 1584 1571 vide
1613 1541 1713 1582 quae

253 1596 402 1628 annoto
425 1590 467 1627 in
487 1590 687 1628 Glossario
710 1590 829 1628 verbo
849 1588 1021 1642 ‘Odayoi-

112 1676 140 1711 Ρ
162 1675 230 1711 524
364 1682 406 1721 p.
426 1670 480 1711 87
499 1680 539 1706 v.
557 1668 624 1709 25.
682 1668 831 1705 Irenen.
888 1667 963 1705 suit
979 1667 1078 1705 haec
1094 1680 1209 1706 soror
1226 1664 1464 1704 Marchionis
1479 1662 1713 1703 Montisfer-

254 1724 333 1764 rati
365 1726 408 1763 in
441 1724 656 1775 Subalpina
685 1724 870 1774 1·egione;
905 1724 969 1761 cui
996 1724 1110 1761 ctiam
1131 1723 1271 1761 deinde
1289 1722 1373 1761 sine
1395 1720 1529 1760 liberis
1554 1725 1712 1759 mortuo

254 1782 361 1820 filius
379 1780 598 1820 Andronici
619 1793 670 1819 ex
686 1779 766 1819 hoc
788 1779 964 1818 secundo
984 1786 1101 1818 natus
1118 1778 1302 1830 coniugio
1314 1807 1327 1830 ,
1355 1783 1401 1817 ut
1423 1782 1560 1831 postea
1575 1781 1713 1816 noster

256 1838 393 1888 docet,
424 1838 512 1876 iure
530 1843 708 1876 materno
731 1837 930 1875 successit.

371 1919 412 1957 p.
424 1908 478 1948 93
497 1919 536 1944 v.
550 1907 614 1947 10.
673 1919 700 1942 a
718 1906 886 1942 cunctis.
943 1903 1080 1942 cuncti
1101 1901 1288 1941 nimirum
1310 1900 1378 1953 qui
1396 1900 1574 1950 aderant,
1592 1912 1718 1953 prae-‚

258 1969 319 2002 ter
346 1961 518 2000 Veccum
552 1968 591 2000 et
619 1960 940 2010 archidiaconos,
970 1958 1266 2013 praeoccupatis
1291 1958 1499 1996 schismate
1519 1963 1560 1996 et
1578 1970 1713 1996 errore

261 2019 401 2057 animis
428 2018 654 2056 iudicabant
689 2018 736 2056 de
768 2017 964 2070 praesenti
989 2016 1282 2056 controversia:
1311 2015 1424 2054 aliter
1448 2014 1553 2053 enim
1583 2026 1716 2054 num-

261 2089 378 2126 quam
395 2074 534 2112 valide
551 2082 588 2112 et
605 2074 918 2112 ineluctabiliter
936 2073 1150 2125 disputata
1169 2071 1432 2120 censuissent,
1460 2083 1562 2122 quae
1579 2069 1714 2109 Theo-

261 2131 386 2169 dorus
404 2131 556 2169 Muzalo
578 2131 645 2169 hic
665 2132 838 2170 refertur
853 2131 1067 2183 protulisse
1082 2142 1243 2182 prorsus
1264 2123 1465 2168 ἇσύστατα
1489 2133 1529 2165 et
1546 2139 1627 2165 sese
1643 2125 1714 2164 in-

259 2187 384 2225 vicem
412 2187 664 2228 destruentia.
722 2188 801 2225 duo
823 2187 927 2226 enim
947 2187 1143 2232 affirmat,
1173 2185 1309 2237 prius,
1342 2197 1384 2223 se
1404 2195 1613 2235 agnoscere
1635 2194 1711 2234 pro

258 2256 352 2282 vera
384 2244 609 2282 Damasceni
639 2244 869 2282 sententiam
900 2258 922 2281 a
955 2244 1083 2281 Vecco
1110 2242 1337 2291 allegatam,
1366 2254 1442 2291 qua
1457 2239 1490 2278 is
1506 2240 1546 2277 S.
1567 2238 1712 2276 doctor

260 2299 432 2337 affirmat
449 2308 609 2351 patrem
631 2315 712 2336 esse
727 2299 1011 2351 productorem
1025 2314 1099 2351 per
1117 2298 1277 2336 verbum
1296 2294 1560 2334 enuntiatorii
1575 2293 1712 2344 8ρίνὺ-

259 2363 351 2403 tus,-
381 2356 570 2404 alterum,
600 2370 641 2394 se
665 2363 794 2394 tamen
825 2371 907 2394 non
935 2357 1138 2395 admittere
1166 2355 1366 2405 Spiritum
1387 2365 1463 2403 per
1487 2349 1649 2389 verbum
1673 2355 1711 2386 et

250 2412 394 2463 filium
413 2413 608 2461 originem
627 2426 671 2448 ex
683 2420 803 2463 patre
820 2413 984 2451 trahere.
1040 2411 1150 2462 atqui
1168 2410 1266 2447 citra
1284 2409 1405 2446 ullam
1424 2405 1713 2446 dubitationem

261 2474 332 2517 est,
353 2467 540 2517 originem
562 2468 754 2518 passivam
775 2482 824 2506 ex
842 2482 966 2520 aequo
985 2466 1224 2519 respondere
1244 2464 1386 2515 origini
1406 2461 1577 2510 activae3
1607 2461 1710 2500 unde

259 2524 329 2576 qui
354 2523 528 2562 admittit
553 2524 659 2561 istud
689 2531 881 2562 assertum
903 2523 1099 2576 producit
1116 2528 1234 2574 pater
1245 2534 1319 2571 per
1328 2519 1474 2570 filium
1495 2519 1708 2567 Spiritum,

260 2580 421 2618 nonnisi
447 2593 538 2618 cum
559 2579 839 2617 absurdissima
858 2578 1180 2629 inconsequentia
1200 2588 1337 2626 negare
1359 2580 1487 2626 potest
1505 2573 1582 2612 hoc
1601 2573 1719 2611 aliud>

260 2638 442 2688 Spiritus
459 2638 629 2674 Sanctus
644 2634 889 2686 producitur
910 2650 937 2673 a
950 2643 1070 2687 patre
1084 2648 1158 2685 per
1164 2633 1319 2683 filium.
1367 2630 1564 2682 quomodo
1591 2629 1713 2680 igitur,

259 2700 341 2731 tam
377 2694 582 2731 manifesta
614 2688 887 2744 ἄσυλλογιστία
919 2693 1102 2744 plausum
1131 2703 1151 2726 a
1176 2687 1329 2726 cunctis
1361 2685 1602 2725 adstantibus
1629 2698 1711 2724 me·-

259 2749 372 2787 ruit'?
403 2750 477 2788 nisi
507 2748 614 2800 quod
639 2748 906 2800 praeiudicato
929 2761 1046 2786 sensu
1064 2744 1266 2797 sapiebant
1286 2750 1325 2782 et
1345 2743 1487 2781 similes
1513 2741 1719 2782 habebant:

259 2804 371 2844 labra
398 2807 583 2846 lactucas.
640 2818 758 2857 quam
787 2817 884 2844 mox
911 2802 1089 2855 adiungit
1114 2801 1269 2841 Muzalo
1298 2799 1399 2840 dicti
1417 2799 1481 2839 sui
1501 2798 1718 2846 rationem‚·
