1774 3120
264 213 324 260 18
683 209 922 256 GEORGII
948 210 1301 256 PAcHYMERIS

259 329 420 383 ἀναζεΐν
438 332 586 372 πεῖθον
608 327 674 369 καὶ
695 325 767 369 τὸν
787 324 930 368 εὔνουν
951 323 1220 378 ἀποστατεῖν,
1257 323 1386 368 αὐτὸν
1402 326 1448 368 δὲ
1465 323 1556 370 νέον
1572 327 1630 376 εἷς
1647 325 1726 383 ἄρ·-

254 400 334 454 χὴν
361 394 666 450 καθιστάμενον
694 393 872 450 ἀνάγκην
900 393 999 449 ἔχειν
1029 394 1077 438 τὸ
1111 393 1319 450 ἀνορμοῦν
1346 395 1630 438 καταστέλλειν
1655 395 1729 439 καί

255 484 300 523 γε
332 467 407 515 τὰς
434 463 625 521 γνώμας,
665 460 852 506 καθόσον
884 462 991 516 ἔστι,
1035 467 1119 505 τῶν
1147 461 1455 516 ὑποδεξομένων
1485 465 1721 520 ἐξημεροῦν.

253 534 434 584 πολλοὺς
453 533 498 576 δ’
519 530 680 576 ἀκούειν
700 533 912 586 σχίζεσθαι
932 533 1000 574 καὶ
1028 528 1230 586 μεγάλους
1249 532 1625 587 προφασιζομένους
1647 532 1723 587 τὴν

253 608 333 646 τοῦ
357 601 508 659 Ἰωσὴφ
538 597 799 655 ἀναχώρησιν
830 601 898 642 καὶ
924 599 972 642 τὸ
1004 597 1235 643 σκάνδαλον
1268 598 1290 642 ὃ
1310 599 1361 654 δὴ
1380 597 1538 656 πρωὶζά
1556 600 1756 655 ξυνέβη,5

203 686 235 720 Β
260 671 333 721 οὓς
351 675 540 726 παρορᾶν
569 669 675 724 μηδ’
704 668 809 718 ὅλως
831 667 1046 725 ξυμφέρειν
1063 669 1206 711 νεωστὶ
1221 672 1511 723 μοναρχοῦντι.
1579 670 1646 711 καὶ
1668 668 1720 723 δὴ

254 742 322 782 καὶ
346 739 413 782 ἐπ’
438 738 550 797 αὐτῷ
567 754 608 794 γε
636 738 828 793 μεγίστην
849 738 1135 794 πληροφορίαν
1165 736 1266 791 ἔχειν
1288 734 1450 792 ἀγάπης
1469 731 1518 791 ἧς
1535 735 1623 793 ᾔδει
1645 741 1721 791 τῆς
1764 788 1774 799 ο

253 808 336 851 ἀπ’
370 808 518 850 ἐκείνου
547 806 649 863 πρὸς
679 804 848 859 ἔαυτόν,
894 806 952 860 μὴ
979 803 1106 859 μόνον
1127 801 1379 861 πατριάρχου
1409 805 1530 860 τιμὴν
1552 803 1658 847 ἀλλά
1675 822 1720 862 γε

247 877 297 932 δὴ
321 878 387 918 καὶ
409 875 513 930 ζωὴν
537 874 666 928 αὐτὴν
685 873 787 930 ὑπὲρ
813 878 888 916 τοῦ
907 874 1109 927 βασιλέως
1135 878 1356 930 προεῖσθαι
1385 875 1452 915 καὶ
1472 878 1545 928 τῆς
1565 875 1718 917 ἐκείνου

246 943 496 994 συστάσεως.
569 943 704 992 ἄλλως
732 942 869 997 μέντοι
896 943 1002 997 μηδὲ
1030 946 1159 997 χολᾶν
1201 942 1348 994 ἀξιῶν,
1403 941 1533 995 αὐτὴν
1565 943 1716 998 ἐκείνην
1730 955 1774 990 10

245 1015 321 1068 ’τὴν
342 1011 504 1069 ἀγάπην
536 1010 586 1066 ἣν
609 1011 697 1068 ᾔδει
728 1013 794 1053 καὶ
816 1011 890 1066 τὴν
916 1011 1036 1066 τιμὴν
1068 1012 1212 1061 ἕξοντα
1246 1009 1354 1067 παρ’
1383 1010 1537 1063 αὐτοῦ,
1585 1013 1620 1053 εἷ
1649 1012 1718 1053 καὶ

250 1082 375 1131 ἄλλος
402 1085 477 1136 τῆς
510 1081 723 1135 ἐκκλησίας
746 1077 1034 1135 προστήσεται.
1083 1081 1150 1121 καὶ
1176 1083 1310 1122 ταῦτα
1335 1079 1410 1133 μέν
1434 1078 1606 1133 ,πέμπων
1644 1079 1717 1122 τὸν

199 1158 230 1192 C
255 1147 567 1204 ΖΠελιτηνιώτην
589 1147 886 1204 χαρτοᾳπύλακα
911 1150 977 1190 καὶ
998 1145 1283 1204 ἀρχιδιάκονον
1301 1151 1470 1203 θερμῶς
1491 1147 1566 1203 τὴν
1588 1146 1717 1204 ἀνάγ-

248 1237 323 1274 κην
347 1219 604 1274 ἀπελογεῖτο,
646 1219 800 1259 ἐκεῖθεν
824 1218 868 1259 δὲ
888 1214 1284 1271 συνδιανυκτερεύων
1301 1215 1523 1275 τῷἸωσὴφ
1543 1217 1610 1258 καὶ
1629 1213 1716 1266 τὀἴς

248 1290 339 1345 περὶ
364 1289 512 1330 ἐκεῖνον
533 1286 606 1341 τὴν
630 1287 684 1335 εἷς
705 1285 751 1328 τὸ
774 1292 1058 1342 πατριαρχεΐον
1076 1286 1340 1341 προκαθίστα
1361 1282 1576 1339 ἀνάβασιν.
1725 1295 1771 1332 15

148 1366 176 1401 P
201 1366 223 1400 9
386 1354 432 1400 4.
495 1353 545 1397 ‘O
574 1355 647 1408 μὲν
676 1350 749 1397 οὖν
771 1352 964 1408 Ἰωάννης
991 1355 1057 1396 καὶ
1083 1353 1217 1403 ἄλλως
1237 1352 1366 1403 εὐθὺς
1386 1351 1467 1406 ὤν,
1503 1352 1562 1395 ἔτι
1581 1352 1715 1395 δὲκαὶ

245 1430 320 1481 τῆς
340 1429 414 1467 τοῦ
441 1422 696 1480 πατριάρχου
726 1427 846 1480 τιμῆς
877 1419 1075 1481 ἐπικόρως
1105 1421 1231 1477 ἔχων,
1269 1419 1324 1472 ὥς
1342 1418 1537 1476 πολλάκις
1559 1423 1627 1465 καὶ
1645 1421 1714 1465 λε’-

244 1538 317 1569 tate
338 1532 494 1566 firmandi
519 1530 596 1566 novi
626 1531 844 1576 principatus.
889 1543 965 1566 nam
997 1531 1223 1567 effervescere
1245 1543 1334 1566 nunc
1355 1541 1455 1577 quam
1481 1541 1630 1577 unquam
1653 1542 1712 1566 ae-

243 1579 394 1615 stuosius
417 1578 529 1622 sopita
553 1582 652 1622 patre
674 1579 812 1611 vivente
835 1578 948 1612 studia
972 1578 1117 1623 partium
1149 1577 1225 1623 paci
1248 1577 1455 1612 constitutae
1478 1577 1711 1619 adversarum,

243 1626 398 1668 adeoque
419 1624 631 1657 invalescere
654 1624 859 1664 scandalum,
883 1629 922 1658 ut
945 1625 1050 1658 bonos
1074 1624 1175 1658 etiam
1194 1630 1230 1658 et
1252 1629 1375 1658 natura
1397 1623 1560 1668 placidos,
1588 1624 1711 1662 nedum

241 1670 444 1715 impotentes
466 1681 506 1702 ac
523 1670 748 1714 praefractos,
773 1670 904 1703 resilire
927 1682 969 1704 ac
990 1670 1158 1704 rebellare
1179 1669 1291 1715 palam
1315 1674 1427 1714 cogat.
1472 1669 1614 1703 Abunde
1636 1680 1711 1704 ma-

241 1718 317 1761 gnis
338 1716 503 1760 agitatum
527 1715 674 1748 motibus
696 1714 872 1760 imperium
895 1717 1091 1760 pervenisse
1113 1716 1156 1750 ad
1183 1727 1240 1759 se,
1270 1718 1310 1749 ut
1340 1715 1387 1750 sit
1418 1714 1487 1760 ipsi
1509 1720 1628 1749 tenera
1648 1726 1710 1749 ae-

240 1767 316 1796 tate
340 1773 480 1805 reguum
509 1760 699 1805 auspicanti
731 1761 818 1794 omni
843 1761 1023 1795 sedulitate
1051 1761 1321 1807 praecavendum
1343 1773 1387 1795 ne
1408 1759 1504 1795 novis
1527 1765 1710 1807 praeterea

238 1808 398 1854 procellis
422 1806 553 1841 misceri
574 1806 813 1851 rempublicam
837 1807 1022 1851 contingat.
1057 1807 1092 1841 id
1116 1807 1206 1841 haud
1229 1806 1332 1841 dubie
1353 1807 1502 1841 futurum
1524 1807 1600 1848 nisi,
1622 1818 1710 1852 qua-

238 1858 339 1897 tenus
361 1854 414 1887 sas
438 1855 502 1891 est,
527 1863 547 1885 a
570 1863 608 1886 se
630 1852 833 1886 deliniantur
856 1853 955 1887 animi
978 1853 1156 1887 multorum
1177 1852 1329 1898 inquiete
1360 1851 1562 1887 inhiantium
1595 1855 1707 1886 muta-

237 1899 322 1933 tioni
356 1911 397 1933 ac
431 1896 554 1932 turbis.
599 1898 790 1942 intelligere
824 1910 862 1933 se
894 1898 1035 1933 vocibus
1068 1899 1247 1933 multorum
1279 1898 1416 1933 efferari
1446 1898 1626 1945 plerosque
1648 1909 1707 1932 re-

237 1945 395 1980 dactione
420 1944 456 1978 in
489 1943 639 1978 ordinem
662 1944 816 1989 Iosepffi,
850 1956 950 1990 quem
982 1956 1101 1979 verum
1132 1945 1243 1979 adhuc
1274 1957 1350 1979 esse
1381 1945 1609 1990 patriarcham
1643 1955 1707 1980 aub

237 1996 393 2032 tumant,
427 1993 463 2024 et
494 1986 531 2023 vi
565 1991 658 2024 aiunt
688 1990 815 2024 iniusta
846 1988 1018 2036 prohiberi
1048 1992 1091 2024 ab
1121 1991 1309 2026 exercendo
1332 1990 1497 2025 ecclesiae
1520 1989 1708 2033 regimine3

237 2037 329 2070 unde
352 2042 461 2070 ortum
486 2037 692 2070 contendunt
726 2036 817 2081 quod
849 2047 956 2081 nuper
988 2036 1104 2071 extitit
1131 2037 1345 2078 scandalum,
1377 2035 1644 2082 tranquillitate,
1675 2037 1706 2070 si

237 2083 360 2115 throno
383 2082 437 2115 ille
461 2082 675 2123 restituatur,
699 2082 816 2116 statim
835 2081 924 2116 ultro
949 2082 1112 2116 reditura.
1157 2082 1247 2117 haud
1279 2081 1344 2117 sibi
1371 2093 1447 2117 esse
1467 2089 1577 2117 tutum
1599 2082 1636 2116 in
1650 2085 1707 2118 te-

235 2127 330 2161 neris
353 2127 458 2160 initiis
480 2127 611 2172 imperii
634 2128 807 2173 negligere
828 2133 882 2162 tot
905 2128 1046 2163 istorum
1074 2139 1115 2163 ac
1136 2135 1205 2162 tam
1229 2131 1404 2174 potentum
1427 2128 1534 2163 minas
1555 2139 1706 2174 appara·-

218 2177 360 2216 .tusque
394 2173 595 2207 novitatum.
642 2174 879 2208 exarmandam
900 2174 982 2218 *sibi
1014 2185 1091 2208 esse
1121 2175 1301 2209 factionem
1331 2174 1494 2209 demendo
1525 2177 1706 2220 praetextu

236 2217 432 2259 schismati,
463 2219 494 2252 si
528 2219 711 2262 periculum
736 2220 1044 2265 praesentissimum
1078 2220 1256 2255 amittendi
1277 2219 1489 2266 principatus
1512 2219 1597 2255 velit
1616 2218 1705 2254 effu-

236 2275 330 2308 gere.
377 2264 476 2309 plane
507 2264 679 2299 considere
710 2277 748 2299 se
780 2278 824 2300 ex
850 2271 1032 2312 perspecta
1060 2267 1195 2301 Ioannis
1218 2267 1252 2301 in
1274 2278 1351 2301 sese
1369 2267 1524 2306 caritate,
1547 2270 1704 2310 paratum

235 2321 312 2344 eum
336 2321 396 2354 pro
421 2321 483 2343 sua
503 2306 720 2354 imperatoris
752 2307 909 2346 incolumi
942 2311 1127 2347 securitate
1149 2324 1214 2347 non
1238 2312 1336 2346 modo
1356 2311 1705 2356 patriarchalem‘pa-

235 2354 318 2389 cisci
350 2355 571 2399 dignitatem,
606 2356 667 2389 sed
698 2355 802 2391 vitam
831 2370 968 2403 quoque
997 2359 1106 2404 ipsam
1133 2358 1353 2404 prosuudere.
1397 2368 1462 2391 nec
1494 2368 1577 2392 vero
1598 2369 1704 2403 aegre

233 2398 329 2435 ferre
361 2406 421 2435 aut
450 2398 621 2445 indignari
652 2401 778 2436 debere
808 2402 918 2447 ipsum
949 2405 1039 2449 quod
1072 2409 1141 2438 tam
1162 2400 1363 2438 necessariis
1381 2402 1426 2437 de
1449 2403 1559 2437 causis
1579 2404 1702 2439 throno

234 2446 404 2491 tantisper
436 2446 559 2480 cedere
591 2454 753 2491 cogatur;
791 2448 844 2481 cui
875 2448 994 2493 utique
1025 2450 1209 2495 imperator
1242 2448 1408 2494 spondeat
1439 2449 1519 2502 pari
1550 2448 1640 2494 apud
1662 2461 1703 2485 se

233 2495 367 2536 gratiae
390 2492 463 2525 loco
487 2504 528 2526 ac
551 2492 658 2538 prius,
682 2490 757 2537 pari
779 2493 1026 2528 existimatione
1047 2507 1089 2529 ac
1113 2494 1308 2539 dignatione
1331 2493 1480 2536 honoris,
1502 2495 1560 2529 ubi
1581 2495 1624 2530 ad
1647 2496 1702 2531 vi-

232 2543 302 2571 tam
326 2537 494 2583 privatam
516 2538 660 2572 redierit
681 2541 842 2580 futurum,
860 2542 1042 2584 utcumque
1064 2541 1149 2574 alius
1171 2551 1232 2585 pro
1255 2551 1296 2574 eo
1319 2539 1482 2574 ecclesiae
1504 2542 1701 2585 praesectu-

232 2593 306 2618 ram
330 2587 439 2628 gerat.
475 2584 561 2617 haec
583 2595 645 2628 per
669 2583 963 2628 chartophylacem
984 2583 1226 2619 Meliteniotem
1249 2587 1286 2619 et
1307 2585 1577 2621 archidiaconum
1601 2587 1702 2622 iussit
1767 2595 1774 2628 ,¹

231 2629 446 2663 Andronicus
470 2640 490 2662 a
512 2639 551 2664 se
574 2629 758 2664 renuntiari
781 2628 906 2672 Vecco‚
929 2630 1059 2664 solicite
1080 2632 1316 2665 necessitatem
1338 2642 1502 2666 excusans
1525 2643 1614 2677 quae
1634 2632 1701 2679 ipsi
1769 2650 1774 2667 ι

230 2673 303 2709 tale
326 2670 515 2716 consilium,
550 2678 589 2708 ut
620 2675 752 2716 aiebat,
789 2681 1011 2720 extorqueret
1030 2674 1242 2711 invitissimo.
1288 2676 1424 2711 interim
1446 2677 1522 2722 ipse
1543 2688 1700 2722 magnam
1767 2694 1774 2708 ε

230 2720 379 2754 noctium
401 2724 533 2765 partem
557 2732 630 2754 cum
654 2721 798 2766 Iosepho
821 2725 858 2755 et
883 2721 957 2756 eius
978 2722 1138 2756 studiosis
1159 2722 1363 2767 transigens,
1383 2719 1501 2757 sedulo
1525 2723 1699 2760 consulta-

230 2766 292 2800 bat
315 2777 383 2811 qua
406 2766 534 2812 optime
556 2766 691 2800 ratione
712 2767 770 2800 ille
791 2767 911 2811 reponi
934 2767 1088 2802 thronum
1110 2767 1147 2802 in
1168 2767 1432 2814 patriarchalem
1456 2773 1583 2814 posset.

321 2813 353 2846 4.
400 2812 545 2846 Ioannes
567 2823 688 2858 porro,
722 2812 782 2858 qui
815 2816 851 2846 et
874 2813 1007 2847 aliunde
1029 2817 1146 2848 rectus
1179 2819 1290 2857 esset,
1320 2825 1487 2860 quemque
1514 2818 1698 2861 praeterea
1759 2852 1766 2861 t

228 2857 334 2893 satias
356 2857 423 2893 iam
445 2857 593 2905 cepisset
613 2858 852 2904 patriarchalis
872 2856 1022 2904 honoris,
1036 2864 1076 2895 ut
1096 2871 1201 2906 saepe
1223 2859 1325 2896 dictis
1348 2861 1515 2908 factisque
1538 2861 1695 2897 ostende—
