1858 3126
579 145 681 189 ιιΒ.
713 144 747 188 1.
817 140 1173 186 GLossARnffl.
1493 136 1592 183 683
1623 119 1626 123 ’

158 255 189 304 ὁ
230 253 242 270 ’
272 254 332 298 ἕπε’
357 269 406 297 ου
434 250 508 296 τού

158 272 270 365 ozie
293 271 404 360 ⁹529,
437 306 534 351 ὥστ’
565 309 691 350 εἰπεῖν
717 305 921 361 μειδιάσας
942 306 1010 346 καὶ
1029 303 1304 357 &nortmannie
1332 299 1593 355 ἐρυθήματος,
1614 307 1644 343 P
1665 308 1733 344 480

158 365 213 410 <rii
228 369 290 416 τίς
306 383 369 408 τοι
383 363 484 415 θεός
505 365 605 417 εἶμι,
621 377 725 403 ⁴cum
746 364 788 402 in
805 364 932 416 primo
953 369 1156 400 cruentam
1179 360 1430 408 rubedinem,
1457 359 1501 396 in
1528 359 1595 396 al·-

158 429 244 463 tem
262 422 527 463 verecundum
546 421 726 459 ruborem
744 419 870 469 faciei,
893 418 1104 457 coniuncta
1121 431 1208 456 cum
1225 415 1419 457 vocabulo
1438 409 1594 466 εΰφυῆς

158 479 312 519 videret
326 507 338 527 ,
365 477 467 516 illud
495 477 536 515 in
550 490 633 515 -sua
658 475 873 527 scriptione
897 474 1093 527 posuisse,
1124 474 1252 511 animo
1272 470 1473 511 indicandi
1494 483 1597 509 con-

159 534 343 587 spicuum
368 533 547 572 ardorem
570 533 704 571 vultus
721 530 941 582 flagrantis,
971 529 1125 581 qualem
1140 529 1185 567 in
1203 530 1349 567 Ioanne
1367 526 1523 565 Laacari
1545 539 1597 566 ex

158 590 294 630 cordis
307 588 636 637 inflammatione,
665 594 710 626 ut
728 586 931 636 credebat,
961 591 1093 623 ortum
1113 586 1401 623 observaverat.

160 680 164 682 .
271 645 570 692 Ζευξίππου
599 638 807 695 φυλακή
840 641 1112 693 vol.Ip.619
1132 654 1170 679 v.
1192 643 1230 681 9.
1287 637 1600 691 agitdeLatinis

160 700 286 754 captis
303 701 354 739 ad
371 699 607 750 Bellagrada‚
636 713 734 750 quos
756 697 1134 749 Constantinopolim
1153 696 1290 734 ductos
1306 702 1345 734 et
1363 695 1447 733 illic
1466 701 1602 733 osten-

159 762 263 795 utos
285 756 410 808 plebi,
443 755 584 794 deinde
599 756 654 793 ait
669 754 881 792 historicus
898 754 940 791 in
962 752 1071 791 hunc
1090 765 1205 804 quem
1226 757 1373 790 vocant
1400 753 1475 802 τῆς
1495 754 1599 790 Ζευ-

160 813 309 861 §iunctm
327 811 521 863 Zeuxippi
541 824 733 848 carcerem
751 810 868 848 fuisse
891 809 1108 847 conclusos.
1137 808 1293 847 nullum
1312 806 1396 845 vidi
1416 807 1603 844 idoneum

510 269 556 310 τῃ
586 256 638 310 τῇ
664 251 908 307 προσηγορίᾳ
934 247 1218 302 (φιλοσόφου)
1247 243 1437 301 φράσειεν
1455 242 1509 287 ἄν
1531 240 1597 288 eni-

161 874 359 907 auctorem
383 868 451 919 qui
471 867 592 905 fuisse
616 865 954 916 Constantinopoli
977 877 1172 904 carcerem
1196 864 1255 901 sic
1278 863 1429 902 dictum
1450 862 1601 907 doceat.

160 923 380 976 Procopius
407 923 437 962 l.
459 926 480 964 1
510 923 559 961 de
585 923 680 960 Bell.
698 923 804 966 Pers,
820 936 860 974 p.
877 924 932 964 70
955 921 1015 959 ed.
1035 922 1127 971 Reg.
1147 926 1185 958 et
1202 920 1229 958 l.
1249 919 1341 958 item
1362 923 1383 960 1
1409 918 1459 957 de
1473 917 1601 957 Aedis.

160 982 272 1032 1³.ae
301 979 513 1032 βαλανείου
541 978 674 1016 balnea·
694 978 852 1029 publici
874 977 1050 1015 meminit
1069 976 1175 1027 quod
1197 974 1220 1015 ὁ
1240 971 1463 1023 Ζεύξιππος
1479 987 1604 1013 voca-

160 1040 283 1075 retur.
338 1033 581 1086 Nicephorus
603 1034 698 1072 item
724 1033 873 1072 Callisti
896 1034 925 1072 l.
946 1035 972 1074 9
995 1046 1029 1071 c.
1047 1035 1074 1075 9
1093 1046 1130 1083 p.
1150 1034 1230 1073 697
1255 1031 1314 1072 ed.
1336 1031 1455 1069 Paris.
1473 1025 1599 1081 δημό-

162 1101 251 1132 σιον
266 1087 434 1143 λουτρὸν
452 1088 667 1141 περιφανές
684 1104 725 1129 τε
741 1089 806 1129 καὶ
826 1088 1019 1141 μέγιστον,
1041 1088 1251 1139 publicum
1274 1087 1486 1124 lavacrum
1504 1099 1602 1123 con-

160 1147 348 1197 spicuam
369 1153 406 1184 et
427 1148 670 1193 maximum,
699 1143 769 1186 τὸν
796 1142 1021 1192 Ζεύξιππον
1051 1144 1171 1182 fuisse
1198 1143 1440 1181 nominatum
1466 1140 1601 1180 tradit.

160 1201 348 1243 Thermas
368 1215 392 1240 a
414 1203 560 1240 Severo
593 1201 771 1239 conditas
788 1200 860 1239 has
881 1201 1012 1238 ferunt
1028 1199 1071 1238 in
1087 1199 1237 1250 templo
1258 1195 1352 1246 Διὸς
1375 1198 1603 1245 Ζευξίππου

162 1257 273 1296 Iovi·
299 1270 418 1308 equos
445 1257 638 1308 iungenu's
666 1271 734 1295 seu
753 1270 874 1295 curru
895 1255 1116 1294 subiunctis
1136 1254 1245 1304 equis
1260 1259 1388 1292 tracto
1405 1253 1600 1302 vehentis,

163 1312 274 1364 quod
304 1313 531 1362 Ζευξίππου
558 1326 640 1351 vox
662 1313 837 1359 indicat,
865 1311 1028 1350 fortasse
1055 1311 1114 1349 sic
1142 1310 1249 1348 dicto
1276 1310 1365 1360 quia
1383 1309 1454 1348 tali
1473 1310 1602 1360 specie

161 1368 314 1420 Iupiter
331 1368 424 1406 olim
443 1368 486 1406 in
507 1381 551 1406 eo
568 1369 715 1419 templo
738 1368 890 1406 effictus
909 1366 1120 1405 videretur.
1177 1378 1228 1404 ex
1245 1365 1370 1404 veteri
1389 1379 1511 1417 porro
1530 1364 1603 1403 illo

162 1425 257 1465 fano
279 1423 519 1463 vocabulum
541 1424 753 1462 recentiori
779 1423 1037 1462 Thermarum
1062 1421 1239 1460 aedificio
1263 1422 1301 1460 ei
1323 1421 1511 1459 adiuncto
1530 1419 1604 1459 ad·

162 1479 331 1520 haesisse
350 1485 526 1532 apparet.
582 1486 715 1530 estque
731 1479 774 1517 id
789 1477 1040 1518 verisimilius
1056 1491 1171 1528 quam
1189 1477 1296 1528 quod
1312 1477 1379 1515 alii
1398 1477 1605 1528 suspican-

162 1541 252 1585 tur,
282 1548 304 1573 a
324 1535 464 1574 Zeuxis
481 1535 644 1586 pictoris
663 1534 829 1583 tabulis,
858 1534 990 1584 quales
1007 1533 1091 1572 illic
1110 1539 1356 1585 prostarent,
1380 1533 1513 1571 locum
1529 1545 1605 1570 no-

162 1590 367 1631 minatum.
422 1590 562 1628 statuis
592 1591 695 1629 enim
727 1596 766 1628 et
794 1590 913 1640 siguis
940 1590 1060 1628 fuisse
1086 1589 1243 1627 videtur
1274 1588 1466 1639 insignior
1488 1601 1606 1639 quam

162 1646 327 1685 tabulis:
354 1646 445 1686 vide
460 1659 560 1697 quae
577 1647 625 1685 de
639 1646 719 1685 loci
737 1645 821 1684 eius
838 1652 979 1684 ornatu
995 1645 1300 1696 exquisitissimo
1318 1645 1477 1694 collegit
1494 1657 1516 1681 e
1534 1656 1606 1681 ve-

162 1701 312 1741 teribus
339 1702 475 1740 Petrus
506 1702 662 1752 Gyllius
686 1703 712 1740 l.
737 1705 764 1743 2
788 1701 839 1739 de
862 1702 1011 1754 Topog.
1030 1702 1232 1740 Constant.
1254 1715 1288 1742 c.
1310 1703 1357 1749 7,
1386 1700 1452 1738 ubi
1478 1698 1607 1750 proli-

163 1770 264 1796 xum
287 1757 447 1796 exhibet
471 1758 689 1808 catalogum
718 1763 935 1795 statuarum
967 1757 1052 1795 illic
1080 1764 1308 1796 erectarum.
1363 1753 1607 1804 frequentari

165 1812 327 1851 solitum
354 1826 549 1851 concursu
575 1814 819 1852 curiosorum
839 1813 990 1850 indicat
1014 1813 1281 1850 Nazianzenus
1310 1815 1407 1848 orat.
1432 1810 1508 1858 25,
1538 1809 1608 1847 ubi

166 1868 414 1918 Zeuxippum
441 1875 647 1919 propterea
680 1875 795 1906 vocat
826 1881 968 1906 novam
1001 1868 1235 1915 Ierusalem,
1265 1864 1373 1917 quod
1400 1865 1549 1916 templo
1580 1878 1604 1902 a

166 1923 212 1966 S.
235 1921 382 1960 Helena
407 1922 452 1960 in
477 1923 654 1961 calvaria
680 1923 839 1961 condito
866 1930 906 1961 et
934 1937 1038 1961 nova
1060 1923 1270 1961 Ierusalem
1294 1926 1438 1958 vocato
1466 1920 1604 1971 splen-

167 1977 265 2016 dore
278 1990 326 2015 ac
342 1977 626 2027 magnificentia
643 1992 726 2016 non
743 1978 908 2016 cederet.
965 1990 1082 2028 quare
1100 1978 1207 2015 solus
1226 1975 1483 2027 Pachymeres
1500 1974 1605 2013 arti-

167 2033 263 2073 culo
290 2033 381 2071 fem.
407 2033 558 2083 generis
595 2036 666 2084 τῆς
695 2034 919 2081 Ζευξίππου
946 2030 1131 2084 φυλακήν
1167 2031 1335 2080 dixerit,
1369 2043 1452 2068 non
1481 2031 1601 2083 plane

167 2087 350 2139 comperi.
405 2088 628 2139 suspicabar
665 2088 945 2140 posterioribus
981 2087 1246 2139 temporibus,
1294 2086 1465 2138 collapsa
1500 2099 1599 2125 aevo

166 2149 282 2196 parte
302 2142 551 2194 antiquarum
572 2143 799 2182 balnearum
826 2143 944 2193 (nam
967 2149 1057 2180 ante
1076 2143 1149 2194 hos
1166 2148 1324 2180 centum
1343 2156 1465 2180 annos
1487 2143 1600 2180 nulla

166 2205 315 2239 restare
338 2198 501 2248 vestigia
519 2198 713 2250 Zeuxippi
733 2204 899 2236 testatur
918 2198 1104 2251 Gyflius)
1133 2198 1275 2236 rudera
1291 2198 1335 2236 in
1356 2194 1486 2238 στωᾶν
1495 2212 1598 2249 por—

168 2257 296 2292 ticum
323 2253 547 2304 efformata,
588 2255 699 2292 iuxta
730 2267 846 2305 quam
875 2253 1010 2304 spatiis
1037 2254 1173 2292 vacuis
1204 2259 1316 2306 septo
1351 2253 1601 2294 circumdatis

167 2309 382 2350 multitudo
406 2309 503 2348 haee
523 2316 729 2362 captorum
748 2309 852 2347 bello
874 2309 1097 2348 Latinorum
1110 2339 1122 2359 ,
1150 2323 1267 2360 quam
1285 2308 1392 2348 urbis
1411 2309 1600 2348 ordinarii

170 2378 347 2404 carceres
365 2365 496 2403 minus
515 2371 698 2417 caperent
710 2393 724 2415 ,
757 2365 942 2402 conclusa
963 2371 1062 2402 tunc
1078 2366 1220 2413 fuerit3
1249 2371 1288 2404 et
1314 2365 1410 2403 haee
1425 2379 1448 2402 a
1465 2372 1603 2403 nostro

169 2422 244 2472 τῆς
263 2421 488 2469 Ζευξίππου
511 2420 705 2472 (subaudi
729 2420 882 2470 στωᾶς)
907 2416 1065 2472 φυλακή
1083 2426 1233 2461 vocata.
1286 2421 1344 2459 sic
1362 2420 1479 2459 hodie
1497 2420 1606 2472 apud

167 2475 396 2525 Algos-ium,
425 2490 474 2515 ex
501 2477 626 2515 veteri
654 2476 718 2516 lol
742 2477 921 2514 caesaria
951 2476 1210 2514 deformatum
1237 2490 1400 2524 nomen,
1427 2490 1449 2513 a
1467 2477 1607 2527 piratis

171 2530 279 2624 {apti
301 2532 574 2572 custodiuntur
602 2534 643 2571 in
671 2532 831 2584 balneo,
858 2532 925 2571 nel
950 2531 1081 2583 hagno
1093 2560 1105 2581 ,
1133 2538 1255 2584 prout
1279 2533 1327 2572 ab
1353 2531 1526 2584 expertis
1544 2531 1605 2569 di-

214 2598 349 2625 cimus.

285 2640 434 2694 ζυγόν
461 2638 764 2697 εὐαγγελίου
791 2641 997 2682 τιθέναι
1022 2655 1063 2693 p.
1087 2640 1166 2684 146
1182 2655 1220 2683 v.
1242 2647 1306 2685 12.
1360 2641 1443 2692 agit
1469 2641 1519 2679 de
1535 2655 1607 2681 or-.

174 2693 372 2734 dinatione
389 2697 591 2736 Athanasii
605 2698 850 2750 patriarchae
868 2697 1300 2748 Constantinopolitani,
1329 2698 1370 2736 in
1391 2709 1467 2747 qua
1486 2710 1605 2748 quae..

175 2749 342 2789 rendum
359 2751 410 2790 ad
427 2751 720 2804 intelligentiam
735 2753 852 2792 huius
867 2754 960 2802 loci,
989 2752 1084 2804 quid
1104 2754 1155 2791 sit
1170 2755 1315 2806 iugum
1335 2754 1466 2791 sancti
1483 2766 1605 2791 evan-
