1858 3126
417 137 491 180 DE
520 133 853 179 ANDRONICO
881 131 1260 177 PALAEOLOGO
1296 132 1343 175 L.
1371 130 1446 174 IV.
1573 130 1670 176 297

204 257 303 297 τῶν·
320 252 365 295 ἔκ
397 254 472 294 τοῦ
503 248 656 305 κλήρου
686 249 753 291 καὶ
781 245 893 305 αὐτῷ
927 245 1094 300 τιμίων,
1131 245 1245 302 παρὰ
1283 243 1483 298 βασιλέως
1521 242 1670 300 ὥριστο

210 317 455 373 ἐξελθόντας
483 318 639 375 ἐρωτᾶν
665 318 732 359 καὶ
758 312 1048 359 πυνθάνεσθαι
1074 312 1224 357 τούτου
1253 315 1344 370 περὶ
1361 307 1418 356 ὧν
1440 310 1673 366 ὅβασιλεῦς

211 389 328 446 ἔλεγε.
396 389 464 431 καὶ
491 387 625 444 γέγονε
655 389 812 437 ταῦτα,
856 384 923 427 καὶ
952 384 1218 439 ἐμαρτυρεῖτο
1254 382 1302 425 τὸ
1331 379 1545 437 λεγόμενον
1566 380 1671 437 ἀλη-
1694 387 1721 423 Ρ
1744 388 1811 423 Ξο4

209 458 312 510 θές,
346 456 468 499 πλέον
487 452 671 504 εἰπόντος
693 454 842 496 ἐκείνου
866 452 933 495 καὶ
953 451 1026 494 τὸν
1049 455 1135 494 τῶν
1153 449 1318 507 ἡμερῶν
1336 450 1520 507 ἀριθμὸν
1538 451 1610 492 καί
1627 467 1670 506 γε

179 525 289 581 5τὴν
311 529 386 568 τοῦ
405 521 596 568 θανάτου
616 521 738 565 νόσον
758 526 818 580 τῷ
847 517 1133 575 τελευτήσαντι
1146 533 1156 543 ·
1190 519 1395 575 τέσσαρας
1416 519 1496 575 γὰρ
1516 517 1671 576 ἡμέρας

213 595 280 638 καὶ
301 591 543 650 αἱμόρροιαν
564 593 848 646 ἔπισυμβᾶσαν
861 593 920 648 τῷ
939 590 1116 647 αἲκισμῷ
1133 588 1208 644 τὴν
1229 592 1305 631 τοῦ
1328 586 1517 631 θανάτου
1536 588 1671 631 αῗτίαν

211 659 549 719 προσεμαρτύρει.
626 654 698 714 ἧκε
722 658 766 702 δ’
799 657 820 701 ὃ
849 655 966 714 λόγος
993 659 1061 700 καὶ
1087 661 1172 700 τῶν
1199 658 1290 714 περὶ
1314 660 1397 699 τῶν
1432 655 1670 713 ἀναφορῶν,

213 733 279 774 καὶ
297 729 404 785 μεθ’
429 728 491 773 ὅτι
510 733 678 772 πλεῖστα
699 727 750 783 δὴ
772 727 824 770 τὰ
841 726 1062 782 λεχθέντα,
1099 725 1166 784 ἐφ’
1191 723 1254 776 οἷς
1284 723 1305 768 ὅ
1323 722 1553 779 βασιλεύων
1571 726 1673 768 ἐδεί-

212 817 285 843 κνυ
313 798 362 842 τὸ
387 798 491 855 πρὸς
524 797 595 841 τὸν
619 794 875 854 πατριάρχην
900 794 1205 852 συγκεχωρηκὸς
1226 793 1298 852 ἐφ’
1324 793 1452 838 ἅπασι
1477 793 1664 849 σχεδὸνῆ

158 875 300 918 1οτοῒς
323 868 547 919 πλείστοις,
596 863 723 923 διῄρει
742 865 795 908 τὰ
822 861 1241 922 προσαναφερόμενα,
1279 865 1347 906 καὶ
1366 862 1473 906 ἄλλα
1490 864 1564 918 μὲν
1585 864 1668 907 ἐτί-
1694 869 1724 903 Β

211 941 280 980 θει
298 935 351 980 τὰ
374 935 467 978 κατ’
501 932 680 991 ἀνάγκην
711 935 976 991 προκείμενα,
1014 931 1040 976 ἃ
1062 932 1166 988 μηδ’
1187 931 1288 975 εἶναι
1309 934 1466 975 δίκαιον
1485 937 1675 989 παρορᾶ-

212 1009 319 1048 σθαι
334 1003 403 1047 διὰ
422 1003 498 1059 τὴν
517 1003 622 1046 κατὰ
644 1002 692 1046 τὸ
710 1004 867 1046 δίκαιον
889 1003 1116 1054 δυσωπίαν,
1144 1001 1249 1044 ἄλλα
1272 1001 1320 1044 δέ
1336 1018 1379 1057 γε
1400 1001 1453 1044 τὰ
1471 1001 1577 1043 κατὰ
1591 999 1674 1056 χᾶ-

213 1091 277 1127 ριν
293 1070 582 1129 προτεινόμενα
602 1072 658 1122 εἴς
676 1089 719 1128 γε
740 1069 869 1123 λύσιν,
906 1070 976 1128 ἐφ’
1000 1068 1062 1120 οἷς
1079 1071 1147 1113 καὶ
1163 1067 1445 1120 ὑπακούοντος
1463 1070 1539 1124 μὲν
1554 1068 1674 1127 χάριν

212 1140 317 1185 εἷναί
334 1141 395 1194 οἳ,
429 1141 487 1196 μὴ
513 1139 808 1190 κατανεύοντος
828 1141 873 1183 δὲ
889 1140 947 1195 μὴ
969 1141 1102 1183 δοκεῖν
1128 1140 1294 1189 δικαίως
1315 1143 1454 1181 λυπεῖν
1474 1139 1547 1182 τὸν
1569 1138 1674 1182 ἀπο-

158 1219 202 1255 15
214 1207 478 1266 τυγχάνοντα.
546 1208 763 1253 συνάπτειν
792 1210 837 1252 δὲ
857 1213 991 1251 ταῦτα
1015 1206 1296 1264 πατριάρχην,
1333 1208 1400 1250 καὶ
1418 1205 1463 1250 ’ἓν
1479 1206 1674 1264 ἡγεῖσθαι

211 1278 266 1322 τὰ
294 1276 449 1335 τρόπον
477 1276 711 1334 ὄρισμᾶτων
733 1281 897 1322 Μυσῶν
926 1278 993 1320 καὶ
1017 1279 1180 1321 Λυδῶν
1208 1274 1444 1330 διιστάμενοι
1454 1308 1468 1329 ,
1514 1278 1582 1319 καὶ
1601 1276 1669 1320 διὰ
1694 1285 1724 1320 C

204 1350 337 1390 τοῦτο
363 1350 586 1390 λυπεῖσθαι
616 1349 652 1390 εἲ
678 1346 720 1390 ἕν
751 1363 856 1389 τισιν
882 1343 1180 1402 ἀσυγκάταινος
1205 1344 1265 1400 εἴη
1293 1343 1314 1388 ὅ
1341 1342 1561 1398 βασιλεύς,
1599 1344 1673 1388 οὐκ

214 1414 315 1470 ἔχειν
333 1414 380 1458 τὸ
403 1414 568 1471 εὔλογον
597 1416 831 1471 ἰσχυρίζετο.
903 1415 1003 1464 τέως
1024 1415 1070 1456 δὲ
1097 1415 1163 1456 καὶ
1194 1410 1498 1469 καθυπόσχεσιν
1515 1414 1674 1470 ἐπενέγ-

215 1501 291 1534 κας
308 1482 365 1534 ὥς
386 1483 559 1539 εὐμενῶς
570 1479 760 1528 ἐντεῦθεν
771 1486 837 1527 καὶ
849 1481 1040 1527 ἀκούοι-το
1061 1484 1127 1526 καὶ
1149 1479 1411 1540 συμπράξειε,
1434 1479 1612 1526 διαλύειν
1627 1499 1671 1526 τε

304 1572 359 1606 10.
380 1569 808 1617 προπροσαναφερόμενα
829 1570 874 1605 Ρ.

211 1639 256 1674 ab
279 1640 432 1684 Augusto
461 1640 574 1684 magni
602 1639 761 1683 habitus,
795 1639 882 1674 iussi
912 1640 955 1674 ab
986 1651 1028 1674 eo
1052 1643 1132 1674 sunt
1153 1631 1274 1684 egredi
1297 1643 1333 1673 et
1354 1638 1439 1673 foris
1462 1638 1675 1684 interrogare

212 1685 417 1729 lugariasten
439 1685 483 1720 de
505 1686 550 1720 iis
573 1697 662 1731 quae
684 1685 820 1720 dixerat
850 1687 1047 1732 imperator.
1093 1687 1222 1720 factum
1251 1685 1285 1719 id
1308 1690 1382 1727 est3
1414 1689 1452 1719 et
1472 1686 1675 1730 logariastes

213 1741 275 1765 sao
297 1732 489 1767 testimonio
510 1732 643 1777 prolixe
672 1731 775 1766 fidem
808 1732 978 1767 adstruxit
997 1733 1153 1767 sincerae
1176 1731 1334 1766 veritatis
1356 1731 1512 1775 allegatis
1534 1732 1578 1765 ab
1601 1736 1675 1765 Au-

202 1779 331 1821 -gust03
361 1789 532 1824 exequens
564 1779 666 1812 etiam
698 1779 969 1813 circumstantias
1001 1779 1131 1812 numeri
1158 1778 1287 1812 dierum
1320 1781 1357 1810 et
1388 1777 1498 1811 morbi
1519 1789 1560 1811 ac
1582 1776 1673 1811 modi

212 1822 332 1857 mortis
359 1823 433 1858 eius
462 1824 522 1870 qui
551 1824 601 1859 sic
631 1823 756 1859 obiisse
780 1824 890 1858 dictus
912 1830 1023 1866 esset,
1054 1824 1149 1859 aiens
1176 1823 1335 1858 videlicet
1356 1826 1477 1867 quarto
1499 1823 1554 1857 die
1575 1828 1673 1867 post-

212 1878 314 1912 quam
337 1869 561 1914 vapulaverat
582 1870 670 1904 hunc
693 1870 830 1904 efflasse
852 1870 1013 1912 animam,
1046 1882 1111 1904 nec
1132 1870 1233 1905 aliam
1268 1868 1301 1902 ei
1322 1869 1430 1902 fuisse
1450 1869 1571 1902 mortis
1591 1880 1676 1902 cau-

213 1923 284 1946 sam
307 1925 407 1957 quam
430 1915 557 1948 fluxum
579 1915 754 1960 sanguinis
777 1928 797 1950 e
820 1916 995 1961 plagarum
1016 1916 1201 1950 inflictione
1231 1917 1394 1948 secutum.
1439 1913 1518 1948 hinc
1539 1914 1606 1948 iam
1629 1914 1674 1949 ad

214 1957 351 1992 tertiam
373 1960 585 2004 patriarchae
607 1961 651 1995 de
673 1962 877 2006 imperatore
891 1962 1060 2007 querelam
1083 1962 1312 2007 neglectarum
1327 1971 1462 1994 suarum
1484 1971 1547 2005 pro
1570 1960 1675 1994 clien-

215 2003 308 2037 tibus
337 2014 475 2048 precum
504 2007 673 2051 processit
706 2008 824 2042 oratio.
870 2007 919 2042 ibi
948 2011 1128 2052 postquam
1158 2007 1344 2051 imperator
1373 2005 1489 2040 verbis
1520 2006 1672 2050 plurimis

214 2049 366 2083 ostendit
395 2051 685 2096 propensissimam
715 2064 808 2086 suam
840 2065 907 2087 non
927 2053 963 2087 in
984 2053 1157 2098 plerisque
1179 2052 1284 2085 solum
1306 2051 1367 2086 sed
1390 2051 1491 2095 plane
1513 2052 1549 2086 in
1569 2051 1674 2086 omni·

214 2094 279 2128 bus
301 2106 384 2137 erga
405 2096 632 2140 patriarcham
650 2097 915 2141 indulgentiam,
945 2098 1100 2132 distinxit
1129 2108 1255 2142 genera
1283 2097 1561 2142 supplicationum
1584 2109 1672 2144 quae

213 2139 280 2174 sibi
302 2140 417 2175 offerri
442 2142 666 2186 contingeret.
713 2143 798 2177 alias
828 2143 915 2178 enim
945 2144 1184 2178 necessitatem
1214 2143 1341 2177 habere
1363 2143 1450 2178 iuris
1470 2144 1602 2186 stricti,
1635 2149 1672 2178 et

214 2197 257 2220 ea
279 2197 420 2232 poscere
439 2199 528 2233 quae
550 2189 623 2222 sine
645 2188 811 2223 iniustitia
832 2190 950 2232 negari
971 2190 1060 2223 haud
1082 2194 1232 2234 possent.
1277 2189 1340 2223 has
1362 2201 1384 2223 a
1403 2201 1442 2223 se
1463 2190 1589 2235 negligi
1610 2201 1673 2224 ne-

212 2232 269 2266 fas
292 2244 367 2267 esse
386 2233 475 2267 ultro
497 2234 654 2268 confiteri
674 2239 814 2279 propter
835 2235 984 2269 debitam
1015 2235 1180 2280 aequitati
1211 2245 1231 2268 a
1258 2235 1412 2280 principe
1432 2236 1670 2270 reverentiam.

213 2289 328 2312 verum
352 2278 491 2314 alterius
512 2291 646 2326 quoque
670 2280 804 2324 generis
826 2292 947 2325 preces
969 2292 1045 2315 esse
1067 2281 1203 2315 minime
1225 2280 1343 2315 debita
1365 2282 1519 2316 beneficii
1541 2283 1673 2316 nomine

211 2330 387 2368 rogantes.
433 2325 468 2359 in
490 2326 562 2368 his,
585 2331 625 2360 ut
646 2326 793 2370 benigne
815 2326 994 2361 annuentis
1015 2326 1253 2361 liberalitatem
1276 2326 1438 2372 principis
1463 2328 1535 2362 eius
1561 2328 1672 2373 impu-

214 2369 285 2403 tari
306 2370 438 2414 gratiae
465 2383 530 2417 par
559 2376 633 2415 est,
654 2372 703 2406 ita
725 2373 894 2407 recusatio
916 2373 1078 2407 libertate
1111 2372 1236 2407 utentis
1258 2373 1295 2407 in
1316 2374 1487 2408 renuendo
1510 2386 1574 2409 sua
1596 2375 1670 2408 nul-

213 2414 279 2449 lam
301 2416 439 2451 videtur
460 2418 586 2452 offerre
607 2418 729 2452 iustam
751 2418 884 2452 dolendi
914 2424 974 2454 aut
1006 2419 1234 2465 conquerendi
1263 2430 1396 2453 causam
1427 2432 1493 2454 non
1515 2427 1671 2455 assecuto

212 2461 304 2505 quod
327 2467 474 2507 optarat.
522 2464 728 2502 confundere
761 2476 862 2510 porro
892 2465 1118 2510 patriarcham
1150 2469 1186 2499 et
1209 2464 1248 2510 in
1276 2475 1378 2500 unum
1410 2466 1496 2501 haec
1518 2467 1670 2510 miscere,

213 2517 280 2539 non
302 2507 421 2542 minori
441 2509 587 2555 alioquin
610 2511 654 2544 ab
675 2510 815 2545 invicem
838 2511 1018 2546 intervallo
1049 2511 1170 2545 dissita
1199 2522 1299 2556 quam
1321 2522 1388 2557 quo
1412 2512 1605 2556 Mysorum,
1634 2520 1673 2545 ut

200 2551 282 2605 dici
304 2553 402 2597 solet,
425 2555 659 2602 Lydorumque
680 2556 767 2591 fines
788 2557 927 2592 distant.
973 2569 1014 2591 ac
1039 2560 1223 2602 propterea
1244 2568 1347 2602 aegre
1368 2559 1460 2592 ferre
1483 2559 1514 2592 si
1537 2557 1671 2602 quando

214 2607 323 2632 nunus
345 2600 544 2645 morigerum
567 2603 611 2636 ad
632 2602 742 2636 omnia
763 2614 852 2648 quae
873 2605 1025 2648 postulat
1047 2602 1244 2647 experiatur
1264 2603 1519 2649 imperatorem3
1547 2604 1582 2636 in
1602 2614 1669 2648 quo

213 2642 290 2686 plus
312 2655 420 2689 aequo
443 2646 511 2680 sibi
532 2659 695 2692 arrogare
715 2649 844 2694 ipsum,
876 2661 917 2683 ac
947 2650 1039 2683 ultra
1068 2660 1169 2693 quam
1190 2647 1287 2684 recta
1307 2649 1395 2684 ratio
1417 2650 1544 2684 sineret
1567 2660 1674 2694 appe-

214 2688 314 2742 pendo
337 2692 495 2734 provehi,
526 2693 712 2728 affirmavit
745 2695 955 2729 Andronicus
988 2700 1024 2729 et
1044 2693 1157 2729 multis
1180 2694 1337 2730 evincere
1358 2695 1542 2730 contendit.
1589 2694 1672 2728 sub-

213 2739 320 2768 lunxlt
340 2735 547 2772 nihilominus
570 2739 819 2784 promissionem
842 2740 1004 2775 facilioris
1025 2740 1061 2774 in
1084 2745 1255 2784 posterum
1278 2740 1537 2781 notabilitatis,
1557 2746 1674 2775 osten-

199 2779 294 2813 dens
316 2779 415 2825 plane
436 2783 502 2818 sibi
523 2795 600 2820 esse
621 2785 796 2821 decretum
819 2791 855 2833 et
877 2786 1020 2832 benigne
1042 2786 1161 2822 audire
1176 2787 1402 2833 patriarcham
1417 2786 1554 2833 quoties
1575 2785 1672 2821 dein—
