1820 3112
254 138 350 184 128
671 140 906 184 GEORGII
938 141 1288 187 PACHYMERIS

131 254 162 290 P
191 257 236 292 86
259 247 359 306 ἔχειν
379 251 426 294 τὸ
456 250 536 295 ἀπὸ
563 255 683 296 τοῦδε
711 255 778 296 καὶ
805 254 993 309 ἐπιτιμᾶν
1012 255 1199 299 ἀδικοῦσι
1220 258 1287 299 καὶ
1313 260 1387 312 τῆς
1406 256 1521 309 ἅξιάς
1541 256 1713 313 ἔπιλαμ-

248 318 466 374 βάνεσθαι.
536 316 643 375 ἦσαν
672 321 716 363 δ’
743 317 855 365 οὗτοι
885 324 924 366 οἱ
946 325 1039 380 περί
1063 341 1106 367 τε
1129 324 1200 367 τὸν
1217 324 1388 382 Ἐφέσου
1407 326 1564 370 καὶτὸν
1586 329 1715 380 Κυζί-

249 406 322 431 κου
336 421 350 441 ‚
389 388 433 430 οἳ
451 389 500 443 δὴ
524 391 590 431 καὶ
609 394 767 444 μᾶλλον
789 393 869 434 δεῖν
889 391 1025 448 ἔλεγον
1046 394 1258 448 κρίνεσθαι
1277 394 1348 437 τὸν
1363 398 1405 437 Γ
1401 392 1606 451 ρηγόριον,
1643 397 1711 438 καὶ

246 462 357 513 σφᾶς
388 456 436 499 τὸ
472 457 784 512 ἀποβησόμενον
818 460 1037 514 δέχεσθαι,
1082 462 1190 517 μηδ’
1225 460 1417 506 {numm
1457 463 1532 519 τὴν
1567 461 1708 520 κάκην,

244 544 302 580 μη
337 525 348 540 ²
388 524 495 568 ἄλλα
524 525 754 577 κεύθοντας
792 527 898 570 ἄλλα
927 528 1094 582 βάζειν,
1152 533 1482 585 οἴκονομοῦντας.
1551 535 1635 575 τῶν
1667 533 1743 574 δὲό

245 592 412 651 τρόποις
432 596 667 649 οἶκονομίας
684 594 880 639 νευόντων
899 596 1108 653 ὁμολογεῖν
1128 599 1273 655 εὐσεβῆ
1291 599 1362 643 τὸν
1379 603 1420 643 Γ
1418 596 1621 656 ρηγόριον,
1657 597 1714 649 ὥς

246 663 351 717 μηδ’
388 664 431 704 ἐκ
462 668 535 706 τοῦ
561 662 692 719 τόμου
722 663 843 707 τόσον
864 667 1240 716 σκανδαλισθέντας
1261 666 1359 710 ὅσον
1380 669 1423 710 ἐκ
1439 673 1513 710 τοῦ
1534 672 1610 711 τοῦ
1633 686 1713 723 μο-

245 736 375 786 ναχοῦ
407 730 589 787 ΖΙῚάρκου
618 730 888 789 γράμματος,
924 732 1051 788 μόνον
1083 736 1230 778 ἐκεῖνον
1258 736 1421 789 ἕτοιμον
1453 734 1552 778 εἶναι
1573 735 1712 791 ἠξίουν

194 807 224 842 Β
249 801 433 856 παρέχειν
455 801 526 842 τὸν
554 806 629 856 τῆς
651 800 936 857 παραιτήσεως
965 805 1162 855 λίβελλον.
1234 806 1301 846 καὶ
1317 803 1471 859 ἤθελον
1491 808 1640 857 τοῦτο,
1676 807 1714 848 εἰ

248 867 334 911 οἷόν
363 869 407 911 τ’
444 864 516 923 ἦν,
564 875 839 926 πληροφορεῖν
872 873 938 913 καὶ
969 870 1180 927 γράμμασι
1213 872 1284 915 τὸν
1312 869 1554 930 Γρηγόριον.
1623 870 1768 916 ‹iti-{10

245 938 487 991 πέμψαντος
507 943 580 980 τοῦ
602 939 802 992 βασιλέως
834 937 966 995 λόγοις
997 937 1266 997 ἕπληροφόρει
1288 945 1393 984 θεοῦ
1415 942 1621 995 ἐναντίον,
1658 939 1715 992 ὥς

245 1005 352 1062 ἔλεγε
367 1039 379 1059 ,
418 1006 476 1061 μὴ
501 1006 666 1062 ᾳθάσαι
687 1006 859 1057 τούτους
878 1007 1087 1064 ὁμολογεῖν
1111 1011 1246 1067 ἐκείνῳ
1267 1009 1314 1052 ‘cd
1345 1010 1492 1064 σέβας,
1530 1009 1715 1054 κοῖκεῖνον

244 1074 402 1118 διδόναι
425 1075 472 1118 τὸ
494 1081 568 1131 τῆς
583 1074 865 1131 παραιτήσεως
887 1077 1101 1134 ἔγγραφον.
1147 1078 1275 1132 οἱμὲν
1296 1072 1370 1120 οὖν
1394 1079 1483 1134 περὶ
1503 1078 1575 1121 τὸν
1592 1077 1713 1135 Ἐφέ-

244 1161 320 1187 σου
344 1145 438 1187 οὗδ’
463 1143 565 1194 ὅλως
586 1145 679 1188 οὕτε
701 1146 771 1188 τὸν
791 1143 911 1200 λόγον
931 1146 1116 1200 ἐδέχοντο
1135 1146 1232 1189 οὐδὲ
1251 1146 1297 1189 τὸ
1318 1150 1488 1203 πρᾶγμα
1508 1146 1713 1202 εὔσχημον

242 1212 424 1269 ἔκρινον·
462 1214 499 1256 οἳ
519 1215 562 1256 δὲ
585 1216 672 1269 περὶ
703 1214 773 1256 τὸν
799 1216 1098 1271 Φιλαδελφείας
1125 1217 1191 1257 καὶ
1216 1213 1331 1269 μάλα
1359 1214 1431 1258 τὸν
1452 1211 1572 1271 λόγον
1594 1214 1710 1273 ἕνορ-
1722 1221 1766 1257 15

241 1299 314 1325 κον
343 1281 448 1337 εἶχον
479 1280 535 1332 ὦς
565 1284 746 1326 ἐναντίον
773 1284 960 1340 γίνεσθαι
988 1281 1201 1340 λεγόμενον
1220 1288 1294 1327 τοῦ
1317 1287 1420 1327 θεοῦ
1430 1317 1445 1338 ,
1480 1281 1557 1327 κᾶν
1582 1301 1712 1339 μετα-

300 1385 303 1389 λ
333 1405 364 1438 1.
388 1401 450 1448 τό]
475 1405 545 1439 τοῦ·
568 1404 608 1438 Ρ.
745 1404 778 1439 4.
803 1402 967 1440 ἐπιλύειν
993 1404 1033 1439 Ρ.
1171 1406 1206 1442 7.
1230 1402 1365 1446 τόσους
1388 1405 1428 1441 Ρ.

239 1506 368 1552 pliciis,
398 1518 487 1552 quae
519 1507 679 1553 proprius
710 1507 759 1542 illi
792 1508 910 1550 dolor,
942 1507 977 1542 in
1008 1507 1169 1543 memoria
1199 1508 1331 1543 recenti
1362 1505 1586 1542 traductionis
1617 1517 1713 1550 suae,

238 1555 329 1587 iuste
351 1553 482 1587 iniustis
506 1554 714 1587 delatoribus
737 1566 837 1599 posse
859 1554 982 1600 imponi
1003 1555 1174 1588 suaderet.
1221 1558 1378 1588 auctores
1402 1553 1499 1588 huius
1520 1553 1711 1587 sententiae

241 1599 435 1643 Ephesinus
459 1603 494 1633 et
518 1599 708 1643 Cyzicenus
738 1600 928 1642 antistites,
963 1601 1085 1634 multos
1118 1601 1262 1646 quisque
1293 1600 1359 1635 sibi
1383 1600 1606 1633 adhaerentes
1637 1601 1712 1632 tra.-

240 1644 337 1679 hens.
383 1657 523 1690 quorum
548 1646 750 1679 audiebatur
775 1646 916 1679 omnium
939 1647 1105 1680 unanimis
1131 1647 1263 1687 oratio,
1298 1645 1455 1679 ventilari
1487 1643 1619 1679 omnino
1652 1655 1712 1678 ec-

241 1691 432 1725 clesiastico
466 1692 591 1725 debere
620 1691 741 1725 iudicio
777 1703 912 1726 causam
938 1692 1118 1736 Gregorii,
1143 1691 1361 1737 permittique
1383 1690 1558 1734 suffragiis
1580 1689 1712 1734 perito-

239 1748 314 1770 rum
338 1741 431 1771 recte
454 1737 512 1770 ille
534 1749 640 1771 necne
663 1737 752 1771 circa
775 1738 896 1781 dogma
920 1739 1075 1781 sentiret,
1090 1750 1152 1772 nec
1169 1738 1453 1771 reformidandum
1474 1737 1547 1770 litis
1569 1735 1711 1769 exitum.

240 1794 317 1817 sese
341 1783 428 1817 enim
451 1787 590 1817 eventus
610 1783 862 1829 qualiscumque
886 1784 953 1817 iam
977 1795 1064 1818 nunc
1088 1783 1154 1817 sibi
1175 1783 1363 1828 periculum
1385 1783 1584 1828 deposcere.
1608 1791 1713 1826 prae-

241 1834 336 1863 stare
363 1829 488 1875 quippe
523 1829 605 1863 illud
638 1830 737 1874 longe
769 1841 868 1875 quam
900 1829 1162 1864 dissolutissima
1193 1829 1328 1863 ratione
1356 1829 1490 1874 plagam
1521 1828 1712 1862 incuratam

242 1875 358 1908 fasciis
382 1876 526 1918 solvere,
551 1876 617 1910 alia
639 1875 772 1909 conscie
797 1875 947 1910 celantes
969 1876 1036 1910 alia
1060 1875 1215 1918 effutire3
1238 1875 1384 1920 denique
1406 1876 1523 1909 fucum
1544 1883 1713 1907 vanarum

243 1922 497 1955 excusationum
532 1922 819 1956 inexcusabilibus
854 1921 939 1956 actis
972 1926 1008 1955 et
1039 1922 1177 1966 scriptis
1207 1921 1406 1966 appingere.
1451 1920 1530 1955 huic
1553 1919 1712 1965 opposita

242 1979 285 2001 ex
309 1968 451 2001 adverso
474 1968 704 2002 invalescebat
734 1967 848 2013 opinio
880 1967 1080 2009 multorum,
1111 1966 1362 2013 compositionis
1396 1966 1486 2000 viam
1507 1964 1628 2012 quaeri
1648 1975 1712 2010 op-

240 2018 379 2058 portere
403 2014 687 2055 contendentium,
710 2026 774 2048 nec
797 2015 1041 2058 aspernandam
1063 2013 1174 2047 videri
1197 2013 1419 2047 conditionem
1445 2012 1606 2047 oblatam.
1653 2021 1714 2044 ca-

241 2059 315 2092 veri
340 2059 427 2092 enim
452 2061 535 2094 satis
559 2072 659 2105 posse
683 2060 876 2094 certitudini
901 2060 1087 2105 promissae
1111 2059 1292 2093 cessionis:
1316 2071 1386 2104 qua
1408 2059 1491 2093 satis
1515 2055 1711 2099 constituta,

241 2104 320 2149 quid
333 2106 468 2139 tandem
479 2106 558 2139 mali
570 2111 661 2140 esset
672 2106 836 2140 consolari
847 2106 1051 2150 Gregorium
1064 2106 1174 2139 dando
1187 2105 1234 2139 illi
1248 2105 1338 2150 quod
1351 2106 1492 2150 petebat
1506 2101 1711 2144 testimonio,

242 2161 315 2184 cum
333 2151 415 2184 satis
428 2155 601 2185 constaret
620 2165 686 2186 non
706 2157 775 2186 tam
786 2164 828 2186 ex
838 2152 910 2186 eius
928 2156 1017 2186 tomo
1034 2152 1228 2186 scandalum
1243 2151 1422 2185 multorum
1438 2154 1549 2185 ortum
1558 2158 1711 2195 quamex

241 2196 371 2240 scripto
385 2197 492 2230 Marci
507 2200 684 2234 monachi?
709 2198 886 2233 exhiberet
901 2210 938 2232 se
954 2198 1050 2232 modo
1065 2197 1254 2243 Gregorius
1274 2202 1433 2242 paratum*
1445 2193 1712 2232 dandoabdica-

239 2242 343 2277 tionis
356 2243 467 2276 libello
477 2244 535 2277 ubi
548 2246 772 2280 testimonium
782 2245 969 2290 acceperit3
986 2249 1021 2278 et
1032 2244 1060 2278 si
1072 2249 1177 2290 queat
1188 2245 1230 2278 ab
1239 2244 1315 2288 ipso
1323 2242 1510 2288 impetrari,
1518 2241 1622 2274 fidem
1633 2240 1666 2274 iu
1677 2238 1713 2273 id

241 2299 335 2323 suam
352 2289 479 2334 scripto
496 2290 561 2323 rite
580 2292 778 2336 consignato
797 2291 863 2325 iam
882 2303 970 2325 nunc
985 2291 1123 2335 obliget.
1169 2295 1238 2324 tum
1253 2300 1336 2323 sane
1356 2287 1551 2323 consulatur
1566 2285 1640 2320 eius
1657 2285 1712 2319 fa-

242 2345 326 2375 mae,
338 2335 577 2370 conscribendo
595 2340 692 2381 quale
704 2337 854 2383 postulat
865 2349 968 2371 sanae
979 2349 1062 2371 suae
1075 2336 1248 2371 doctrinae
1263 2334 1465 2369 testimonio.
1490 2331 1711 2376 compellatus

242 2380 347 2425 igitur
371 2392 392 2414 a
415 2381 525 2415 missis
548 2383 591 2416 ab
615 2383 823 2428 imperatore
854 2384 896 2416 ad
927 2384 992 2416 hoc
1015 2383 1124 2427 ipsum
1149 2381 1338 2426 Gregorius
1360 2380 1403 2413 de
1423 2379 1589 2424 promisso
1613 2376 1712 2412 abdi-

243 2426 388 2460 cationis
411 2427 539 2467 dando,
571 2428 628 2461 ille
651 2430 693 2462 ad
717 2429 751 2462 id
774 2428 901 2473 scripto
925 2428 1180 2473 concipiendum
1204 2426 1292 2460 haud
1316 2430 1492 2470 promptus
1514 2423 1604 2459 omni
1626 2433 1710 2457 ver-

241 2472 359 2506 borum
394 2474 645 2517 asseveratione
681 2485 793 2508 coram
822 2474 907 2515 deo,
943 2474 992 2507 sic
1023 2474 1108 2507 enim
1132 2478 1186 2506 est
1218 2473 1368 2513 locutus,
1402 2469 1612 2504 confirmavit
1643 2479 1711 2502 non

241 2518 336 2563 prius
358 2517 450 2563 ipsos
474 2519 626 2553 edituros
650 2520 814 2564 scriptum
837 2531 903 2563 quo
935 2519 1000 2553 sibi
1024 2520 1127 2552 decus
1148 2519 1365 2562 incorruptae
1386 2516 1422 2550 in
1449 2516 1606 2561 dogmate
1628 2513 1711 2548 fidei

241 2565 448 2604 assererent,
470 2576 569 2610 quam
593 2566 667 2610 ipse
690 2565 836 2599 vicissim
862 2565 930 2598 rite
953 2565 1179 2608 conscriptum
1206 2562 1433 2597 abdicationis
1456 2560 1712 2607 patriarchatus

239 2610 388 2644 libellum
411 2611 521 2644 daret.
570 2612 633 2645 hoc
667 2611 774 2646 relato
804 2622 965 2655 responso
995 2610 1208 2654 Ephesinus,
1243 2611 1279 2642 et
1308 2609 1367 2653 qui
1399 2607 1431 2642 ei
1464 2607 1710 2649 adhaerebant,

242 2655 331 2690 haud
364 2657 644 2702 acquiescendum
681 2657 960 2697 arbitrabantur,
1001 2656 1175 2701 multaque
1218 2655 1412 2698 allegabant
1443 2654 1486 2688 ob
1518 2664 1608 2699 quae
1645 2661 1711 2686 nec

242 2706 353 2736 tutum
382 2714 445 2737 nec
475 2703 651 2738 honestum
682 2703 718 2737 id
749 2714 826 2737 esse
859 2701 1109 2736 contenderent.
1156 2699 1463 2745 Philadelphiensis
1494 2704 1613 2734 contra
1635 2707 1711 2733 cum

242 2748 325 2791 suis,
347 2748 437 2783 illam
457 2748 692 2795 interpositam
715 2761 737 2784 a
760 2748 929 2792 Gregorio
958 2747 1011 2782 dei
1043 2746 1246 2781 mentionem
1269 2746 1304 2780 in
1329 2745 1517 2791 pollicendo
1542 2757 1605 2791 pro
1626 2753 1711 2779 vero

239 2794 428 2831 iuramento
451 2794 739 2842 interpretantes,
771 2794 857 2831 satis
887 2805 962 2829 eam
995 2793 1249 2839 promissionem
1280 2791 1389 2827 videri
1410 2792 1536 2827 debere
1559 2791 1714 2827 affirma-
