1820 3112
211 134 307 181 190
629 130 863 178 GEORGH
894 132 1245 180 PACHYMERIS

206 267 271 293 νοι
290 254 376 298 τοῖς
396 247 586 303 ἐχθροῖς,
621 247 700 303 ἤδη
723 248 767 291 δὲ
787 249 853 301 καὶ
872 247 1023 298 αὖτοὺς
1045 248 1218 299 ἐκείνους
1236 247 1405 306 Πέρσας
1425 246 1669 304 μανθάνον-

210 335 276 368 τες
294 316 349 367 ὥς
370 315 443 359 εἶεν
464 316 742 372 ὀρρωδοῦντες
761 317 833 360 τὸν
850 314 1065 373 βάρβαρον
1085 318 1349 374 φημισθέντα
1375 319 1515 375 σφίσιν
1539 318 1583 361 ἔκ
1605 336 1669 360 τι·

158 394 189 429 C
214 403 294 430 νων
313 390 394 428 τῶν
417 385 520 439 παρ’
543 384 684 435 αὐτοῖς
701 391 927 440 μαντειῶν,
958 388 1025 428 καὶ
1048 387 1151 441 πρὸς
1175 387 1252 441 τὴν
1280 385 1361 429 ἀπ’
1391 388 1541 430 ἐκείνου
1562 385 1668 441 βοή-

208 459 327 497 θειαν
347 451 569 510 ἀφεώρων,
600 456 667 496 καὶ
699 455 961 498 καθικέτευον
992 455 1257 510 ἀπολυθῆναι
1277 459 1424 498 τοῦτον
1443 455 1515 498 καί
1533 455 1575 510 y’
1601 456 1668 498 ἔκ-

208 527 453 579 χωρηθῆναι
481 522 584 565 κατὰ
613 529 695 566 τῶν
725 525 888 580 ἐχθρῶν
919 524 1021 577 μετὰ
1045 522 1256 577 Ῥωμαίων
1288 522 1443 580 ὃρμᾶν”
1486 523 1562 578 τὴν
1588 523 1701 580 γὰρό

207 591 313 648 πρὸς
341 591 467 633 αὐτὸν
499 591 726 647 ὀρρωδίαν,
765 591 815 647 ἣν
855 591 960 647 εἶχον
991 593 1030 635 οἳ
1060 591 1290 648 βάρβαροι,
1335 594 1392 642 εἷς
1427 589 1590 648 θάρρος
1621 591 1670 634 τὸ

208 658 312 716 ὑπὲρ
346 658 502 703 ἑαυτῶν
532 659 699 715 ἔχοντας
725 660 913 715 ἑτοίμους
940 660 1039 704 εἶναι
1069 662 1164 716 μετ’
1200 662 1329 704 αὐτοῦ
1351 662 1418 703 καὶ
1451 662 1672 715 προκινδυ-

209 726 336 772 νεύειν
376 730 442 770 nai
469 730 596 784 μηδὲν
635 730 824 772 ἐλλείπειν
850 735 932 772 τῶν
963 729 1042 772 ὅσα
1074 732 1142 773 καὶ
1169 729 1329 785 ἀγαθὸς
1359 729 1462 786 ἀνὴρ
1498 727 1672 785 πράττοι

211 797 314 852 μετὰ
346 802 420 853 τῆς
441 797 588 854 ἀρετῆς
621 801 688 841 καὶ
718 799 765 842 τὸ
786 803 959 855 θαρρεῖν
980 798 1095 853 ἔχων.
1164 791 1289 841 ‘canit’
1322 797 1484 841 ἀκούων
1505 799 1573 840 καὶ
1589 802 1674 852 βα·-

154 870 187 905 D
215 864 372 919 σιλεύς,
410 869 475 908 καὶ
509 865 706 923 ὁσημέραι
732 870 821 923 περὶ
850 872 931 910 τῶν
963 869 1076 911 ἷδίων
1096 872 1254 920 πονῶν,
1292 868 1354 910 ἐπὶ
1375 871 1471 910 νοῦν
1492 866 1583 909 τινὰ
1604 865 1674 919 ἕρ-
1685 873 1728 907 10

210 952 326 990 χεται
349 933 411 978 ὅτι
436 934 629 986 πολλάκις
658 938 724 980 καὶ
749 936 769 979 ὃ
795 936 843 991 δὴ
871 936 1011 991 ιάτρός
1030 940 1088 995 τῷ
1111 934 1305 990 κάμνοντι
1325 933 1598 991 ἀπηγόρευσεν
1617 932 1674 984 ὥς

211 1003 362 1047 αὐτίκα
379 1005 663 1063 τεθνηξομένῳ
684 1007 718 1047 εἲ
734 1006 1040 1061 προσενέγκαιτο
1053 1037 1066 1058 ,
1103 1009 1226 1047 τοῦτο
1247 1004 1354 1048 κατὰ
1373 1004 1421 1048 τὸ
1448 1002 1626 1060 λεληθὸς
1651 1000 1674 1046 ὃ

213 1078 348 1116 νοσῶν
374 1071 743 1129 προσενεγκάμενος
771 1076 814 1124 ἐξ
853 1073 1022 1129 ὂρέξεως
1052 1070 1287 1130 παράλογον
1320 1067 1410 1129 εὗρε
1437 1072 1513 1127 τὴν
1540 1076 1674 1128 θερα-

213 1143 332 1184 πείαν
345 1174 358 1194 ,
397 1143 464 1184 καὶ
491 1139 515 1196 ἦ
547 1143 620 1196 μὲν
648 1143 767 1197 τέχνη
792 1142 905 1199 οὔπω
925 1143 1123 1199 ἐλέγχεται
1157 1139 1296 1199 φαύλη
1315 1158 1377 1191 τις
1396 1136 1525 1194 οὖσα,
1561 1140 1609 1183 τὸ
1630 1140 1676 1182 δὲ

216 1210 383 1263 συμβὰν
414 1210 458 1252 ἕκ
487 1227 595 1260 τινος
622 1215 803 1267 τυχηρᾶς
836 1213 1123 1267 προσπαθειάς
1155 1211 1364 1267 ὠφέλησε,
1413 1214 1472 1268 τῷ
1503 1210 1674 1267 σφοδρῷ
1687 1213 1730 1250 15

216 1284 292 1334 τῆς
319 1279 484 1335 ὀρέξεως
511 1279 850 1336 ἀναρρωσθείσης
881 1278 1026 1323 ὡσανεὶ
1046 1280 1151 1322 κατὰ
1170 1285 1242 1335 τῆς
1259 1277 1383 1322 νόσου
1406 1283 1480 1333 τῆς
1501 1274 1677 1335 φύσεως.

164 1351 198 1387 E
222 1350 264 1390 τί
278 1352 397 1404 γοῦν,
433 1349 582 1404 φησίν,
614 1350 649 1391 εἲ
669 1350 734 1391 καὶ
752 1352 961 1404 Λαχανᾶν
977 1349 1034 1403 μὴ
1054 1348 1152 1392 ὅντα
1172 1347 1281 1404 μηδέ
1300 1365 1391 1390 τινα
1412 1351 1559 1403 ψῆφον
1586 1347 1679 1400 περὶ

213 1414 363 1459 ἑαυτοῦ
390 1415 556 1459 διδόντα
587 1417 658 1460 τὸν
683 1415 922 1475 βάρβαρον,
962 1417 1073 1471 ὅμως
1098 1417 1277 1474 φοβερὸν
1302 1417 1378 1470 μὲν
1405 1421 1492 1466 τοῖς
1512 1415 1679 1471 ἐχθροῖς

216 1547 309 1582 tione
332 1545 602 1592 quotidianarum
635 1559 657 1581 a
679 1546 792 1582 Persis
815 1546 1063 1591 grassationum
1086 1546 1262 1581 audientes
1285 1546 1433 1580 existere
1454 1545 1597 1592 aliquem
1620 1544 1680 1591 qui

216 1605 256 1628 se
279 1593 439 1626 divinitus
469 1593 603 1626 missum
635 1594 765 1637 diceret
790 1594 834 1627 ad
858 1595 970 1627 hostes
994 1593 1129 1637 imperii
1151 1593 1334 1634 delendos,
1363 1596 1401 1626 et
1422 1592 1538 1626 eodem
1561 1590 1681 1625 adiun-

218 1644 339 1684 gentes
361 1638 521 1672 vaticinia
543 1639 720 1684 quaepiam
742 1640 829 1673 inter
850 1640 942 1685 ipsos
965 1639 1122 1683 vulgata,
1144 1638 1297 1683 polliceri
1318 1638 1425 1672 simile
1447 1636 1571 1682 aliquid
1593 1636 1681 1678 visa,

218 1696 423 1729 magnopere
445 1685 611 1729 optabant
633 1686 707 1719 dari
737 1686 854 1719 ducem
874 1682 953 1719 'sibi
975 1685 1249 1729 qualemcumque
1270 1684 1372 1717 istum
1395 1683 1612 1724 Lachanam;
1645 1685 1682 1716 et

220 1742 361 1765 carcere
393 1730 536 1764 detineri
569 1742 643 1765 cum
676 1731 867 1774 audissent,
905 1731 1017 1765 multis
1042 1735 1078 1766 et
1104 1730 1244 1764 solicitis
1266 1730 1422 1774 precibus
1443 1729 1682 1774 imperatorem

223 1777 418 1820 fatigabant
447 1787 489 1810 ne
522 1776 684 1811 divinitus
711 1778 916 1812 destinatum
947 1778 1107 1811 malorum
1135 1781 1360 1810 extremorum
1386 1774 1469 1820 ipsis
1500 1773 1682 1808 remedium

220 1823 403 1864 invideret,
425 1834 514 1856 neve
534 1823 637 1868 diripi
658 1834 696 1858 se
717 1823 920 1869 impuneque
941 1823 1080 1868 spoliari
1106 1818 1309 1856 miserrimos
1331 1821 1477 1864 sineret,
1504 1820 1683 1854 defensore

223 1870 363 1903 coelitus
385 1872 520 1903 ostenso
541 1869 656 1914 inique
678 1870 824 1904 arcendo
847 1881 869 1904 a
891 1868 1067 1910 iuvandis,
1090 1868 1213 1914 quibus
1234 1867 1322 1902 aliud
1346 1877 1511 1913 nusquam
1534 1877 1684 1912 appare-

223 1918 276 1948 ret
299 1914 440 1949 cladium
474 1919 509 1949 et
538 1915 765 1950 calamitatum
796 1921 1021 1950 extremarum
1049 1914 1223 1959 effugium.
1268 1912 1458 1948 huiusmodi
1479 1922 1600 1958 preces
1620 1921 1686 1957 per

224 1962 348 1996 multos
371 1961 512 1995 subinde
535 1962 720 1996 missitatos
750 1973 772 1995 a
804 1962 938 2006 populis
957 1961 1086 1995 illorum
1110 1965 1279 1995 tractuum
1300 1959 1456 2003 ingestae
1475 1956 1684 2003 imperatori,

225 2013 263 2040 et
287 2008 330 2041 ab
354 2019 395 2040 eo
419 2007 564 2041 consiliis
586 2019 674 2062 quae
697 2008 767 2042 dixi
789 2008 957 2042 mordicus
978 2008 1142 2041 haerente
1162 2006 1266 2040 toties
1289 2005 1459 2047 reiectae,
1491 2015 1568 2038 cum
1592 2002 1684 2038 nullo

225 2053 295 2087 fine
317 2053 576 2088 invidiosissime
597 2054 900 2098 mgeminarentur,
922 2053 1148 2099 glisceretque
1169 2052 1236 2086 iam
1258 2062 1427 2095 murmur,
1450 2053 1486 2085 et
1507 2050 1605 2096 plebs
1624 2049 1686 2084 ills

225 2100 389 2133 fremeret
412 2111 477 2133 non
499 2100 598 2133 modo
622 2112 671 2142 se,
694 2112 715 2134 a
738 2100 859 2146 quibus
881 2110 944 2145 par
966 2104 1069 2141 esset,
1092 2110 1156 2134 non
1180 2097 1324 2143 protegi,
1346 2097 1408 2132 sed
1429 2095 1596 2143 promptis
1616 2094 1686 2129 sibi

227 2145 271 2179 ad
294 2145 481 2179 bellandum
503 2146 683 2192 hostesque
704 2146 915 2191 repellendos
935 2157 1040 2187 arma,
1077 2146 1207 2186 ducem,
1237 2155 1275 2179 se
1298 2154 1428 2188 suaque
1447 2153 1508 2177 suo
1535 2140 1685 2186 periculo

226 2190 413 2236 laboreque
440 2192 673 2237 propugnandi
705 2192 838 2237 copiam
868 2203 909 2227 ac
939 2191 1071 2226 veniam
1098 2191 1231 2226 facilem
1261 2189 1400 2233 negari,
1426 2188 1482 2226 his
1502 2196 1686 2221 concussus

226 2242 388 2281 reputare
410 2248 521 2271 secum
544 2238 657 2283 coepit
683 2238 868 2284 imperator
899 2242 935 2272 et
958 2237 1159 2272 consiliariis
1181 2247 1390 2283 proponere,
1423 2233 1558 2268 “etiam
1581 2231 1689 2266 medi-

227 2293 285 2316 cos
309 2283 497 2326 desperatis
520 2285 630 2328 aegris
652 2295 748 2318 usum
771 2284 911 2319 remedii
934 2284 1150 2329 permittere,
1177 2283 1266 2328 quod
1288 2281 1355 2315 sibi
1377 2280 1589 2325 profuturum
1607 2276 1688 2323 ipsi,

227 2328 411 2372 quamlibet
443 2328 581 2371 insane,
613 2335 760 2375 sperent.
805 2330 889 2374 quid
913 2341 994 2374 ergo
1022 2334 1153 2363 tantum
1175 2328 1252 2362 mali
1274 2328 1364 2368 fore,
1401 2325 1432 2359 si
1454 2323 1689 2369 flagitantibus

227 2374 323 2408 hisce
346 2374 477 2419 populis
500 2375 715 2420 indulgeatur
736 2376 826 2421 quod
850 2376 983 2420 perdite
1005 2375 1172 2419 cupiunt?
1194 2373 1277 2419 quin
1300 2375 1336 2405 et
1357 2374 1397 2404 ut
1421 2369 1506 2404 mira
1525 2367 1691 2404 nonnam*-

227 2431 328 2465 quam
351 2420 519 2463 accidunt,
544 2427 580 2454 et
602 2433 684 2455 casu
706 2432 762 2455 res
784 2421 951 2455 interdum
973 2421 1092 2454 melius
1114 2431 1213 2465 quam
1237 2417 1374 2452 consilio
1397 2419 1575 2461 geruntur,
1596 2416 1690 2449 forte

229 2476 461 2500 successurum
479 2478 545 2499 non
561 2466 803 2512 improsperum
823 2466 1003 2511 quidpiam.
1047 2476 1122 2500 nam
1140 2464 1270 2499 validas
1283 2463 1374 2498 vires
1390 2467 1541 2496 extremo
1553 2460 1693 2495 afflictis

230 2512 347 2546 morbo
380 2523 446 2545 non
475 2523 555 2546 raro
586 2513 694 2557 ipsam
719 2512 869 2546 adiicere
892 2511 1103 2556 phrenesim,
1134 2513 1170 2544 et
1198 2511 1344 2554 probare
1372 2507 1544 2552 inopinato
1567 2511 1692 2541 eventu

230 2557 401 2592 interdum
423 2557 572 2592 infirmos
595 2570 633 2592 se
655 2570 694 2604 re
715 2569 797 2591 vera
830 2557 998 2602 potuisse,
1030 2556 1119 2602 quod
1153 2567 1228 2590 cum
1259 2559 1339 2588 ante
1371 2554 1500 2587 factum
1529 2563 1568 2586 se
1589 2562 1692 2598 posse

233 2603 406 2646 dicerent,
429 2604 563 2637 mentiri
585 2607 644 2638 aut
666 2603 812 2638 delirare
835 2603 1058 2648 putabantur,
1080 2612 1209 2635 summa
1230 2599 1461 2641 contentione,
1485 2609 1574 2644 quae
1595 2597 1692 2643 sequi

233 2649 321 2684 solet
350 2649 517 2695 impotens
548 2649 748 2684 desiderium
777 2648 945 2683 licentiam
980 2647 1039 2682 diu
1064 2651 1222 2691 negatam
1256 2646 1308 2680 rei
1339 2645 1524 2679 tentandae
1554 2643 1691 2678 tandem

235 2700 392 2739 nactum,
427 2699 550 2730 cuncta
579 2695 752 2730 obstantia
781 2697 1032 2740 perrumpente.
1079 2694 1202 2727 scimus
1229 2693 1350 2727 falsum
1378 2692 1466 2725 hunc
1499 2690 1692 2725 Lachmann

233 2742 371 2787 planum
393 2752 436 2776 ac
457 2742 655 2777 nebulonem
677 2753 773 2776 esse:
807 2740 888 2786 quid
909 2746 1022 2774 tamen
1044 2743 1166 2774 noceat
1189 2751 1263 2773 enm
1284 2736 1544 2784 exposcentibus
1565 2746 1694 2771 couce-

236 2787 346 2823 dere?
381 2791 461 2833 eat,
495 2793 647 2835 pugnet,
677 2788 794 2823 volens
816 2787 970 2822 volentes
991 2791 1112 2820 contra
1133 2786 1259 2821 Persas
1280 2785 1345 2819 hoc
1365 2785 1496 2830 ipsum,
1518 2786 1558 2818 nt
1577 2781 1692 2822 audio,
