<?xml version="1.0" encoding="UTF-8"?>
<!DOCTYPE html PUBLIC "-//W3C//DTD XHTML 1.0 Transitional//EN"
    "http://www.w3.org/TR/xhtml1/DTD/xhtml1-transitional.dtd">
<html xmlns="http://www.w3.org/1999/xhtml" xml:lang="en" lang="en">
 <head>
  <title>
</title>
<meta http-equiv="Content-Type" content="text/html;charset=utf-8" />
  <meta name='ocr-system' content='tesseract 3.04.00' />
  <meta name='ocr-capabilities' content='ocr_page ocr_carea ocr_par ocr_line ocrx_word'/>
</head>
<body>
  <div class='ocr_page' id='page_1' title='image "./corpusscriptorum18niebuoft_0282.png"; bbox 0 0 1820 3112; ppageno 0'>
   <div class='ocr_carea' id='block_1_1' title="bbox 199 116 1242 166">
    <p class='ocr_par' dir='ltr' id='par_1_1' title="bbox 199 116 1242 166">
     <span class='ocr_line' id='line_1_1' title="bbox 199 116 1242 166; baseline -0.005 0"><span class='ocrx_word' id='word_1_1' title='bbox 199 119 298 166; x_wconf 77' lang='lat'><strong>266</strong></span> <span class='ocrx_word' id='word_1_2' title='bbox 620 116 856 161; x_wconf 87' lang='lat' dir='ltr'>GEORGII</span> <span class='ocrx_word' id='word_1_3' title='bbox 890 116 1242 161; x_wconf 82' lang='lat' dir='ltr'><strong>PACHYMERIS</strong></span> 
     </span>
    </p>
   </div>
   <div class='ocr_carea' id='block_1_2' title="bbox 59 227 1736 1394">
    <p class='ocr_par' dir='ltr' id='par_1_2' title="bbox 59 227 1736 1394">
     <span class='ocr_line' id='line_1_2' title="bbox 194 227 1668 289; baseline -0.001 -14"><span class='ocrx_word' id='word_1_4' title='bbox 194 236 367 289; x_wconf 72' lang='grc' dir='ltr'><em>χαρικῆς</em></span> <span class='ocrx_word' id='word_1_5' title='bbox 394 231 580 282; x_wconf 78' lang='grc' dir='ltr'><em>ἔξουσίας</em></span> <span class='ocrx_word' id='word_1_6' title='bbox 600 230 787 286; x_wconf 75' lang='grc' dir='ltr'><em>γίνεσθαι</em></span> <span class='ocrx_word' id='word_1_7' title='bbox 818 227 1075 284; x_wconf 70' lang='grc' dir='ltr'><em>βούλεσθαι,</em></span> <span class='ocrx_word' id='word_1_8' title='bbox 1115 230 1354 274; x_wconf 71' lang='grc' dir='ltr'><em>ἀποστέλλει</em></span> <span class='ocrx_word' id='word_1_9' title='bbox 1379 231 1450 274; x_wconf 80' lang='grc' dir='ltr'><em>τὸν</em></span> <span class='ocrx_word' id='word_1_10' title='bbox 1478 229 1668 287; x_wconf 77' lang='grc' dir='ltr'><em>Μιχαήλ,</em></span> 
     </span>
     <span class='ocr_line' id='line_1_3' title="bbox 199 296 1669 358; baseline -0.001 -14"><span class='ocrx_word' id='word_1_11' title='bbox 199 301 246 351; x_wconf 79' lang='grc' dir='ltr'><strong>ὃς</strong></span> <span class='ocrx_word' id='word_1_12' title='bbox 277 302 344 344; x_wconf 85' lang='grc' dir='ltr'><strong>καὶ</strong></span> <span class='ocrx_word' id='word_1_13' title='bbox 372 300 491 343; x_wconf 77' lang='grc' dir='ltr'><em>οὐδὲν</em></span> <span class='ocrx_word' id='word_1_14' title='bbox 521 299 643 342; x_wconf 80' lang='grc' dir='ltr'><em>πλέον</em></span> <span class='ocrx_word' id='word_1_15' title='bbox 661 298 751 355; x_wconf 69' lang='grc' dir='ltr'><em>ἴσχε</em></span> <span class='ocrx_word' id='word_1_16' title='bbox 779 296 1037 356; x_wconf 77' lang='grc' dir='ltr'><em>Βουλγάροις</em></span> <span class='ocrx_word' id='word_1_17' title='bbox 1057 299 1226 349; x_wconf 78' lang='grc' dir='ltr'><em>ἐπιστὰς</em></span> <span class='ocrx_word' id='word_1_18' title='bbox 1245 299 1272 355; x_wconf 79' lang='grc' dir='ltr'>ἢ</span> <span class='ocrx_word' id='word_1_19' title='bbox 1291 300 1339 344; x_wconf 79' lang='grc' dir='ltr'><strong>τὸ</strong></span> <span class='ocrx_word' id='word_1_20' title='bbox 1361 299 1439 351; x_wconf 69' lang='grc' dir='ltr'><strong>ἔξω</strong></span> <span class='ocrx_word' id='word_1_21' title='bbox 1459 298 1669 358; x_wconf 77' lang='grc' dir='ltr'><em>Τερνόβου</em></span> 
     </span>
     <span class='ocr_line' id='line_1_4' title="bbox 200 367 1671 426; baseline 0.001 -15"><span class='ocrx_word' id='word_1_22' title='bbox 200 372 535 426; x_wconf 74' lang='grc' dir='ltr'><em>περιπλανᾶσθαι</em></span> <span class='ocrx_word' id='word_1_23' title='bbox 563 370 632 411; x_wconf 82' lang='grc' dir='ltr'><strong>καὶ</strong></span> <span class='ocrx_word' id='word_1_24' title='bbox 662 370 756 423; x_wconf 85' lang='grc' dir='ltr'><em>βίον</em></span> <span class='ocrx_word' id='word_1_25' title='bbox 787 369 941 426; x_wconf 81' lang='grc' dir='ltr'><em>τρίβειν</em></span> <span class='ocrx_word' id='word_1_26' title='bbox 963 371 1172 412; x_wconf 74' lang='grc' dir='ltr'><strong><em>ἰδιωτικοῦ</em></strong></span> <span class='ocrx_word' id='word_1_27' title='bbox 1193 369 1270 424; x_wconf 75' lang='grc' dir='ltr'><em>μὲν</em></span> <span class='ocrx_word' id='word_1_28' title='bbox 1299 368 1347 412; x_wconf 82' lang='grc' dir='ltr'><strong>οὗ</strong></span> <span class='ocrx_word' id='word_1_29' title='bbox 1367 367 1533 426; x_wconf 81' lang='grc' dir='ltr'><em>πόρρω,</em></span> <span class='ocrx_word' id='word_1_30' title='bbox 1568 369 1671 420; x_wconf 76' lang='grc' dir='ltr'><em>τέως</em></span> 
     </span>
     <span class='ocr_line' id='line_1_5' title="bbox 201 435 1669 497; baseline 0 -16"><span class='ocrx_word' id='word_1_31' title='bbox 201 439 246 481; x_wconf 77' lang='grc' dir='ltr'><strong>δὲ</strong></span> <span class='ocrx_word' id='word_1_32' title='bbox 266 438 454 497; x_wconf 65' lang='grc' dir='ltr'><strong>βασιλείᾳ</strong></span> <span class='ocrx_word' id='word_1_33' title='bbox 472 435 620 493; x_wconf 77' lang='grc' dir='ltr'><em>ἣκιστα</em></span> <span class='ocrx_word' id='word_1_34' title='bbox 639 438 861 494; x_wconf 79' lang='grc' dir='ltr'><em>πρέποντα.</em></span> <span class='ocrx_word' id='word_1_35' title='bbox 931 437 1027 481; x_wconf 73' lang='grc' dir='ltr'><em>ἀλλ’</em></span> <span class='ocrx_word' id='word_1_36' title='bbox 1051 436 1160 481; x_wconf 75' lang='grc' dir='ltr'><em>οὕτω</em></span> <span class='ocrx_word' id='word_1_37' title='bbox 1180 438 1255 492; x_wconf 70' lang='grc' dir='ltr'><em>μὲν</em></span> <span class='ocrx_word' id='word_1_38' title='bbox 1270 437 1669 494; x_wconf 76' lang='grc' dir='ltr'><em>Ὀσφεντίσθλαβος,</em></span> 
     </span>
     <span class='ocr_line' id='line_1_6' title="bbox 201 504 1706 564; baseline 0.001 -14"><span class='ocrx_word' id='word_1_39' title='bbox 201 506 247 557; x_wconf 70' lang='grc' dir='ltr'><strong>’ὃς</strong></span> <span class='ocrx_word' id='word_1_40' title='bbox 265 509 333 549; x_wconf 86' lang='grc' dir='ltr'><strong>καὶ</strong></span> <span class='ocrx_word' id='word_1_41' title='bbox 357 507 462 561; x_wconf 81' lang='grc' dir='ltr'><em>μετὰ</em></span> <span class='ocrx_word' id='word_1_42' title='bbox 480 504 658 563; x_wconf 87' lang='grc' dir='ltr'><em>χρόνους</em></span> <span class='ocrx_word' id='word_1_43' title='bbox 677 511 753 550; x_wconf 82' lang='grc' dir='ltr'><strong>τοῦ</strong></span> <span class='ocrx_word' id='word_1_44' title='bbox 776 507 883 550; x_wconf 78' lang='grc' dir='ltr'><em>ἰδίου</em></span> <span class='ocrx_word' id='word_1_45' title='bbox 905 507 1062 564; x_wconf 84' lang='grc' dir='ltr'><em>πατρὸς</em></span> <span class='ocrx_word' id='word_1_46' title='bbox 1083 511 1265 563; x_wconf 75' lang='grc' dir='ltr'><em>Τερτερῆ</em></span> <span class='ocrx_word' id='word_1_47' title='bbox 1295 506 1474 557; x_wconf 72' lang='grc' dir='ltr'><em>πολλοὺς</em></span> <span class='ocrx_word' id='word_1_48' title='bbox 1496 510 1579 549; x_wconf 83' lang='grc' dir='ltr'><em>τῶν</em></span> <span class='ocrx_word' id='word_1_49' title='bbox 1597 511 1706 552; x_wconf 71' lang='grc' dir='ltr'><em>τοῦδ</em></span> 
     </span>
     <span class='ocr_line' id='line_1_7' title="bbox 59 572 1674 633; baseline -0.001 -14"><span class='ocrx_word' id='word_1_50' title='bbox 59 586 86 619; x_wconf 90' lang='grc' dir='ltr'>Ρ</span> <span class='ocrx_word' id='word_1_51' title='bbox 114 586 179 620; x_wconf 85' lang='grc'><strong>180</strong></span> <span class='ocrx_word' id='word_1_52' title='bbox 203 577 406 619; x_wconf 84' lang='grc' dir='ltr'><em>παλατίου</em></span> <span class='ocrx_word' id='word_1_53' title='bbox 439 574 701 631; x_wconf 75' lang='grc' dir='ltr'><strong><em>ἀντήλλαξεν.</em></strong></span> <span class='ocrx_word' id='word_1_54' title='bbox 772 574 794 619; x_wconf 83' lang='grc' dir='ltr'><em>ὃ</em></span> <span class='ocrx_word' id='word_1_55' title='bbox 825 576 905 633; x_wconf 77' lang='grc' dir='ltr'><strong>γὰρ</strong></span> <span class='ocrx_word' id='word_1_56' title='bbox 932 581 1014 619; x_wconf 85' lang='grc' dir='ltr'><em>τῶν</em></span> <span class='ocrx_word' id='word_1_57' title='bbox 1045 573 1297 633; x_wconf 80' lang='grc' dir='ltr'><em>Βουλγάρων</em></span> <span class='ocrx_word' id='word_1_58' title='bbox 1327 572 1674 632; x_wconf 79' lang='grc' dir='ltr'><em>σεβαστοκράτωρ</em></span> 
     </span>
     <span class='ocr_line' id='line_1_8' title="bbox 198 642 1675 702; baseline -0.001 -14"><span class='ocrx_word' id='word_1_59' title='bbox 198 642 516 699; x_wconf 73' lang='grc' dir='ltr'><em>Ῥαδοσθλάβος</em></span> <span class='ocrx_word' id='word_1_60' title='bbox 542 649 709 699; x_wconf 76' lang='grc' dir='ltr'><em>βασιλεῖ’</em></span> <span class='ocrx_word' id='word_1_61' title='bbox 734 643 1062 702; x_wconf 77' lang='grc' dir='ltr'><em>προσχωρήσας,</em></span> <span class='ocrx_word' id='word_1_62' title='bbox 1100 647 1169 688; x_wconf 83' lang='grc' dir='ltr'><strong>καὶ</strong></span> <span class='ocrx_word' id='word_1_63' title='bbox 1201 645 1306 702; x_wconf 77' lang='grc' dir='ltr'><em>παρ’</em></span> <span class='ocrx_word' id='word_1_64' title='bbox 1328 645 1459 688; x_wconf 76' lang='grc' dir='ltr'><em>αὐτοῦ</em></span> <span class='ocrx_word' id='word_1_65' title='bbox 1478 644 1530 700; x_wconf 79' lang='grc' dir='ltr'><strong>δὴ</strong></span> <span class='ocrx_word' id='word_1_66' title='bbox 1549 645 1606 694; x_wconf 76' lang='grc' dir='ltr'><strong>εἷς</strong></span> <span class='ocrx_word' id='word_1_67' title='bbox 1626 644 1675 687; x_wconf 81' lang='grc' dir='ltr'><strong>τὸ</strong></span> 
     </span>
     <span class='ocr_line' id='line_1_9' title="bbox 201 713 1676 771; baseline -0.001 -14"><span class='ocrx_word' id='word_1_68' title='bbox 201 719 277 770; x_wconf 81' lang='grc' dir='ltr'><strong>τῆς</strong></span> <span class='ocrx_word' id='word_1_69' title='bbox 298 715 722 770; x_wconf 76' lang='grc' dir='ltr'><em>σεβαστοκρατορείας</em></span> <span class='ocrx_word' id='word_1_70' title='bbox 739 717 988 768; x_wconf 74' lang='grc' dir='ltr'><em>βεβαιωθεῖς</em></span> <span class='ocrx_word' id='word_1_71' title='bbox 1008 714 1191 768; x_wconf 73' lang='grc' dir='ltr'><em>ἀξίωμα,</em></span> <span class='ocrx_word' id='word_1_72' title='bbox 1226 715 1365 771; x_wconf 79' lang='grc' dir='ltr'><em>γένους</em></span> <span class='ocrx_word' id='word_1_73' title='bbox 1385 713 1443 758; x_wconf 78' lang='grc' dir='ltr'><em>ὢν</em></span> <span class='ocrx_word' id='word_1_74' title='bbox 1466 717 1542 757; x_wconf 81' lang='grc' dir='ltr'><strong>τοῦ</strong></span> <span class='ocrx_word' id='word_1_75' title='bbox 1560 730 1676 769; x_wconf 86' lang='grc' dir='ltr'><em>πρω-</em></span> 
     </span>
     <span class='ocr_line' id='line_1_10' title="bbox 202 780 1672 843; baseline -0.001 -16"><span class='ocrx_word' id='word_1_76' title='bbox 202 785 344 827; x_wconf 87' lang='grc' dir='ltr'><em>τίστου</em></span> <span class='ocrx_word' id='word_1_77' title='bbox 369 783 484 839; x_wconf 76' lang='grc' dir='ltr'><em>παρὰ</em></span> <span class='ocrx_word' id='word_1_78' title='bbox 505 780 763 841; x_wconf 78' lang='grc' dir='ltr'><em>Βουλγάροις</em></span> <span class='ocrx_word' id='word_1_79' title='bbox 783 783 864 843; x_wconf 78' lang='grc' dir='ltr'><strong>(τῷ</strong></span> <span class='ocrx_word' id='word_1_80' title='bbox 884 782 1165 843; x_wconf 35' lang='grc' dir='ltr'><em>γὰρ’-Σμίλτζῳ</em></span> <span class='ocrx_word' id='word_1_81' title='bbox 1188 786 1256 826; x_wconf 80' lang='grc' dir='ltr'><strong>καὶ</strong></span> <span class='ocrx_word' id='word_1_82' title='bbox 1279 780 1533 842; x_wconf 80' lang='grc' dir='ltr'><em>ὦμαιμόνει),</em></span> <span class='ocrx_word' id='word_1_83' title='bbox 1570 798 1672 826; x_wconf 77' lang='grc' dir='ltr'><em>συν-</em></span> 
     </span>
     <span class='ocr_line' id='line_1_11' title="bbox 202 851 1733 913; baseline 0.001 -18"><span class='ocrx_word' id='word_1_84' title='bbox 202 851 291 908; x_wconf 82' lang='grc' dir='ltr'><strong>άμα</strong></span> <span class='ocrx_word' id='word_1_85' title='bbox 312 853 517 902; x_wconf 79' lang='grc' dir='ltr'><strong><em>πλείστοις</em></strong></span> <span class='ocrx_word' id='word_1_86' title='bbox 540 852 764 910; x_wconf 82' lang='grc' dir='ltr'><em>Ἔλτιμηρῇ</em></span> <span class='ocrx_word' id='word_1_87' title='bbox 784 852 890 895; x_wconf 82' lang='grc' dir='ltr'><em>κατὰ</em></span> <span class='ocrx_word' id='word_1_88' title='bbox 911 853 983 896; x_wconf 86' lang='grc' dir='ltr'><em>τὸν</em></span> <span class='ocrx_word' id='word_1_89' title='bbox 1005 853 1197 910; x_wconf 82' lang='grc' dir='ltr'><em>Κρουνόν</em></span> <span class='ocrx_word' id='word_1_90' title='bbox 1225 853 1438 913; x_wconf 71' lang='grc' dir='ltr'><em>δεσποτείᾳ</em></span> <span class='ocrx_word' id='word_1_91' title='bbox 1457 851 1672 907; x_wconf 77' lang='grc' dir='ltr'><em>τετιμημέ-</em></span> <span class='ocrx_word' id='word_1_92' title='bbox 1691 862 1733 896; x_wconf 86' lang='grc'><strong>10</strong></span> 
     </span>
     <span class='ocr_line' id='line_1_12' title="bbox 203 920 1678 982; baseline -0.001 -18"><span class='ocrx_word' id='word_1_93' title='bbox 203 939 260 982; x_wconf 80' lang='grc' dir='ltr'><em>νῳ</em></span> <span class='ocrx_word' id='word_1_94' title='bbox 272 955 285 975; x_wconf 85' lang='grc'>,</span> <span class='ocrx_word' id='word_1_95' title='bbox 321 921 490 981; x_wconf 77' lang='grc' dir='ltr'><em>ἀδελφῷ</em></span> <span class='ocrx_word' id='word_1_96' title='bbox 509 938 553 978; x_wconf 83' lang='grc' dir='ltr'><strong>γε</strong></span> <span class='ocrx_word' id='word_1_97' title='bbox 577 920 664 965; x_wconf 75' lang='grc' dir='ltr'><em>ὄντι</em></span> <span class='ocrx_word' id='word_1_98' title='bbox 682 925 758 965; x_wconf 81' lang='grc' dir='ltr'><strong>τοῦ</strong></span> <span class='ocrx_word' id='word_1_99' title='bbox 781 925 978 980; x_wconf 70' lang='grc' dir='ltr'><em>Τερῒέρῆ,</em></span> <span class='ocrx_word' id='word_1_100' title='bbox 1017 924 1084 965; x_wconf 82' lang='grc' dir='ltr'><strong>καὶ</strong></span> <span class='ocrx_word' id='word_1_101' title='bbox 1103 921 1210 980; x_wconf 80' lang='grc' dir='ltr'><em>αὐτῇ</em></span> <span class='ocrx_word' id='word_1_102' title='bbox 1230 922 1282 978; x_wconf 82' lang='grc' dir='ltr'><strong>δὴ</strong></span> <span class='ocrx_word' id='word_1_103' title='bbox 1304 926 1355 979; x_wconf 85' lang='grc' dir='ltr'><strong>τῇ</strong></span> <span class='ocrx_word' id='word_1_104' title='bbox 1379 924 1454 965; x_wconf 78' lang='grc' dir='ltr'><strong>τοῦ</strong></span> <span class='ocrx_word' id='word_1_105' title='bbox 1474 920 1678 975; x_wconf 81' lang='grc' dir='ltr'><em>Σμίλτζου</em></span> 
     </span>
     <span class='ocr_line' id='line_1_13' title="bbox 156 988 1679 1050; baseline -0.001 -16"><span class='ocrx_word' id='word_1_106' title='bbox 156 993 184 1027; x_wconf 83' lang='grc' dir='ltr'><strong>Β</strong></span> <span class='ocrx_word' id='word_1_107' title='bbox 209 988 369 1050; x_wconf 77' lang='grc' dir='ltr'><em>συζῦγῳ</em></span> <span class='ocrx_word' id='word_1_108' title='bbox 392 988 668 1046; x_wconf 78' lang='grc' dir='ltr'><em>προσβάλλει,</em></span> <span class='ocrx_word' id='word_1_109' title='bbox 698 991 903 1045; x_wconf 79' lang='grc' dir='ltr'><em>Σμίλτζου</em></span> <span class='ocrx_word' id='word_1_110' title='bbox 930 995 1007 1034; x_wconf 79' lang='grc' dir='ltr'><strong>τοῦ</strong></span> <span class='ocrx_word' id='word_1_111' title='bbox 1033 991 1112 1047; x_wconf 78' lang='grc' dir='ltr'><strong>πρὸ</strong></span> <span class='ocrx_word' id='word_1_112' title='bbox 1143 990 1279 1047; x_wconf 78' lang='grc' dir='ltr'><em>ὀλίγον</em></span> <span class='ocrx_word' id='word_1_113' title='bbox 1301 992 1368 1033; x_wconf 79' lang='grc' dir='ltr'><strong>καὶ</strong></span> <span class='ocrx_word' id='word_1_114' title='bbox 1391 989 1521 1033; x_wconf 70' lang='grc' dir='ltr'><em>αὐτοῦ</em></span> <span class='ocrx_word' id='word_1_115' title='bbox 1541 991 1679 1032; x_wconf 88' lang='grc' dir='ltr'><em>Βουλ-</em></span> 
     </span>
     <span class='ocr_line' id='line_1_14' title="bbox 205 1057 1680 1117; baseline -0.002 -14"><span class='ocrx_word' id='word_1_116' title='bbox 205 1057 344 1117; x_wconf 80' lang='grc' dir='ltr'><em>γάρων</em></span> <span class='ocrx_word' id='word_1_117' title='bbox 366 1058 567 1116; x_wconf 75' lang='grc' dir='ltr'><em>ἄρξαντος</em></span> <span class='ocrx_word' id='word_1_118' title='bbox 585 1057 781 1114; x_wconf 80' lang='grc' dir='ltr'><em>βουλήσει</em></span> <span class='ocrx_word' id='word_1_119' title='bbox 797 1062 918 1116; x_wconf 83' lang='grc' dir='ltr'><strong>Νογᾶ</strong></span> <span class='ocrx_word' id='word_1_120' title='bbox 936 1058 1197 1117; x_wconf 77' lang='grc' dir='ltr'><em>ἀποδράντος</em></span> <span class='ocrx_word' id='word_1_121' title='bbox 1215 1064 1290 1103; x_wconf 80' lang='grc' dir='ltr'><strong>τοῦ</strong></span> <span class='ocrx_word' id='word_1_122' title='bbox 1314 1062 1496 1115; x_wconf 77' lang='grc' dir='ltr'><em>Τερτερῆ</em></span> <span class='ocrx_word' id='word_1_123' title='bbox 1510 1091 1524 1111; x_wconf 85' lang='grc'>,</span> <span class='ocrx_word' id='word_1_124' title='bbox 1562 1060 1597 1100; x_wconf 80' lang='grc' dir='ltr'><strong>εἶ</strong></span> <span class='ocrx_word' id='word_1_125' title='bbox 1613 1059 1680 1101; x_wconf 79' lang='grc' dir='ltr'><strong>καὶ</strong></span> 
     </span>
     <span class='ocr_line' id='line_1_15' title="bbox 207 1127 1681 1184; baseline -0.002 -12"><span class='ocrx_word' id='word_1_126' title='bbox 207 1129 311 1183; x_wconf 79' lang='grc' dir='ltr'><em>μετὰ</em></span> <span class='ocrx_word' id='word_1_127' title='bbox 344 1129 491 1184; x_wconf 83' lang='grc' dir='ltr'><em>μικρὸν</em></span> <span class='ocrx_word' id='word_1_128' title='bbox 522 1129 591 1171; x_wconf 76' lang='grc' dir='ltr'><strong>διὰ</strong></span> <span class='ocrx_word' id='word_1_129' title='bbox 622 1128 671 1172; x_wconf 82' lang='grc' dir='ltr'><strong>τὸ</strong></span> <span class='ocrx_word' id='word_1_130' title='bbox 700 1130 826 1184; x_wconf 77' lang='grc' dir='ltr'><em>κῆδος</em></span> <span class='ocrx_word' id='word_1_131' title='bbox 853 1130 921 1172; x_wconf 78' lang='grc' dir='ltr'><strong>καὶ</strong></span> <span class='ocrx_word' id='word_1_132' title='bbox 955 1128 1028 1172; x_wconf 85' lang='grc' dir='ltr'><em>τὸν</em></span> <span class='ocrx_word' id='word_1_133' title='bbox 1060 1131 1226 1182; x_wconf 82' lang='grc' dir='ltr'><em>Τζακᾶν</em></span> <span class='ocrx_word' id='word_1_134' title='bbox 1258 1127 1588 1183; x_wconf 75' lang='grc' dir='ltr'><em>προτιμηθέντος</em></span> <span class='ocrx_word' id='word_1_135' title='bbox 1605 1129 1681 1170; x_wconf 81' lang='grc' dir='ltr'><strong>τοῦ</strong></span> 
     </span>
     <span class='ocr_line' id='line_1_16' title="bbox 205 1186 1736 1256; baseline 0 -15"><span class='ocrx_word' id='word_1_136' title='bbox 205 1195 592 1256; x_wconf 72' lang='grc' dir='ltr'><em>Ὀσφεντισθλάβου</em></span> <span class='ocrx_word' id='word_1_137' title='bbox 623 1197 728 1252; x_wconf 72' lang='grc' dir='ltr'><em>μετὰ</em></span> <span class='ocrx_word' id='word_1_138' title='bbox 756 1197 829 1241; x_wconf 87' lang='grc' dir='ltr'><em>τὸν</em></span> <span class='ocrx_word' id='word_1_139' title='bbox 851 1200 1017 1251; x_wconf 86' lang='grc' dir='ltr'><em>Τζακᾶν</em></span> <span class='ocrx_word' id='word_1_140' title='bbox 1039 1200 1226 1255; x_wconf 78' lang='grc' dir='ltr'><em>φροῦδος</em></span> <span class='ocrx_word' id='word_1_141' title='bbox 1249 1186 1270 1241; x_wconf 78' lang='grc' dir='ltr'>ὅ</span> <span class='ocrx_word' id='word_1_142' title='bbox 1294 1198 1495 1252; x_wconf 79' lang='grc' dir='ltr'><em>Σμίλτζος</em></span> <span class='ocrx_word' id='word_1_143' title='bbox 1515 1197 1678 1252; x_wconf 71' lang='grc' dir='ltr'><em>γίνεται.</em></span> <span class='ocrx_word' id='word_1_144' title='bbox 1695 1206 1736 1241; x_wconf 86' lang='grc'><strong>15</strong></span> 
     </span>
     <span class='ocr_line' id='line_1_17' title="bbox 211 1263 1683 1324; baseline -0.003 -14"><span class='ocrx_word' id='word_1_145' title='bbox 211 1264 303 1311; x_wconf 81' lang='grc' dir='ltr'><em>τότε</em></span> <span class='ocrx_word' id='word_1_146' title='bbox 335 1268 473 1311; x_wconf 82' lang='grc' dir='ltr'><em>τοίνυν</em></span> <span class='ocrx_word' id='word_1_147' title='bbox 505 1268 549 1310; x_wconf 74' lang='grc' dir='ltr'><strong>ἐκ</strong></span> <span class='ocrx_word' id='word_1_148' title='bbox 581 1268 888 1323; x_wconf 77' lang='grc' dir='ltr'><em>Θεσσαλονίκης</em></span> <span class='ocrx_word' id='word_1_149' title='bbox 927 1267 1042 1324; x_wconf 82' lang='grc' dir='ltr'><em>παρὰ</em></span> <span class='ocrx_word' id='word_1_150' title='bbox 1068 1266 1270 1322; x_wconf 76' lang='grc' dir='ltr'><em>βασιλέως</em></span> <span class='ocrx_word' id='word_1_151' title='bbox 1308 1265 1606 1320; x_wconf 73' lang='grc' dir='ltr'><em>ἀποσταλέντες</em></span> <span class='ocrx_word' id='word_1_152' title='bbox 1643 1263 1683 1307; x_wconf 79' lang='grc' dir='ltr'><strong>οἱ</strong></span> 
     </span>
     <span class='ocr_line' id='line_1_18' title="bbox 212 1332 1679 1394; baseline -0.002 -15"><span class='ocrx_word' id='word_1_153' title='bbox 212 1338 303 1394; x_wconf 74' lang='grc' dir='ltr'><strong>περὶ</strong></span> <span class='ocrx_word' id='word_1_154' title='bbox 342 1336 414 1380; x_wconf 80' lang='grc' dir='ltr'><em>τὸν</em></span> <span class='ocrx_word' id='word_1_155' title='bbox 455 1334 772 1391; x_wconf 77' lang='grc' dir='ltr'><em>Ῥαδοσθλάβον</em></span> <span class='ocrx_word' id='word_1_156' title='bbox 784 1369 798 1390; x_wconf 83' lang='grc'>,</span> <span class='ocrx_word' id='word_1_157' title='bbox 852 1336 930 1380; x_wconf 76' lang='grc' dir='ltr'><em>σὺν</em></span> <span class='ocrx_word' id='word_1_158' title='bbox 968 1342 1056 1388; x_wconf 81' lang='grc' dir='ltr'><em>τοῖς</em></span> <span class='ocrx_word' id='word_1_159' title='bbox 1094 1339 1306 1394; x_wconf 81' lang='grc' dir='ltr'><em>μεγιστᾶσι</em></span> <span class='ocrx_word' id='word_1_160' title='bbox 1344 1339 1420 1379; x_wconf 83' lang='grc' dir='ltr'><strong>τοῦ</strong></span> <span class='ocrx_word' id='word_1_161' title='bbox 1462 1332 1679 1389; x_wconf 76' lang='grc' dir='ltr'><em>βασιλέως,</em></span> 
     </span>
    </p>
   </div>
   <div class='ocr_carea' id='block_1_3' title="bbox 212 1479 1699 2829">
    <p class='ocr_par' dir='ltr' id='par_1_3' title="bbox 212 1479 1699 2829">
     <span class='ocr_line' id='line_1_19' title="bbox 213 1479 1685 1538; baseline -0.002 -12"><span class='ocrx_word' id='word_1_162' title='bbox 213 1496 346 1538; x_wconf 88' lang='lat' dir='ltr'><strong>tempus</strong></span> <span class='ocrx_word' id='word_1_163' title='bbox 370 1493 487 1537; x_wconf 76' lang='lat' dir='ltr'><strong>aptum</strong></span> <span class='ocrx_word' id='word_1_164' title='bbox 510 1491 770 1527; x_wconf 72' lang='lat' dir='ltr'><strong>existimantium</strong></span> <span class='ocrx_word' id='word_1_165' title='bbox 791 1491 1004 1527; x_wconf 86' lang='lat' dir='ltr'><strong>restituendo</strong></span> <span class='ocrx_word' id='word_1_166' title='bbox 1027 1492 1106 1526; x_wconf 87' lang='lat' dir='ltr'><strong>huic</strong></span> <span class='ocrx_word' id='word_1_167' title='bbox 1127 1491 1163 1526; x_wconf 91' lang='lat' dir='ltr'><strong>in</strong></span> <span class='ocrx_word' id='word_1_168' title='bbox 1183 1494 1362 1537; x_wconf 79' lang='lat' dir='ltr'><strong>paternum</strong></span> <span class='ocrx_word' id='word_1_169' title='bbox 1384 1479 1685 1536; x_wconf 45' lang='lat' dir='ltr'><strong>regnnmsquando</strong></span> 
     </span>
     <span class='ocr_line' id='line_1_20' title="bbox 214 1536 1686 1582; baseline -0.003 -10"><span class='ocrx_word' id='word_1_170' title='bbox 214 1550 271 1572; x_wconf 85' lang='lat' dir='ltr'><strong>res</strong></span> <span class='ocrx_word' id='word_1_171' title='bbox 294 1538 530 1572; x_wconf 81' lang='lat' dir='ltr'><strong>Tocharorum</strong></span> <span class='ocrx_word' id='word_1_172' title='bbox 551 1539 757 1572; x_wconf 75' lang='lat' dir='ltr'><strong>infensorum</strong></span> <span class='ocrx_word' id='word_1_173' title='bbox 779 1538 849 1582; x_wconf 89' lang='lat' dir='ltr'><strong>ipsi</strong></span> <span class='ocrx_word' id='word_1_174' title='bbox 874 1539 1093 1573; x_wconf 86' lang='lat' dir='ltr'><strong>confirmatae</strong></span> <span class='ocrx_word' id='word_1_175' title='bbox 1114 1539 1261 1572; x_wconf 88' lang='lat' dir='ltr'><strong>nondum</strong></span> <span class='ocrx_word' id='word_1_176' title='bbox 1291 1539 1390 1572; x_wconf 84' lang='lat' dir='ltr'><strong>erant</strong></span> <span class='ocrx_word' id='word_1_177' title='bbox 1411 1537 1446 1570; x_wconf 89' lang='lat' dir='ltr'><strong>in</strong></span> <span class='ocrx_word' id='word_1_178' title='bbox 1469 1536 1605 1582; x_wconf 86' lang='lat' dir='ltr'><strong>plenum</strong></span> <span class='ocrx_word' id='word_1_179' title='bbox 1627 1547 1686 1568; x_wconf 88' lang='lat' dir='ltr'><strong>ro-</strong></span> 
     </span>
     <span class='ocr_line' id='line_1_21' title="bbox 212 1582 1686 1628; baseline -0.002 -10"><span class='ocrx_word' id='word_1_180' title='bbox 212 1586 278 1618; x_wconf 85' lang='lat' dir='ltr'><strong>bur</strong></span> <span class='ocrx_word' id='word_1_181' title='bbox 311 1595 355 1617; x_wconf 88' lang='lat' dir='ltr'><strong>ex</strong></span> <span class='ocrx_word' id='word_1_182' title='bbox 390 1594 555 1617; x_wconf 86' lang='lat' dir='ltr'><strong>concussu</strong></span> <span class='ocrx_word' id='word_1_183' title='bbox 586 1584 669 1618; x_wconf 81' lang='lat' dir='ltr'><strong>belli</strong></span> <span class='ocrx_word' id='word_1_184' title='bbox 697 1584 902 1618; x_wconf 77' lang='lat' dir='ltr'><strong>atrocissimi</strong></span> <span class='ocrx_word' id='word_1_185' title='bbox 926 1585 1053 1626; x_wconf 82' lang='lat' dir='ltr'><strong>civilis,</strong></span> <span class='ocrx_word' id='word_1_186' title='bbox 1084 1584 1180 1618; x_wconf 84' lang='lat' dir='ltr'><strong>cuius</strong></span> <span class='ocrx_word' id='word_1_187' title='bbox 1203 1586 1384 1628; x_wconf 87' lang='lat' dir='ltr'><strong>utcumque</strong></span> <span class='ocrx_word' id='word_1_188' title='bbox 1406 1582 1519 1616; x_wconf 81' lang='lat' dir='ltr'><strong>victor</strong></span> <span class='ocrx_word' id='word_1_189' title='bbox 1540 1582 1686 1616; x_wconf 81' lang='lat' dir='ltr'><strong>Tuctais</strong></span> 
     </span>
     <span class='ocr_line' id='line_1_22' title="bbox 214 1628 1688 1675; baseline -0.003 -11"><span class='ocrx_word' id='word_1_190' title='bbox 214 1634 251 1664; x_wconf 78' lang='lat' dir='ltr'><strong>et</strong></span> <span class='ocrx_word' id='word_1_191' title='bbox 283 1629 407 1663; x_wconf 87' lang='lat' dir='ltr'><strong>multos</strong></span> <span class='ocrx_word' id='word_1_192' title='bbox 439 1629 600 1663; x_wconf 85' lang='lat' dir='ltr'><strong>amiserat</strong></span> <span class='ocrx_word' id='word_1_193' title='bbox 622 1641 780 1671; x_wconf 88' lang='lat' dir='ltr'><strong>suorum,</strong></span> <span class='ocrx_word' id='word_1_194' title='bbox 803 1633 840 1663; x_wconf 81' lang='lat' dir='ltr'><strong>et</strong></span> <span class='ocrx_word' id='word_1_195' title='bbox 861 1630 959 1674; x_wconf 86' lang='lat' dir='ltr'><strong>regio</strong></span> <span class='ocrx_word' id='word_1_196' title='bbox 982 1641 1083 1675; x_wconf 88' lang='lat' dir='ltr'><strong>quam</strong></span> <span class='ocrx_word' id='word_1_197' title='bbox 1106 1628 1272 1664; x_wconf 86' lang='lat' dir='ltr'><strong>vincendo</strong></span> <span class='ocrx_word' id='word_1_198' title='bbox 1306 1628 1516 1674; x_wconf 74' lang='lat' dir='ltr'><strong>acquisierat</strong></span> <span class='ocrx_word' id='word_1_199' title='bbox 1549 1630 1688 1662; x_wconf 76' lang='lat' dir='ltr'><strong>vastata</strong></span> 
     </span>
     <span class='ocr_line' id='line_1_23' title="bbox 214 1673 1687 1721; baseline -0.003 -11"><span class='ocrx_word' id='word_1_200' title='bbox 214 1675 439 1720; x_wconf 82' lang='lat' dir='ltr'><strong>desolataque</strong></span> <span class='ocrx_word' id='word_1_201' title='bbox 460 1675 496 1708; x_wconf 89' lang='lat' dir='ltr'><strong>in</strong></span> <span class='ocrx_word' id='word_1_202' title='bbox 523 1676 658 1720; x_wconf 88' lang='lat' dir='ltr'><strong>longum</strong></span> <span class='ocrx_word' id='word_1_203' title='bbox 681 1676 791 1710; x_wconf 87' lang='lat' dir='ltr'><strong>adhuc</strong></span> <span class='ocrx_word' id='word_1_204' title='bbox 814 1680 948 1721; x_wconf 86' lang='lat' dir='ltr'><strong>tempus</strong></span> <span class='ocrx_word' id='word_1_205' title='bbox 972 1681 1066 1719; x_wconf 86' lang='lat' dir='ltr'><strong>erat,</strong></span> <span class='ocrx_word' id='word_1_206' title='bbox 1089 1695 1134 1701; x_wconf 94' lang='lat'>—</span> <span class='ocrx_word' id='word_1_207' title='bbox 1158 1676 1276 1719; x_wconf 86' lang='lat' dir='ltr'><strong>huius,</strong></span> <span class='ocrx_word' id='word_1_208' title='bbox 1299 1675 1456 1720; x_wconf 86' lang='lat' dir='ltr'><strong>inquam,</strong></span> <span class='ocrx_word' id='word_1_209' title='bbox 1488 1673 1687 1708; x_wconf 85' lang='lat' dir='ltr'><strong>invitatione</strong></span> 
     </span>
     <span class='ocr_line' id='line_1_24' title="bbox 213 1719 1690 1768; baseline -0.003 -12"><span class='ocrx_word' id='word_1_210' title='bbox 213 1722 394 1766; x_wconf 77' lang='lat' dir='ltr'><strong>legationis</strong></span> <span class='ocrx_word' id='word_1_211' title='bbox 417 1721 624 1756; x_wconf 68' lang='lat' dir='ltr'><strong>Michaelem</strong></span> <span class='ocrx_word' id='word_1_212' title='bbox 648 1722 691 1756; x_wconf 90' lang='lat' dir='ltr'><strong>ad</strong></span> <span class='ocrx_word' id='word_1_213' title='bbox 714 1723 902 1766; x_wconf 83' lang='lat' dir='ltr'><strong>Bulgaros‚</strong></span> <span class='ocrx_word' id='word_1_214' title='bbox 937 1725 1041 1768; x_wconf 88' lang='lat' dir='ltr'><strong>prout</strong></span> <span class='ocrx_word' id='word_1_215' title='bbox 1072 1723 1282 1768; x_wconf 85' lang='lat' dir='ltr'><strong>poscebant,</strong></span> <span class='ocrx_word' id='word_1_216' title='bbox 1315 1720 1420 1755; x_wconf 84' lang='lat' dir='ltr'><strong>misit.</strong></span> <span class='ocrx_word' id='word_1_217' title='bbox 1466 1724 1502 1755; x_wconf 89' lang='lat' dir='ltr'><strong>et</strong></span> <span class='ocrx_word' id='word_1_218' title='bbox 1531 1719 1690 1765; x_wconf 76' lang='lat' dir='ltr'><strong>pervenit</strong></span> 
     </span>
     <span class='ocr_line' id='line_1_25' title="bbox 215 1767 1688 1814; baseline -0.002 -12"><span class='ocrx_word' id='word_1_219' title='bbox 215 1769 273 1802; x_wconf 82' lang='lat' dir='ltr'><strong>ille</strong></span> <span class='ocrx_word' id='word_1_220' title='bbox 296 1767 433 1814; x_wconf 87' lang='lat' dir='ltr'><strong>quidem</strong></span> <span class='ocrx_word' id='word_1_221' title='bbox 454 1767 489 1801; x_wconf 89' lang='lat' dir='ltr'><strong>in</strong></span> <span class='ocrx_word' id='word_1_222' title='bbox 511 1768 725 1813; x_wconf 81' lang='lat' dir='ltr'><strong>Bulgariam:</strong></span> <span class='ocrx_word' id='word_1_223' title='bbox 753 1772 925 1802; x_wconf 85' lang='lat' dir='ltr'><strong>caeterum</strong></span> <span class='ocrx_word' id='word_1_224' title='bbox 948 1769 1038 1803; x_wconf 89' lang='lat' dir='ltr'><strong>haud</strong></span> <span class='ocrx_word' id='word_1_225' title='bbox 1059 1773 1203 1813; x_wconf 84' lang='lat' dir='ltr'><strong>paratas</strong></span> <span class='ocrx_word' id='word_1_226' title='bbox 1224 1767 1297 1801; x_wconf 88' lang='lat' dir='ltr'><strong>illic</strong></span> <span class='ocrx_word' id='word_1_227' title='bbox 1320 1778 1383 1813; x_wconf 89' lang='lat' dir='ltr'><strong>pro</strong></span> <span class='ocrx_word' id='word_1_228' title='bbox 1405 1770 1486 1811; x_wconf 82' lang='lat' dir='ltr'><strong>voto</strong></span> <span class='ocrx_word' id='word_1_229' title='bbox 1507 1777 1566 1800; x_wconf 88' lang='lat' dir='ltr'><strong>res</strong></span> <span class='ocrx_word' id='word_1_230' title='bbox 1586 1777 1688 1810; x_wconf 80' lang='lat' dir='ltr'><strong>repe-</strong></span> 
     </span>
     <span class='ocr_line' id='line_1_26' title="bbox 214 1811 1688 1860; baseline -0.003 -11"><span class='ocrx_word' id='word_1_231' title='bbox 214 1814 275 1856; x_wconf 86' lang='lat' dir='ltr'><strong>rit,</strong></span> <span class='ocrx_word' id='word_1_232' title='bbox 296 1813 450 1849; x_wconf 80' lang='lat' dir='ltr'><strong>factione</strong></span> <span class='ocrx_word' id='word_1_233' title='bbox 473 1825 563 1860; x_wconf 90' lang='lat' dir='ltr'><strong>quae</strong></span> <span class='ocrx_word' id='word_1_234' title='bbox 584 1815 676 1849; x_wconf 86' lang='lat' dir='ltr'><strong>illum</strong></span> <span class='ocrx_word' id='word_1_235' title='bbox 698 1814 908 1849; x_wconf 80' lang='lat' dir='ltr'><strong>accersierat</strong></span> <span class='ocrx_word' id='word_1_236' title='bbox 929 1826 997 1849; x_wconf 90' lang='lat' dir='ltr'><strong>non</strong></span> <span class='ocrx_word' id='word_1_237' title='bbox 1024 1815 1160 1849; x_wconf 82' lang='lat' dir='ltr'><strong>valente</strong></span> <span class='ocrx_word' id='word_1_238' title='bbox 1182 1814 1217 1847; x_wconf 87' lang='lat' dir='ltr'><strong>in</strong></span> <span class='ocrx_word' id='word_1_239' title='bbox 1243 1814 1362 1847; x_wconf 88' lang='lat' dir='ltr'><strong>urbem</strong></span> <span class='ocrx_word' id='word_1_240' title='bbox 1385 1820 1463 1846; x_wconf 68' lang='lat' dir='ltr'><strong>eum‘</strong></span> <span class='ocrx_word' id='word_1_241' title='bbox 1482 1812 1612 1856; x_wconf 86' lang='lat' dir='ltr'><strong>regiam</strong></span> <span class='ocrx_word' id='word_1_242' title='bbox 1635 1811 1688 1844; x_wconf 88' lang='lat' dir='ltr'><strong>in-</strong></span> 
     </span>
     <span class='ocr_line' id='line_1_27' title="bbox 214 1857 1690 1906; baseline -0.002 -12"><span class='ocrx_word' id='word_1_243' title='bbox 214 1860 409 1895; x_wconf 77' lang='lat' dir='ltr'><strong>troducere.</strong></span> <span class='ocrx_word' id='word_1_244' title='bbox 462 1872 571 1906; x_wconf 88' lang='lat' dir='ltr'><strong>quare</strong></span> <span class='ocrx_word' id='word_1_245' title='bbox 603 1860 751 1895; x_wconf 69' lang='lat' dir='ltr'><strong>Michael</strong></span> <span class='ocrx_word' id='word_1_246' title='bbox 784 1861 1013 1895; x_wconf 85' lang='lat' dir='ltr'><strong>tantummodo</strong></span> <span class='ocrx_word' id='word_1_247' title='bbox 1050 1872 1180 1905; x_wconf 87' lang='lat' dir='ltr'><strong>vagans</strong></span> <span class='ocrx_word' id='word_1_248' title='bbox 1221 1863 1321 1894; x_wconf 82' lang='lat' dir='ltr'><strong>extra</strong></span> <span class='ocrx_word' id='word_1_249' title='bbox 1351 1859 1549 1893; x_wconf 83' lang='lat' dir='ltr'><strong>&#39;rernobum</strong></span> <span class='ocrx_word' id='word_1_250' title='bbox 1584 1857 1690 1892; x_wconf 85' lang='lat' dir='ltr'><strong>vitam</strong></span> 
     </span>
     <span class='ocr_line' id='line_1_28' title="bbox 214 1904 1691 1953; baseline -0.003 -11"><span class='ocrx_word' id='word_1_251' title='bbox 214 1908 342 1952; x_wconf 83' lang='lat' dir='ltr'><strong>agebat</strong></span> <span class='ocrx_word' id='word_1_252' title='bbox 363 1918 430 1940; x_wconf 91' lang='lat' dir='ltr'><strong>non</strong></span> <span class='ocrx_word' id='word_1_253' title='bbox 452 1907 593 1941; x_wconf 90' lang='lat' dir='ltr'><strong>multum</strong></span> <span class='ocrx_word' id='word_1_254' title='bbox 614 1907 752 1953; x_wconf 82' lang='lat' dir='ltr'><strong>privata</strong></span> <span class='ocrx_word' id='word_1_255' title='bbox 776 1907 1075 1951; x_wconf 75' lang='lat' dir='ltr'><strong>clariorem‚,certe</strong></span> <span class='ocrx_word' id='word_1_256' title='bbox 1097 1918 1119 1941; x_wconf 92' lang='lat' dir='ltr'><strong>a</strong></span> <span class='ocrx_word' id='word_1_257' title='bbox 1140 1906 1336 1952; x_wconf 85' lang='lat' dir='ltr'><strong>principalis</strong></span> <span class='ocrx_word' id='word_1_258' title='bbox 1356 1905 1486 1948; x_wconf 78' lang='lat' dir='ltr'><strong>fastigii</strong></span> <span class='ocrx_word' id='word_1_259' title='bbox 1508 1904 1691 1950; x_wconf 80' lang='lat' dir='ltr'><strong>splendore</strong></span> 
     </span>
     <span class='ocr_line' id='line_1_29' title="bbox 217 1949 1690 1999; baseline -0.002 -13"><span class='ocrx_word' id='word_1_260' title='bbox 217 1953 395 1998; x_wconf 80' lang='lat' dir='ltr'><strong>plurimum</strong></span> <span class='ocrx_word' id='word_1_261' title='bbox 418 1953 632 1988; x_wconf 84' lang='lat' dir='ltr'><strong>deficientem</strong></span> <span class='ocrx_word' id='word_1_262' title='bbox 655 1964 696 1988; x_wconf 87' lang='lat' dir='ltr'><strong>ac</strong></span> <span class='ocrx_word' id='word_1_263' title='bbox 718 1953 891 1988; x_wconf 85' lang='lat' dir='ltr'><strong>maiestati</strong></span> <span class='ocrx_word' id='word_1_264' title='bbox 911 1953 1028 1999; x_wconf 86' lang='lat' dir='ltr'><strong>regiae</strong></span> <span class='ocrx_word' id='word_1_265' title='bbox 1050 1952 1184 1987; x_wconf 87' lang='lat' dir='ltr'><strong>minime</strong></span> <span class='ocrx_word' id='word_1_266' title='bbox 1205 1953 1386 1993; x_wconf 85' lang='lat' dir='ltr'><strong>decoram,</strong></span> <span class='ocrx_word' id='word_1_267' title='bbox 1409 1961 1523 1985; x_wconf 87' lang='lat' dir='ltr'><strong>rerum</strong></span> <span class='ocrx_word' id='word_1_268' title='bbox 1545 1950 1615 1984; x_wconf 89' lang='lat' dir='ltr'><strong>illic</strong></span> <span class='ocrx_word' id='word_1_269' title='bbox 1636 1949 1690 1983; x_wconf 87' lang='lat' dir='ltr'><strong>ni-</strong></span> 
     </span>
     <span class='ocr_line' id='line_1_30' title="bbox 218 1996 1692 2045; baseline -0.001 -13"><span class='ocrx_word' id='word_1_270' title='bbox 218 1999 286 2033; x_wconf 84' lang='lat' dir='ltr'><strong>hilo</strong></span> <span class='ocrx_word' id='word_1_271' title='bbox 309 1999 420 2033; x_wconf 84' lang='lat' dir='ltr'><strong>secius</strong></span> <span class='ocrx_word' id='word_1_272' title='bbox 445 1999 593 2044; x_wconf 85' lang='lat' dir='ltr'><strong>potiente</strong></span> <span class='ocrx_word' id='word_1_273' title='bbox 607 2000 932 2045; x_wconf 75' lang='lat' dir='ltr'><strong>Osphentisthlab03</strong></span> <span class='ocrx_word' id='word_1_274' title='bbox 955 2000 1011 2034; x_wconf 90' lang='lat' dir='ltr'><strong>cui</strong></span> <span class='ocrx_word' id='word_1_275' title='bbox 1034 2005 1069 2034; x_wconf 86' lang='lat' dir='ltr'><strong>et</strong></span> <span class='ocrx_word' id='word_1_276' title='bbox 1092 2004 1172 2045; x_wconf 84' lang='lat' dir='ltr'><strong>post</strong></span> <span class='ocrx_word' id='word_1_277' title='bbox 1192 2003 1327 2044; x_wconf 85' lang='lat' dir='ltr'><strong>tempus</strong></span> <span class='ocrx_word' id='word_1_278' title='bbox 1347 1997 1430 2032; x_wconf 87' lang='lat' dir='ltr'><strong>inde</strong></span> <span class='ocrx_word' id='word_1_279' title='bbox 1452 1996 1587 2042; x_wconf 84' lang='lat' dir='ltr'><strong>aliquod</strong></span> <span class='ocrx_word' id='word_1_280' title='bbox 1608 2006 1692 2031; x_wconf 86' lang='lat' dir='ltr'><strong>con-</strong></span> 
     </span>
     <span class='ocr_line' id='line_1_31' title="bbox 219 2045 1691 2091; baseline -0.001 -13"><span class='ocrx_word' id='word_1_281' title='bbox 219 2046 299 2089; x_wconf 84' lang='lat' dir='ltr'><strong>tigit</strong></span> <span class='ocrx_word' id='word_1_282' title='bbox 320 2045 487 2079; x_wconf 82' lang='lat' dir='ltr'><strong>redimere</strong></span> <span class='ocrx_word' id='word_1_283' title='bbox 508 2047 688 2080; x_wconf 83' lang='lat' dir='ltr'><strong>Terterem</strong></span> <span class='ocrx_word' id='word_1_284' title='bbox 715 2050 847 2091; x_wconf 85' lang='lat' dir='ltr'><strong>patrem</strong></span> <span class='ocrx_word' id='word_1_285' title='bbox 871 2046 1045 2091; x_wconf 78' lang='lat' dir='ltr'><strong>captivum</strong></span> <span class='ocrx_word' id='word_1_286' title='bbox 1076 2048 1119 2080; x_wconf 88' lang='lat' dir='ltr'><strong>ab</strong></span> <span class='ocrx_word' id='word_1_287' title='bbox 1143 2045 1348 2090; x_wconf 84' lang='lat' dir='ltr'><strong>imperatore</strong></span> <span class='ocrx_word' id='word_1_288' title='bbox 1381 2045 1577 2085; x_wconf 82' lang='lat' dir='ltr'><strong>detentum,</strong></span> <span class='ocrx_word' id='word_1_289' title='bbox 1608 2052 1691 2088; x_wconf 81' lang='lat' dir='ltr'><strong>pet-</strong></span> 
     </span>
     <span class='ocr_line' id='line_1_32' title="bbox 218 2091 1692 2137; baseline -0.001 -13"><span class='ocrx_word' id='word_1_290' title='bbox 218 2091 406 2125; x_wconf 85' lang='lat' dir='ltr'><strong>mutatione</strong></span> <span class='ocrx_word' id='word_1_291' title='bbox 429 2092 607 2127; x_wconf 83' lang='lat' dir='ltr'><strong>multorum</strong></span> <span class='ocrx_word' id='word_1_292' title='bbox 630 2104 650 2126; x_wconf 90' lang='lat' dir='ltr'><strong>e</strong></span> <span class='ocrx_word' id='word_1_293' title='bbox 672 2093 831 2137; x_wconf 85' lang='lat' dir='ltr'><strong>palatinis</strong></span> <span class='ocrx_word' id='word_1_294' title='bbox 854 2092 1018 2137; x_wconf 81' lang='lat' dir='ltr'><strong>Augusti,</strong></span> <span class='ocrx_word' id='word_1_295' title='bbox 1051 2093 1108 2137; x_wconf 91' lang='lat' dir='ltr'><strong>qui</strong></span> <span class='ocrx_word' id='word_1_296' title='bbox 1130 2092 1166 2126; x_wconf 87' lang='lat' dir='ltr'><strong>in</strong></span> <span class='ocrx_word' id='word_1_297' title='bbox 1191 2092 1266 2125; x_wconf 87' lang='lat' dir='ltr'><strong>eius</strong></span> <span class='ocrx_word' id='word_1_298' title='bbox 1301 2095 1507 2137; x_wconf 81' lang='lat' dir='ltr'><strong>potestatem</strong></span> <span class='ocrx_word' id='word_1_299' title='bbox 1527 2091 1692 2124; x_wconf 80' lang='lat' dir='ltr'><strong>venerant</strong></span> 
     </span>
     <span class='ocr_line' id='line_1_33' title="bbox 220 2134 1690 2182; baseline -0.002 -12"><span class='ocrx_word' id='word_1_300' title='bbox 220 2148 302 2171; x_wconf 81' lang='lat' dir='ltr'><strong>casu</strong></span> <span class='ocrx_word' id='word_1_301' title='bbox 327 2137 471 2182; x_wconf 87' lang='lat' dir='ltr'><strong>quodam</strong></span> <span class='ocrx_word' id='word_1_302' title='bbox 504 2139 558 2172; x_wconf 90' lang='lat' dir='ltr'><strong>hic</strong></span> <span class='ocrx_word' id='word_1_303' title='bbox 585 2138 735 2173; x_wconf 87' lang='lat' dir='ltr'><strong>breviter</strong></span> <span class='ocrx_word' id='word_1_304' title='bbox 766 2140 957 2173; x_wconf 86' lang='lat' dir='ltr'><strong>referendo.</strong></span> <span class='ocrx_word' id='word_1_305' title='bbox 1004 2139 1258 2173; x_wconf 80' lang='lat' dir='ltr'><strong>Radosthlabus</strong></span> <span class='ocrx_word' id='word_1_306' title='bbox 1292 2141 1369 2171; x_wconf 82' lang='lat' dir='ltr'><strong>erat</strong></span> <span class='ocrx_word' id='word_1_307' title='bbox 1394 2136 1531 2182; x_wconf 88' lang='lat' dir='ltr'><strong>quidam</strong></span> <span class='ocrx_word' id='word_1_308' title='bbox 1551 2134 1690 2180; x_wconf 83' lang='lat' dir='ltr'><strong>perillu-</strong></span> 
     </span>
     <span class='ocr_line' id='line_1_34' title="bbox 222 2180 1691 2230; baseline -0.003 -13"><span class='ocrx_word' id='word_1_309' title='bbox 222 2183 304 2217; x_wconf 83' lang='lat' dir='ltr'><strong>stris</strong></span> <span class='ocrx_word' id='word_1_310' title='bbox 324 2183 412 2217; x_wconf 85' lang='lat' dir='ltr'><strong>inter</strong></span> <span class='ocrx_word' id='word_1_311' title='bbox 424 2184 591 2228; x_wconf 84' lang='lat' dir='ltr'><strong>Bulgaros</strong></span> <span class='ocrx_word' id='word_1_312' title='bbox 607 2192 678 2219; x_wconf 84' lang='lat' dir='ltr'><strong>tum</strong></span> <span class='ocrx_word' id='word_1_313' title='bbox 696 2185 862 2230; x_wconf 85' lang='lat' dir='ltr'><strong>dignitate</strong></span> <span class='ocrx_word' id='word_1_314' title='bbox 884 2185 1164 2220; x_wconf 85' lang='lat' dir='ltr'><strong>sebastocratoris</strong></span> <span class='ocrx_word' id='word_1_315' title='bbox 1187 2196 1256 2229; x_wconf 88' lang='lat' dir='ltr'><strong>qua</strong></span> <span class='ocrx_word' id='word_1_316' title='bbox 1272 2184 1306 2218; x_wconf 86' lang='lat' dir='ltr'><strong>in</strong></span> <span class='ocrx_word' id='word_1_317' title='bbox 1318 2182 1480 2226; x_wconf 84' lang='lat' dir='ltr'><strong>Bulgaria</strong></span> <span class='ocrx_word' id='word_1_318' title='bbox 1500 2180 1691 2215; x_wconf 85' lang='lat' dir='ltr'><strong>honoraba-</strong></span> 
     </span>
     <span class='ocr_line' id='line_1_35' title="bbox 223 2228 1691 2277; baseline -0.003 -15"><span class='ocrx_word' id='word_1_319' title='bbox 223 2233 292 2270; x_wconf 88' lang='lat' dir='ltr'><strong>tur,</strong></span> <span class='ocrx_word' id='word_1_320' title='bbox 307 2233 379 2262; x_wconf 90' lang='lat' dir='ltr'><strong>tum</strong></span> <span class='ocrx_word' id='word_1_321' title='bbox 397 2230 574 2264; x_wconf 84' lang='lat' dir='ltr'><strong>nobilitate</strong></span> <span class='ocrx_word' id='word_1_322' title='bbox 592 2231 737 2266; x_wconf 82' lang='lat' dir='ltr'><strong>familiae</strong></span> <span class='ocrx_word' id='word_1_323' title='bbox 754 2231 855 2266; x_wconf 81' lang='lat' dir='ltr'><strong>facile</strong></span> <span class='ocrx_word' id='word_1_324' title='bbox 872 2232 943 2266; x_wconf 87' lang='lat' dir='ltr'><strong>illic</strong></span> <span class='ocrx_word' id='word_1_325' title='bbox 960 2231 1091 2277; x_wconf 87' lang='lat' dir='ltr'><strong>primae</strong></span> <span class='ocrx_word' id='word_1_326' title='bbox 1108 2230 1264 2265; x_wconf 88' lang='lat' dir='ltr'><strong>omniurn.</strong></span> <span class='ocrx_word' id='word_1_327' title='bbox 1287 2241 1365 2264; x_wconf 87' lang='lat' dir='ltr'><strong>nam</strong></span> <span class='ocrx_word' id='word_1_328' title='bbox 1373 2228 1691 2270; x_wconf 78' lang='lat' dir='ltr'><strong>Smiltzo‚numero-</strong></span> 
     </span>
     <span class='ocr_line' id='line_1_36' title="bbox 221 2274 1691 2323; baseline -0.003 -15"><span class='ocrx_word' id='word_1_329' title='bbox 221 2275 355 2309; x_wconf 82' lang='lat' dir='ltr'><strong>sissima</strong></span> <span class='ocrx_word' id='word_1_330' title='bbox 375 2275 409 2309; x_wconf 84' lang='lat' dir='ltr'><strong>in</strong></span> <span class='ocrx_word' id='word_1_331' title='bbox 430 2276 486 2310; x_wconf 87' lang='lat' dir='ltr'><strong>illo</strong></span> <span class='ocrx_word' id='word_1_332' title='bbox 510 2289 614 2321; x_wconf 83' lang='lat' dir='ltr'><strong>regno</strong></span> <span class='ocrx_word' id='word_1_333' title='bbox 640 2278 842 2323; x_wconf 79' lang='lat' dir='ltr'><strong>cognatione</strong></span> <span class='ocrx_word' id='word_1_334' title='bbox 872 2279 1022 2323; x_wconf 82' lang='lat' dir='ltr'><strong>inclytO,</strong></span> <span class='ocrx_word' id='word_1_335' title='bbox 1051 2277 1171 2312; x_wconf 82' lang='lat' dir='ltr'><strong>intima</strong></span> <span class='ocrx_word' id='word_1_336' title='bbox 1204 2288 1279 2311; x_wconf 87' lang='lat' dir='ltr'><strong>cum</strong></span> <span class='ocrx_word' id='word_1_337' title='bbox 1310 2274 1482 2320; x_wconf 87' lang='lat' dir='ltr'><strong>plerisque</strong></span> <span class='ocrx_word' id='word_1_338' title='bbox 1511 2280 1691 2318; x_wconf 82' lang='lat' dir='ltr'><strong>procerum</strong></span> 
     </span>
     <span class='ocr_line' id='line_1_37' title="bbox 224 2318 1692 2367; baseline -0.003 -13"><span class='ocrx_word' id='word_1_339' title='bbox 224 2321 337 2366; x_wconf 84' lang='lat' dir='ltr'><strong>gentis</strong></span> <span class='ocrx_word' id='word_1_340' title='bbox 364 2322 567 2366; x_wconf 85' lang='lat' dir='ltr'><strong>cognatione</strong></span> <span class='ocrx_word' id='word_1_341' title='bbox 589 2324 852 2367; x_wconf 77' lang='lat' dir='ltr'><strong>admovebatur3</strong></span> <span class='ocrx_word' id='word_1_342' title='bbox 889 2330 926 2359; x_wconf 86' lang='lat' dir='ltr'><strong>et</strong></span> <span class='ocrx_word' id='word_1_343' title='bbox 948 2325 1135 2359; x_wconf 79' lang='lat' dir='ltr'><strong>Eltimerae</strong></span> <span class='ocrx_word' id='word_1_344' title='bbox 1157 2322 1262 2357; x_wconf 90' lang='lat' dir='ltr'><strong>Cruni</strong></span> <span class='ocrx_word' id='word_1_345' title='bbox 1295 2322 1460 2365; x_wconf 85' lang='lat' dir='ltr'><strong>despotae</strong></span> <span class='ocrx_word' id='word_1_346' title='bbox 1482 2328 1633 2352; x_wconf 81' lang='lat' dir='ltr'><strong>sororem</strong></span> <span class='ocrx_word' id='word_1_347' title='bbox 1656 2318 1692 2350; x_wconf 92' lang='lat' dir='ltr'><strong>in</strong></span> 
     </span>
     <span class='ocr_line' id='line_1_38' title="bbox 225 2364 1694 2415; baseline -0.003 -13"><span class='ocrx_word' id='word_1_348' title='bbox 225 2366 438 2402; x_wconf 85' lang='lat' dir='ltr'><strong>matrimonio</strong></span> <span class='ocrx_word' id='word_1_349' title='bbox 461 2369 633 2412; x_wconf 85' lang='lat' dir='ltr'><strong>habebat,</strong></span> <span class='ocrx_word' id='word_1_350' title='bbox 665 2370 760 2404; x_wconf 84' lang='lat' dir='ltr'><strong>cuius</strong></span> <span class='ocrx_word' id='word_1_351' title='bbox 783 2370 970 2406; x_wconf 82' lang='lat' dir='ltr'><strong>Eltimerae</strong></span> <span class='ocrx_word' id='word_1_352' title='bbox 998 2381 1193 2415; x_wconf 80' lang='lat' dir='ltr'><strong>germanam</strong></span> <span class='ocrx_word' id='word_1_353' title='bbox 1216 2368 1357 2402; x_wconf 83' lang='lat' dir='ltr'><strong>alteram</strong></span> <span class='ocrx_word' id='word_1_354' title='bbox 1378 2365 1455 2410; x_wconf 86' lang='lat' dir='ltr'><strong>ipse</strong></span> <span class='ocrx_word' id='word_1_355' title='bbox 1475 2375 1539 2398; x_wconf 85' lang='lat' dir='ltr'><strong>rex</strong></span> <span class='ocrx_word' id='word_1_356' title='bbox 1563 2364 1694 2398; x_wconf 82' lang='lat' dir='ltr'><strong>Terte-</strong></span> 
     </span>
     <span class='ocr_line' id='line_1_39' title="bbox 225 2410 1694 2461; baseline -0.004 -13"><span class='ocrx_word' id='word_1_357' title='bbox 225 2424 282 2448; x_wconf 80' lang='lat' dir='ltr'><strong>res</strong></span> <span class='ocrx_word' id='word_1_358' title='bbox 304 2424 443 2448; x_wconf 83' lang='lat' dir='ltr'><strong>uxorem</strong></span> <span class='ocrx_word' id='word_1_359' title='bbox 465 2414 620 2450; x_wconf 86' lang='lat' dir='ltr'><strong>duxerat.</strong></span> <span class='ocrx_word' id='word_1_360' title='bbox 666 2428 769 2461; x_wconf 88' lang='lat' dir='ltr'><strong>porro</strong></span> <span class='ocrx_word' id='word_1_361' title='bbox 793 2417 954 2451; x_wconf 87' lang='lat' dir='ltr'><strong>Smiltzus</strong></span> <span class='ocrx_word' id='word_1_362' title='bbox 983 2416 1049 2451; x_wconf 86' lang='lat' dir='ltr'><strong>iste</strong></span> <span class='ocrx_word' id='word_1_363' title='bbox 1078 2426 1219 2460; x_wconf 86' lang='lat' dir='ltr'><strong>regnum</strong></span> <span class='ocrx_word' id='word_1_364' title='bbox 1242 2413 1466 2456; x_wconf 84' lang='lat' dir='ltr'><strong>Bulgarorum</strong></span> <span class='ocrx_word' id='word_1_365' title='bbox 1489 2410 1589 2455; x_wconf 84' lang='lat' dir='ltr'><strong>paulo</strong></span> <span class='ocrx_word' id='word_1_366' title='bbox 1613 2413 1694 2444; x_wconf 84' lang='lat' dir='ltr'><strong>ante</strong></span> 
     </span>
     <span class='ocr_line' id='line_1_40' title="bbox 225 2456 1694 2507; baseline -0.003 -13"><span class='ocrx_word' id='word_1_367' title='bbox 225 2459 440 2502; x_wconf 84' lang='lat' dir='ltr'><strong>obtinuerat,</strong></span> <span class='ocrx_word' id='word_1_368' title='bbox 473 2461 508 2495; x_wconf 88' lang='lat' dir='ltr'><strong>in</strong></span> <span class='ocrx_word' id='word_1_369' title='bbox 533 2473 572 2494; x_wconf 94' lang='lat' dir='ltr'><strong>eo</strong></span> <span class='ocrx_word' id='word_1_370' title='bbox 597 2461 791 2507; x_wconf 84' lang='lat' dir='ltr'><strong>principatu</strong></span> <span class='ocrx_word' id='word_1_371' title='bbox 812 2463 1018 2497; x_wconf 86' lang='lat' dir='ltr'><strong>substitutus</strong></span> <span class='ocrx_word' id='word_1_372' title='bbox 1051 2474 1071 2496; x_wconf 87' lang='lat' dir='ltr'><strong>a</strong></span> <span class='ocrx_word' id='word_1_373' title='bbox 1093 2462 1195 2505; x_wconf 84' lang='lat' dir='ltr'><strong>Noga</strong></span> <span class='ocrx_word' id='word_1_374' title='bbox 1222 2460 1420 2502; x_wconf 77' lang='lat' dir='ltr'><strong>transfugae</strong></span> <span class='ocrx_word' id='word_1_375' title='bbox 1443 2456 1487 2491; x_wconf 88' lang='lat' dir='ltr'><strong>ad</strong></span> <span class='ocrx_word' id='word_1_376' title='bbox 1507 2457 1694 2501; x_wconf 84' lang='lat' dir='ltr'><strong>imperato-</strong></span> 
     </span>
     <span class='ocr_line' id='line_1_41' title="bbox 227 2502 1695 2552; baseline -0.003 -13"><span class='ocrx_word' id='word_1_377' title='bbox 227 2517 299 2540; x_wconf 89' lang='lat' dir='ltr'><strong>rem</strong></span> <span class='ocrx_word' id='word_1_378' title='bbox 322 2506 483 2540; x_wconf 80' lang='lat' dir='ltr'><strong>Terteri:</strong></span> <span class='ocrx_word' id='word_1_379' title='bbox 518 2508 579 2541; x_wconf 87' lang='lat' dir='ltr'><strong>sed</strong></span> <span class='ocrx_word' id='word_1_380' title='bbox 603 2508 687 2542; x_wconf 87' lang='lat' dir='ltr'><strong>solio</strong></span> <span class='ocrx_word' id='word_1_381' title='bbox 714 2513 865 2543; x_wconf 85' lang='lat' dir='ltr'><strong>cesserat</strong></span> <span class='ocrx_word' id='word_1_382' title='bbox 887 2508 1007 2542; x_wconf 87' lang='lat' dir='ltr'><strong>Tzaca</strong></span> <span class='ocrx_word' id='word_1_383' title='bbox 1029 2507 1169 2552; x_wconf 87' lang='lat' dir='ltr'><strong>primum</strong></span> <span class='ocrx_word' id='word_1_384' title='bbox 1191 2505 1432 2551; x_wconf 77' lang='lat' dir='ltr'><strong>praevalente3</strong></span> <span class='ocrx_word' id='word_1_385' title='bbox 1467 2514 1546 2536; x_wconf 88' lang='lat' dir='ltr'><strong>mox</strong></span> <span class='ocrx_word' id='word_1_386' title='bbox 1568 2513 1589 2536; x_wconf 91' lang='lat' dir='ltr'><strong>a</strong></span> <span class='ocrx_word' id='word_1_387' title='bbox 1611 2502 1695 2535; x_wconf 82' lang='lat' dir='ltr'><strong>sub-</strong></span> 
     </span>
     <span class='ocr_line' id='line_1_42' title="bbox 225 2549 1695 2599; baseline -0.003 -14"><span class='ocrx_word' id='word_1_388' title='bbox 225 2551 417 2586; x_wconf 77' lang='lat' dir='ltr'><strong>insinuante</strong></span> <span class='ocrx_word' id='word_1_389' title='bbox 447 2564 524 2587; x_wconf 85' lang='lat' dir='ltr'><strong>sese</strong></span> <span class='ocrx_word' id='word_1_390' title='bbox 547 2554 850 2599; x_wconf 86' lang='lat' dir='ltr'><strong>Osphentisthlabo</strong></span> <span class='ocrx_word' id='word_1_391' title='bbox 869 2554 968 2588; x_wconf 86' lang='lat' dir='ltr'><strong>initio</strong></span> <span class='ocrx_word' id='word_1_392' title='bbox 991 2554 1124 2599; x_wconf 90' lang='lat' dir='ltr'><strong>quidem</strong></span> <span class='ocrx_word' id='word_1_393' title='bbox 1145 2553 1305 2592; x_wconf 72' lang='lat' dir='ltr'><strong>Tzame,</strong></span> <span class='ocrx_word' id='word_1_394' title='bbox 1335 2549 1391 2583; x_wconf 88' lang='lat' dir='ltr'><strong>cui</strong></span> <span class='ocrx_word' id='word_1_395' title='bbox 1418 2549 1581 2594; x_wconf 85' lang='lat' dir='ltr'><strong>parebat,</strong></span> <span class='ocrx_word' id='word_1_396' title='bbox 1613 2558 1695 2592; x_wconf 84' lang='lat' dir='ltr'><strong>gra-</strong></span> 
     </span>
     <span class='ocr_line' id='line_1_43' title="bbox 226 2593 1694 2644; baseline -0.004 -12"><span class='ocrx_word' id='word_1_397' title='bbox 226 2598 299 2640; x_wconf 84' lang='lat' dir='ltr'><strong>tia,</strong></span> <span class='ocrx_word' id='word_1_398' title='bbox 341 2597 465 2633; x_wconf 86' lang='lat' dir='ltr'><strong>deinde</strong></span> <span class='ocrx_word' id='word_1_399' title='bbox 505 2599 628 2644; x_wconf 89' lang='lat' dir='ltr'><strong>opibus</strong></span> <span class='ocrx_word' id='word_1_400' title='bbox 660 2601 832 2635; x_wconf 82' lang='lat' dir='ltr'><strong>dotalibus</strong></span> <span class='ocrx_word' id='word_1_401' title='bbox 862 2599 1010 2635; x_wconf 81' lang='lat' dir='ltr'><strong>conflata</strong></span> <span class='ocrx_word' id='word_1_402' title='bbox 1050 2598 1201 2634; x_wconf 86' lang='lat' dir='ltr'><strong>factione</strong></span> <span class='ocrx_word' id='word_1_403' title='bbox 1239 2598 1390 2631; x_wconf 83' lang='lat' dir='ltr'><strong>Tzacam</strong></span> <span class='ocrx_word' id='word_1_404' title='bbox 1423 2606 1558 2640; x_wconf 90' lang='lat' dir='ltr'><strong>quoque</strong></span> <span class='ocrx_word' id='word_1_405' title='bbox 1584 2593 1694 2639; x_wconf 88' lang='lat' dir='ltr'><strong>ipsum</strong></span> 
     </span>
     <span class='ocr_line' id='line_1_44' title="bbox 228 2641 1696 2691; baseline -0.003 -13"><span class='ocrx_word' id='word_1_406' title='bbox 228 2643 434 2689; x_wconf 84' lang='lat' dir='ltr'><strong>deiiciente,</strong></span> <span class='ocrx_word' id='word_1_407' title='bbox 465 2645 618 2679; x_wconf 84' lang='lat' dir='ltr'><strong>funditus</strong></span> <span class='ocrx_word' id='word_1_408' title='bbox 650 2657 789 2681; x_wconf 86' lang='lat' dir='ltr'><strong>eversus</strong></span> <span class='ocrx_word' id='word_1_409' title='bbox 822 2651 1022 2691; x_wconf 85' lang='lat' dir='ltr'><strong>amotusque</strong></span> <span class='ocrx_word' id='word_1_410' title='bbox 1052 2657 1072 2680; x_wconf 88' lang='lat' dir='ltr'><strong>e</strong></span> <span class='ocrx_word' id='word_1_411' title='bbox 1102 2644 1212 2678; x_wconf 88' lang='lat' dir='ltr'><strong>medio</strong></span> <span class='ocrx_word' id='word_1_412' title='bbox 1234 2644 1360 2677; x_wconf 80' lang='lat' dir='ltr'><strong>fuerat.</strong></span> <span class='ocrx_word' id='word_1_413' title='bbox 1405 2641 1494 2675; x_wconf 89' lang='lat' dir='ltr'><strong>hunc</strong></span> <span class='ocrx_word' id='word_1_414' title='bbox 1516 2652 1599 2685; x_wconf 87' lang='lat' dir='ltr'><strong>ergo</strong></span> <span class='ocrx_word' id='word_1_415' title='bbox 1622 2641 1696 2674; x_wconf 78' lang='lat' dir='ltr'><strong>Ra-</strong></span> 
     </span>
     <span class='ocr_line' id='line_1_45' title="bbox 228 2684 1697 2738; baseline -0.003 -14"><span class='ocrx_word' id='word_1_416' title='bbox 228 2690 446 2725; x_wconf 86' lang='lat' dir='ltr'><strong>dosthlabum</strong></span> <span class='ocrx_word' id='word_1_417' title='bbox 476 2691 660 2737; x_wconf 88' lang='lat' dir='ltr'><strong>imperator</strong></span> <span class='ocrx_word' id='word_1_418' title='bbox 691 2698 874 2738; x_wconf 87' lang='lat' dir='ltr'><strong>postquam</strong></span> <span class='ocrx_word' id='word_1_419' title='bbox 899 2692 943 2727; x_wconf 88' lang='lat' dir='ltr'><strong>ad</strong></span> <span class='ocrx_word' id='word_1_420' title='bbox 973 2702 1050 2726; x_wconf 80' lang='lat' dir='ltr'><strong>sese</strong></span> <span class='ocrx_word' id='word_1_421' title='bbox 1072 2689 1321 2735; x_wconf 84' lang='lat' dir='ltr'><strong>confugientem</strong></span> <span class='ocrx_word' id='word_1_422' title='bbox 1343 2688 1537 2733; x_wconf 85' lang='lat' dir='ltr'><strong>excepisset</strong></span> <span class='ocrx_word' id='word_1_423' title='bbox 1559 2684 1697 2721; x_wconf 85' lang='lat' dir='ltr'><strong>honori-</strong></span> 
     </span>
     <span class='ocr_line' id='line_1_46' title="bbox 229 2734 1699 2783; baseline -0.003 -14"><span class='ocrx_word' id='word_1_424' title='bbox 229 2736 314 2778; x_wconf 89' lang='lat' dir='ltr'><strong>fice,</strong></span> <span class='ocrx_word' id='word_1_425' title='bbox 339 2748 381 2771; x_wconf 86' lang='lat' dir='ltr'><strong>ac</strong></span> <span class='ocrx_word' id='word_1_426' title='bbox 403 2737 435 2771; x_wconf 91' lang='lat' dir='ltr'><strong>ei</strong></span> <span class='ocrx_word' id='word_1_427' title='bbox 458 2738 797 2773; x_wconf 77' lang='lat' dir='ltr'><strong>sebastocratoricam</strong></span> <span class='ocrx_word' id='word_1_428' title='bbox 821 2739 1055 2773; x_wconf 85' lang='lat' dir='ltr'><strong>confirmasset</strong></span> <span class='ocrx_word' id='word_1_429' title='bbox 1077 2739 1302 2783; x_wconf 79' lang='lat' dir='ltr'><strong>potestatem,</strong></span> <span class='ocrx_word' id='word_1_430' title='bbox 1324 2734 1480 2769; x_wconf 89' lang='lat' dir='ltr'><strong>idoneum</strong></span> <span class='ocrx_word' id='word_1_431' title='bbox 1499 2737 1595 2767; x_wconf 85' lang='lat' dir='ltr'><strong>ratus</strong></span> <span class='ocrx_word' id='word_1_432' title='bbox 1616 2742 1699 2777; x_wconf 85' lang='lat' dir='ltr'><strong>pto-</strong></span> 
     </span>
     <span class='ocr_line' id='line_1_47' title="bbox 230 2777 1698 2829; baseline -0.001 -15"><span class='ocrx_word' id='word_1_433' title='bbox 230 2783 402 2818; x_wconf 84' lang='lat' dir='ltr'><strong>movendis</strong></span> <span class='ocrx_word' id='word_1_434' title='bbox 423 2783 605 2819; x_wconf 71' lang='lat' dir='ltr'><strong>Michaelis</strong></span> <span class='ocrx_word' id='word_1_435' title='bbox 628 2785 766 2829; x_wconf 85' lang='lat' dir='ltr'><strong>spebus,</strong></span> <span class='ocrx_word' id='word_1_436' title='bbox 779 2785 909 2820; x_wconf 77' lang='lat' dir='ltr'><strong>remisit</strong></span> <span class='ocrx_word' id='word_1_437' title='bbox 919 2783 1176 2826; x_wconf 85' lang='lat' dir='ltr'><strong>Thessalonica,</strong></span> <span class='ocrx_word' id='word_1_438' title='bbox 1195 2782 1255 2817; x_wconf 90' lang='lat' dir='ltr'><strong>ubi</strong></span> <span class='ocrx_word' id='word_1_439' title='bbox 1277 2785 1358 2816; x_wconf 89' lang='lat' dir='ltr'><strong>tunc</strong></span> <span class='ocrx_word' id='word_1_440' title='bbox 1381 2785 1470 2823; x_wconf 85' lang='lat' dir='ltr'><strong>erat,</strong></span> <span class='ocrx_word' id='word_1_441' title='bbox 1492 2781 1527 2815; x_wconf 89' lang='lat' dir='ltr'><strong>in</strong></span> <span class='ocrx_word' id='word_1_442' title='bbox 1550 2777 1698 2824; x_wconf 85' lang='lat' dir='ltr'><strong>patriam</strong></span> 
     </span>
    </p>
   </div>
  </div>
 </body>
</html>
